1912 3292
417 266 650 314 LIBER
705 262 1089 320 QUARTUS.

1408 276 1498 314 311

152 397 196 439 Si
216 398 305 453 quis
324 397 428 438 forte
446 409 573 436 manu
592 409 793 450 premere,
815 408 863 434 ac
883 394 1048 443 siccare,
1071 394 1218 450 co'epit.

147 471 267 523 Inde,
290 470 400 528 quod
420 469 703 523 exprimimus,
725 482 800 523 per
819 467 953 509 caulas
973 482 1096 509 omne
1116 470 1239 523 palati

31 548 113 586 625
144 546 332 595 Diditur,
353 551 394 585 et
414 559 519 585 rarae
537 559 612 599 per
631 543 752 599 plexa
771 541 975 584 foramina
993 542 1159 599 linguae.

145 620 259 669 Hoc,
282 619 353 660 ubi
372 618 490 660 laevia
509 626 604 660 sunt
623 624 839 659 manantes
859 631 1035 671 corpora
1057 616 1159 666 suci,

144 694 332 736 Suaviter
351 694 588 750 adtingunt,
611 701 652 735 et
672 693 847 735 suaviter
867 692 1009 734 omnia
1028 697 1223 742 tractant,

141 767 334 809 Humida
354 767 514 825 linguai
531 768 686 809 circum
707 767 897 809 sudantia
917 765 1088 821 templa:

139 841 199 883 At
219 848 364 884 contra
383 849 577 898 pungunt
597 856 776 893 sensum,
798 841 1075 897 lacerantque,
1098 846 1257 890 coorta,

0 998 35 1029 de
49 1008 131 1029 carn.
154 1009 183 1039 p.
207 1002 280 1031 252.
303 1003 514 1031 ΑΡΔΟΜΕΝΑ
532 1013 590 1042 ’γαρ
606 1000 661 1031 ὕπο
678 1012 729 1034 τῆς

0 1055 160 1087 Trocmi,
183 1054 303 1091 αυξεται
329 1053 456 1090 ἔκαστοι,
483 1066 516 1083 ⁴⁷¹0
543 1054 656 1094 θερμον,
680 1066 731 1083 και

0 1116 29 1133 ῃ
54 1105 287 1146 ’ψυχρᾶν-κτλ.
332 1104 430 1135 Unde
457 1104 550 1135 Philo
583 1104 729 1142 Judaeus,

0 1155 35 1186 de
50 1156 159 1187 mund.
174 1157 343 1196 Incorrupt.
355 1167 385 1196 p.
400 1160 473 1188 506.
489 1157 729 1198 exquisitissimo

0 1217 26 1241 et
37 1211 347 1252 magnificentissimo
358 1222 475 1252 genere
490 1211 617 1242 dicendi
633 1211 727 1250 scrip-

0 1268 188 1295 ἰοΥι-αλλα
215 1277 264 1294 και
295 1277 347 1298 «τῆς
374 1266 465 1302 εξωέεν
491 1262 638 1306 αρδομενης
667 1277 728 1305 -rpo-

0 1322 98 1355 pn5—.
133 1316 223 1346 Hinc
248 1316 404 1356 percipere
426 1316 562 1356 quiveris
583 1321 728 1346 venusta-

0 1372 60 1396 tem
88 1367 271 1405 Jamblichi‚
303 1368 354 1398 vit.
383 1368 476 1407 Pyth.
512 1374 582 1398 sect.
613 1372 666 1398 66.
690 1367 730 1397 de

0 1420 122 1450 musicis
150 1420 423 1460 Pythagoreorum
454 1420 729 1451 exercitationibus

0 1472 87 1501 verba
101 1470 353 1511 facientisz—oecp’
376 1473 407 1505 ἧς
432 1476 668 1502 ΑΡΔΟΜΕΝΟΣ
691 1473 727 1505 ὡς

0 1534 56 1563 περ,
80 1534 131 1552 και
157 1535 204 1552 τον
231 1534 269 1552 ’τε
298 1535 328 1553 νε
353 1529 441 1562 λογον
465 1534 729 1561 ευτοεκτεμενας-.

0 1575 159 1612 irrigatus,
175 1578 207 1603 et
221 1573 389 1610 enutritus,
405 1574 502 1613 quasi.

0 1625 79 1660 Quae
105 1624 244 1654 diximus
269 1624 310 1654 ad
340 1625 425 1654 hunc
451 1624 558 1654 locum
584 1624 623 1654 de
648 1625 727 1654 cibo-

0 1687 66 1706 rum
83 1678 274 1715 irrigatione,
298 1686 355 1705 nec
376 1675 456 1705 levia
472 1686 558 1713 sane,
583 1685 642 1705 nec
658 1685 728 1713 pro-

0 1727 81 1766 trita,
103 1727 271 1757 illustrabit
285 1727 369 1767 vulg.
385 1737 460 1757 vers.
483 1726 556 1757 bibl.
572 1727 613 1756 ad
630 1727 729 1756 Num.

0 1779 39 1809 xi.
56 1782 85 1809 6.
116 1782 139 1797 “
159 1778 278 1808 Anima
308 1784 413 1809 nostra
443 1780 535 1808 arida
559 1783 622 1815 est;
652 1777 733 1807 nihil

0 1836 22 1851 “
38 1832 125 1862 aliud
151 1833 321 1872 respiciunt
334 1833 417 1863 oculi
428 1833 525 1863 nostri
537 1832 596 1862 nisi.
608 1832 688 1862 Man
700 1831 731 1862 :'‘

0 1885 20 1915 i.
36 1895 62 1915 e.
85 1886 192 1915 anima
219 1891 326 1915 nostra
348 1895 414 1915 non
437 1886 531 1915 habet
545 1884 585 1914 ad
608 1894 732 1915 vescen-

0 1937 77 1968 dum
93 1947 211 1975 carnes,
235 1947 370 1978 quarum
384 1939 466 1968 sucis
482 1947 518 1967 ea
533 1939 690 1977 irrigetur.

42 1989 120 2019 Ver.
139 1993 210 2020 622.
233 1990 346 2029 aqua'i:
373 1988 472 2018 Vind.
490 1995 531 2019 Π.
546 1999 640 2028 aqua.

41 2041 117 2071 Ver.
135 2044 206 2071 625.
229 2051 266 2071 ac
280 2043 398 2071 siccare
413 2042 519 2080 co‘e‘pz‘t.
544 2040 595 2070 Ita
605 2039 734 2070 mallem

1 2092 134 2124 scribere
149 2092 189 2122 ad
211 2092 394 2123 inusitatam
417 2092 553 2122 formam
575 2092 671 2130 vocis,
694 2092 734 2122 de

1 2144 64 2186 qua
89 2151 215 2184 propter
237 2144 428 2184 paucitatem
454 2144 670 2186 reliquiarum,
694 2146 732 2175 ab

1 2196 185 2237 antiquitate
200 2196 396 2234 traditarum,
419 2196 526 2226 minus
552 2195 657 2226 idonei
681 2206 733 2226 su-

2 2258 74 2278 mus
97 2258 183 2278 nunc
209 2248 332 2279 dierum
352 2248 484 2289 judices,
512 2259 607 2289 quam
623 2248 733 2278 fidissi-

0 2310 129 2330 morum
154 2300 334 2330 testimonia
359 2310 472 2340 susque
496 2300 595 2341 deque
619 2301 732 2329 habere

0 2351 157 2382 codicum:
184 2351 224 2381 ad
241 2353 327 2381 hunc
353 2351 439 2381 enim
452 2361 572 2381 morem
588 2351 731 2381 luculen-

1 2407 50 2432 ter
66 2408 228 2432 exaratum
242 2408 289 2432 est
313 2402 347 2432 in
374 2402 471 2432 Vind.
496 2403 539 2432 V.
566 2402 614 2432 ed.
643 2403 678 2432 Β.
696 2403 733 2432 L.

6 2455 53 2484 M.
72 2454 110 2485 O.
129 2460 163 2484 Δ.
182 2462 221 2485 Π.
237 2459 270 2485 Σ.
287 2461 330 2485 Ω.
347 2454 494 2484 omnibus
505 2454 641 2494 denique
657 2465 735 2494 prae-

4 2512 52 2535 ter
68 2505 104 2535 P.
120 2505 174 2546 qui
189 2505 294 2541 edidit,
320 2507 528 2546 eoesiccareqzee
543 2507 650 2545 coepz'c:
680 2506 734 2536 sed

4 2568 100 2588 nemo
115 2558 194 2587 mihi
219 2558 449 2597 persuasionem
474 2557 585 2596 eripiet
606 2559 664 2587 hoc
680 2557 733 2588 de-

3 2609 71 2639 beri
100 2609 332 2644 correctoribus,
371 2620 449 2649 quos
475 2609 608 2639 editores
637 2610 733 2640 secuti

5 2666 80 2691 sunt
94 2660 238 2692 libenter.
287 2661 385 2691 Nobis
401 2661 501 2691 visum
524 2668 570 2692 est
586 2662 733 2693 tutiorem

6 2712 88 2743 viam
104 2713 239 2754 ingredi,
266 2714 407 2754 quamvis
430 2725 493 2744 non
514 2714 615 2745 adhuc
630 2715 663 2745 in
680 2726 732 2745 ex-

4 2765 148 2805 emplum
162 2766 323 2807 quidpiam
338 2778 404 2796 rem
420 2768 557 2806 propius,
583 2768 629 2798 uti
645 2768 733 2798 valde

6 2819 167 2856 vellemus,
184 2822 351 2862 attingens,
368 2821 582 2851 inciderimus.
623 2822 732 2852 Docti-

8 2881 76 2901 ores
91 2881 143 2901 me
157 2872 261 2903 forsan
271 2872 429 2903 codicibus
445 2873 642 2910 fidelissimis,
659 2884 732 2904 con-

6 2922 272 2964 sentientibusque
286 2925 319 2954 in
342 2925 473 2955 lectione
489 2925 598 2964 posita,
626 2927 734 2956 subve-

7 2973 75 3003 nire
90 2980 235 3012 poterunt
241 2987 250 3013 3
272 2986 404 3017 quorum
416 2977 588 3017 patrocinio
597 2978 735 3009 Lucretii

49 3035 138 3065 VoL.
159 3035 205 3065 H.
731 3039 761 3068 X

774 1007 916 1028 caussam
930 995 1196 1027 conmuendamus.
1238 995 1379 1032 Vossius,
1395 995 1435 1027 de
1449 1001 1505 1027 art.

774 1059 908 1090 gramm.
930 1048 950 1078 i.
967 1051 1017 1078 18.
1032 1058 1061 1087 p.
1078 1050 1128 1079 75.
1153 1047 1258 1078 simile
1272 1048 1391 1089 aliquid
1405 1053 1507 1078 tenta-

774 1103 828 1132 bat
842 1101 876 1130 in
890 1100 910 1131 i.
927 1103 976 1131 72.
993 1099 1100 1139 legens
1114 1100 1222 1135 cu'z'ret,
1247 1099 1267 1130 i.
1283 1110 1309 1130 e.
1323 1100 1433 1140 quiret,
1450 1110 1507 1139 pro

772 1154 909 1192 cupirel5
937 1151 990 1181 sed
1015 1151 1136 1181 curiose
1158 1155 1188 1180 et
1211 1150 1375 1189 inutiliter,
1398 1157 1507 1181 contra

772 1205 868 1235 libros
883 1204 989 1239 etiam,
1007 1213 1065 1233 nec
1082 1203 1149 1233 sine
1163 1203 1266 1232 multo
1287 1202 1396 1232 sensus
1410 1203 1507 1242 ipsius

773 1256 970 1286 detrimento.
1018 1256 1143 1293 Cupiret
1160 1263 1285 1292 nempe,
1309 1257 1332 1271 “
1348 1253 1452 1283 studio
1475 1258 1508 1283 et

779 1311 801 1326 “
815 1306 986 1337 ambitione
997 1310 1156 1335 teneretur
1167 1310 1233 1334 tam
1247 1303 1375 1344 gloriosi
1388 1304 1506 1334 facino-

774 1361 797 1377 “
813 1358 855 1388 ris
883 1356 1099 1397 perficiendi.”
1148 1355 1264 1386 Videas
1290 1356 1418 1395 insuper
1444 1365 1505 1386 ver.

774 1413 866 1441 1150.
882 1410 1014 1450 hujusce
1029 1409 1109 1439 libri.

775 1463 946 1500 Caeterum,
969 1464 1086 1493 siccare
1117 1463 1205 1500 coepz't
1233 1460 1435 1491 usitatissima
1459 1466 1507 1490 est

774 1513 938 1553 utriusque.
960 1513 1080 1551 linguae
1104 1513 1303 1551 scriptoribus
1328 1512 1507 1542 redundan-

775 1565 829 1601 tia,
853 1574 910 1602 pro
931 1565 1058 1594 siccavit
1080 1563 1229 1602 simplice.
1277 1563 1357 1593 Satis
1379 1564 1419 1593 sit
1439 1568 1509 1602 post

776 1614 959 1655 Hyginum,
975 1614 1039 1644 fab.
1057 1614 1146 1644 clxiV.
1174 1618 1195 1633 “
1208 1615 1254 1644 At
1266 1615 1435 1654 Neptunus
1446 1615 1507 1644 ira-

774 1671 797 1686 “
813 1674 864 1698 tus
878 1669 911 1697 in
927 1678 997 1698 eam
1020 1673 1135 1697 terram
1159 1678 1246 1698 mare
1269 1670 1356 1707 caepz't
1380 1668 1510 1708 irrigare

775 1723 797 1737 ‘⁶
812 1718 969 1749 velle—:’'
994 1719 1151 1757 specimen
1176 1719 1334 1759 singulare
1349 1729 1387 1749 ex
1399 1719 1507 1760 Virgi-

774 1770 819 1800 lio
834 1769 1042 1808 adscripsisse,
1060 1779 1128 1809 geo.
1146 1773 1174 1799 1.
1191 1772 1219 1800 5.

871 1837 939 1861 Hinc
951 1844 1040 1861 canere
1049 1836 1214 1868 incipiam—.-

776 1913 851 1933 nam
866 1901 952 1940 alibi,
970 1901 1031 1932 nisi
1045 1901 1197 1937 fallimur,
1213 1911 1281 1931 rem
1295 1901 1465 1942 tetigimus.

821 1954 895 1984 Ver.
915 1957 986 1985 625.
1010 1955 1163 1984 Diditur:
1182 1960 1222 1984 Π.
1238 1955 1508 1995 Dividitur.——per

773 2009 861 2046 pleaea
872 2020 882 2036 .·
908 2006 944 2036 P.
962 2005 1058 2035 Vind.
1077 2005 1117 2035 V.
1133 2004 1181 2035 ed.
1199 2005 1239 2035 O.
1256 2007 1418 2044 perpleoea;
1443 2016 1508 2037 non

777 2058 1017 2089 male—Modo
1033 2059 1070 2088 Β.
1083 2059 1226 2097 palatim,
1241 2068 1298 2097 pro
1309 2061 1422 2098 palati.

821 2111 898 2141 Ver.
915 2114 989 2141 626.
1014 2111 1102 2141 Ηοε.·
1124 2110 1160 2140 P.
1177 2110 1274 2141 Vind.
1287 2111 1329 2141 V.
1345 2111 1393 2142 ed.
1411 2111 1451 2142 O.
1466 2118 1508 2144 Π.

778 2167 812 2194 Σ.
839 2162 915 2192 dant
947 2163 1043 2198 Haec,·
1070 2161 1211 2192 indocte:
1240 2162 1354 2192 redeas
1382 2163 1422 2193 ad
1445 2173 1506 2194 ver.

778 2217 1076 2246 557.—-manantes:
1096 2214 1195 2244 Vind.
1215 2214 1254 2245 O.
1272 2220 1306 2245 Δ.
1325 2220 1357 2246 Σ.
1374 2227 1508 2246 manan-

778 2268 824 2301 tis,
849 2271 884 2295 ut
899 2276 1083 2296 communes
1098 2265 1181 2301 editi,
1205 2266 1313 2296 minus
1335 2266 1503 2307 exquisite:

778 2324 818 2348 Π.
834 2317 1128 2348 manentia—Hinc
1143 2323 1249 2348 autem
1266 2318 1340 2348 libet
1350 2318 1382 2347 in
1394 2317 1508 2347 transi-

777 2378 811 2401 tu
821 2371 1025 2411 glossatorem
1034 2379 1168 2402 veterem
1180 2383 1366 2412 expurgare:
1388 2377 1409 2390 “
1424 2373 1505 2408 Hoc,

780 2425 802 2440 “
819 2436 902 2460 τετο,
920 2423 1033 2454 ‘ranst’
1058 2423 1139 2464 lego,
1165 2428 1186 2442 “
1205 2425 1288 2460 Hoc,
1307 2437 1388 2460 ‹rem-o,
1412 2430 1505 2454 ΤΟΥ-

779 2477 802 2492 “
820 2474 915 2518 Τῼ..”
940 2474 1024 2505 Vide
1043 2475 1140 2506 Hom.
1160 2475 1196 2505 11.
1216 2482 1236 2506 1.
1255 2479 1325 2506 100.

822 2526 896 2556 Ver.
918 2529 993 2557 627.
1018 2532 1170 2557 tractant.-
1197 2527 1216 2556 i.
1241 2537 1266 2556 e.
1292 2532 1434 2566 tangunt,
1458 2531 1504 2556 at-

778 2587 838 2618 que
864 2577 951 2616 quasi
978 2579 1239 2619 μεταχειριζονται.
1264 2578 1506 2618 Elegantissime

777 2631 950 2667 Juvencus,
966 2640 1074 2670 evang.
1090 2630 1159 2660 hist.
1176 2630 1194 2660 i.
1210 2634 1282 2660 521.

793 2710 985 2742 Corporeisque
997 2710 1073 2734 oculis
1084 2711 1176 2735 lumen
1187 2714 1297 2735 tractare
1307 2718 1432 2736 serenum

792 2751 923 2776 Omnibus
934 2750 1059 2782 indulget
1070 2751 1195 2780 Genitor,
1205 2751 1384 2782 dominusque
1393 2751 1493 2776 salutis.

780 2825 959 2862 Conlz'ngere
977 2821 1119 2853 Catullus
1133 2822 1220 2858 dixit,
1236 2822 1307 2853 lxiv.
1327 2826 1399 2854 409.

821 2877 895 2906 Ver.
911 2879 982 2906 628.
1009 2877 1150 2906 Humida
1177 2878 1312 2915 lingua'z’:
1344 2875 1437 2906 Vind.
1462 2882 1503 2907 Π.

783 2929 940 2958 Hmnida'z'
953 2929 1080 2967 lingum
1109 2927 1147 2957 V.
1161 2927 1208 2958 ed.
1226 2927 1263 2957 B.
1279 2928 1317 2958 O.
1335 2933 1369 2958 Δ.
1388 2929 1504 2958 Humi-

779 2981 835 3010 ‹la'z'
849 2981 980 3019 lingum·
997 2984 1190 3019 portentosos
1205 2978 1295 3018 plane
1310 2989 1365 3019 per
1379 2988 1503 3010 errores.
