1912 3292
524 219 756 267 LIBER
810 218 1160 269 TERTIUS.

1489 235 1578 274 155

232 353 398 410 Frigida
416 363 537 405 quem
558 348 680 389 semel
698 355 759 389 est
778 348 879 389 vitai'
895 363 1023 403 pausa
1043 358 1224 406 sequuta.

284 425 489 480 Denique,
511 422 543 463 si
563 436 705 464 vocem
725 437 864 464 rerum
886 423 1047 465 Natura
1065 433 1234 480 repente

111 506 194 541 045
227 499 384 549 Mittat,
406 505 447 539 et
465 497 579 539 hocc’
600 497 754 554 aliquoi
773 497 962 539 nostrum
982 499 1039 539 sic
1059 499 1245 555 increpet
1263 500 1365 555 ipsa:

225 580 255 600 “
277 571 392 621 Quid
411 572 486 613 tibi
505 579 622 613 tanto
641 587 766 628 opere
785 580 860 624 est,
883 572 1092 625 Mortalis,
1116 573 1231 630 quod
1251 575 1373 617 nimis
1393 576 1513 633 aegris

221 653 251 673 “
273 647 473 688 Luctibus
492 647 701 705 indulges?
735 647 851 698 Quid
870 655 1046 690 mortem
1066 649 1292 706 congemis,
1324 665 1371 691 ac
1391 650 1486 692 fles?

219 727 250 747 “
274 720 398 771 Nam,
419 729 583 778 gratum
604 722 725 764 fuerit
745 722 819 764 tibi
839 723 922 764 vita
941 732 1036 765 ante
1056 731 1161 774 acta,
1185 724 1397 780 priorque,

73 880 174 914 vadz't;
199 883 236 908 ut
250 877 283 908 id
297 888 444 908 moneam
458 878 493 909 in
515 878 656 910 transitu.
703 880 797 910 Cree-

37 944 41 948 -
72 929 160 960 chius
185 929 279 960 etiam
303 932 478 970 empergebat
499 930 630 970 protulit
643 941 682 961 ex
701 931 796 962 Gellii

72 981 110 1011 vi.
129 984 176 1012 10.
199 981 253 1011 ubi
267 980 371 1012 videas
388 982 603 1021 Gronovium;
617 989 649 1013 et
664 983 798 1023 Apulei-

72 1042 110 1062 us
121 1031 280 1063 multoties
294 1032 429 1064 dictione
444 1044 520 1064 usus
534 1040 590 1065 est.

71 1084 123 1114 Ex
137 1084 197 1114 hac
212 1089 316 1114 autem
326 1085 510 1126 gravissima
521 1085 648 1127 quidem
659 1086 794 1123 veritate,

31 1168 33 1170 ,
69 1145 166 1176 quam
182 1137 271 1167 nobis
296 1137 461 1168 Lucretius
481 1139 635 1176 obmovet,
657 1139 797 1178 pendent

71 1187 204 1218 Achiuis
219 1194 327 1228 stupor
340 1195 433 1230 atque
447 1189 612 1221 admiratio
633 1189 666 1220 in
688 1191 792 1230 po'e'ta-

70 1248 141 1268 rum
157 1239 307 1280 principe,
324 1240 362 1270 Il.
381 1247 418 1271 Φ.
436 1243 485 1272 54.

109 1324 134 1348 Ω
145 1333 223 1354 πωπω,
231 1335 247 1353 η
255 1334 330 1358 faya
338 1325 439 1359 θωυμαι
447 1325 498 1351 ‘rob'
506 1326 680 1359 ooesoemmm
690 1326 794 1361 ὄρωμοα·

107 1372 130 1395 Η
142 1376 224 1405 μαλω
234 1372 264 1401 δη
277 1375 359 1408 Τρωες
369 1378 550 1409 μεγαληγορες,
564 1374 602 1402 0:53
613 1384 654 1409 περ
664 1382 764 1407 estavar,

105 1419 183 1448 Aua-15
194 1429 382 1450 αναστησονται
393 1421 438 1447 ὑπο
450 1420 509 1455 ζοςε
520 1431 643 1457 κεροεντις.

65 1493 109 1525 Et
122 1493 156 1524 in
171 1501 349 1526 transcursu
371 1495 446 1527 libet
459 1497 577 1528 oraculi
592 1497 709 1537 primos
723 1508 790 1528 ver-

65 1556 130 1586 sus,
158 1548 243 1587 apud
273 1548 444 1588 Stobaeum‚
479 1550 535 1580 ecl.
557 1551 643 1590 phyS.
664 1561 694 1590 p.
721 1554 790 1582 128.

61 1598 290 1631 emendatiores
303 1600 346 1630 lin
351 1611 458 1642 quere:

102 1675 188 1708 Σωμα.
199 1676 276 1708 λυθεν,
286 1678 377 1712 ψυχὴν
389 1688 416 1704 τε
428 1683 496 1705 λαῖον
504 1680 572 1711 ἨΝ,
587 1680 789 1724 KrffnorENI-x-

215 1727 294 1756 ΘΕΝ,

98 1774 154 1798 Ουκ
166 1782 199 1799 sm
211 1783 267 1808 προς
277 1776 367 1806 βωτωο
376 1775 542 1810 σαλινδραμον
554 1775 636 1800 ΕῘΔΕ
647 1775 755 1803 κελευθον
765 1784 775 1800 .·

62 1846 104 1877 ad
118 1856 263 1878 normam
277 1848 444 1879 locutionis
465 1849 497 1879 in
523 1849 552 1880 S.
575 1850 653 1881 Luc.
669 1850 712 1881 ix.
735 1854 786 1883 55.

60 1899 230 1939 Apuleius,
260 1907 333 1932 met.
362 1902 400 1932 vi.
431 1912 460 1941 p.
489 1905 561 1932 415.
596 1906 618 1921 “
634 1903 730 1940 Nam,
761 1903 787 1934 si

62 1953 84 1968 “
100 1950 226 1989 spiritus
240 1961 368 1991 corpore
380 1958 437 1983 tuo
451 1953 547 1983 semel
561 1952 654 1984 fuerit
664 1954 786 1995 sejuga-

59 2005 82 2021 “
99 2007 162 2041 tuS,
188 2002 248 2033 ibis
270 2003 398 2044 quidem
414 2004 553 2043 profecto
576 2004 612 2046 (f.
629 2004 784 2046 profecta)

58 2057 82 2072 “
98 2054 139 2085 ad
168 2055 270 2085 imum
299 2054 479 2094 Tartarum,
510 2055 564 2086 sed
592 2055 667 2086 inde
697 2056 786 2087 nullo

59 2108 82 2125 “
97 2112 188 2146 pacto
202 2106 302 2137 redire
324 2106 468 2146 poteris.”

56 2158 236 2196 spectantia,
252 2157 393 2188 editores.
437 2157 521 2189 Vide
534 2168 601 2195 noS,
618 2158 658 2189 ad
673 2159 783 2199 Eurip.

58 2208 154 2238 Herc.
169 2208 230 2239 fur.
244 2212 317 2242 296.

99 2260 175 2290 Ver.
191 2264 262 2292 945.
283 2262 361 2291 vita'i
369 2271 490 2300 pausa.-
517 2261 537 2292 i.
553 2271 580 2291 e.
605 2272 702 2292 mors:
729 2262 782 2293 sed

57 2311 215 2350 epitheton
246 2314 388 2352 Frigida,
418 2312 503 2353 quod
532 2313 625 2343 morti
654 2313 782 2352 pulchre

59 2363 215 2399 convenit,
230 2363 266 2393 fit
279 2363 436 2399 audacius,
452 2364 529 2395 dum
545 2365 715 2404 periphrasi
729 2376 781 2396 eo-

57 2414 131 2444 dem
145 2413 240 2444 modo
264 2415 530 2446 accommodatur:
556 2415 655 2455 po'etis
676 2421 782 2447 tamen

54 2467 120 2497 haec
130 2467 221 2498 venia
230 2477 293 2498 non
303 2478 384 2508 aegre
396 2468 532 2508 permitti
543 2468 629 2499 solet.
646 2468 664 2499 Ι
666 2474 779 2506 nterea,

55 2518 220 2559 Virgilius,
237 2520 312 2550 AEn.
327 2520 366 2550 iv.
381 2522 453 2552 585.

93 2600 136 2630 Et,
147 2607 231 2632 quum
235 2600 339 2633 frigida
350 2607 415 2626 mors
426 2601 516 2627 anima
526 2602 664 2628 seduxerit
673 2605 756 2633 artus,

84 2640 216 2665 Omnibus
227 2642 323 2666 umbra
334 2641 398 2666 locis
407 2642 498 2668 adero.

56 2709 192 2743 servius:
221 2716 243 2731 “
261 2713 449 2753 Hypallage,
476 2724 544 2754 pro,
568 2714 707 2745 animam
730 2724 778 2744 ar-

53 2763 76 2780 “
92 2763 185 2794 tubus
212 2766 389 2796 seduxerit?
451 2765 658 2797 Grammatici
687 2767 779 2797 verba

53 2811 97 2842 sic
111 2822 175 2845 esse
188 2815 366 2856 castiganda
386 2816 464 2846 nihil
479 2823 579 2856 potest
593 2827 658 2848 esse
673 2816 775 2847 mani-

54 2862 169 2895 festius.
213 2867 265 2897 De
279 2869 337 2899 hac
360 2874 466 2899 autem
493 2869 605 2908 po'etici
626 2868 777 2899 sermonis

53 2915 190 2948 formula
218 2918 355 2951 diximus
383 2921 423 2952 ad
452 2931 513 2952 ver.
542 2923 615 2953 297.
648 2921 778 2961 hujusce

513 2106 578 2137 Ubi
599 2106 699 2147 plura,
722 2109 797 2149 huc·

840 879 922 916 libri,
938 886 970 911 et
983 880 1322 912 alias.-—Abstraxerat
1334 890 1447 920 nempe
1458 882 1571 912 ανιιιὸἴι

840 933 975 972 primam
1000 933 1123 964 literam
1148 933 1305 974 sequentis
1328 933 1482 971 dictionis,
1502 934 1571 975 jam

840 984 930 1015 facee
953 986 1099 1016 eduxerit.
1154 985 1263 1021 Porro,
1291 991 1331 1016 Π.
1352 987 1428 1024 vica,
1451 995 1509 1024 pro
1523 987 1568 1016 vi-

840 1036 895 1066 ta'i.

884 1087 964 1117 Ibid.
999 1093 1134 1128 sequuta,
1160 1097 1218 1127 pro
1249 1092 1401 1118 assecuta:
1439 1086 1502 1128 qua
1529 1085 1568 1117 li-

840 1139 942 1169 centia
967 1140 1133 1169 verbomm
1156 1139 1357 1179 simplicium,
1380 1139 1567 1178 composito-

837 1200 909 1219 rum
925 1189 1029 1220 officio
1044 1189 1258 1230 fungentium,
1288 1190 1391 1220 Graeci
1413 1189 1508 1230 longe
1529 1189 1568 1220 li-

837 1240 961 1270 bentius
983 1245 1133 1278 utuntur;
1156 1240 1227 1270 vide
1248 1241 1326 1270 Eur.
1357 1241 1468 1271 Phoen.
1489 1242 1567 1272 ·577.

836 1290 886 1321 ed.
904 1291 1015 1321 Valck.
1048 1291 1145 1321 Silius
1159 1301 1224 1322 non
1236 1291 1326 1321 aliter
1340 1301 1414 1322 cum
1428 1292 1487 1321 hac
1501 1290 1568 1331 ipsa

836 1341 971 1372 dictione
986 1352 1053 1372 rem
1068 1342 1308 1379 administravit,
1325 1343 1406 1373 Pun.
1418 1342 1480 1372 viii.
1496 1345 1566 1374 196.

883 1414 969 1440 Vicini
980 1416 1014 1440 ad
1026 1415 1095 1447 ripas
1107 1415 1183 1442 fluvii
1196 1415 1340 1442 manifesta
1350 1418 1491 1449 sequuntur

881 1454 960 1486 Signa
972 1455 1090 1487 pedum:

834 1518 854 1549 i.
871 1529 896 1549 e.
920 1518 1095 1555 inveniunt,
1112 1518 1306 1558 perveniunt,
1322 1525 1535 1559 assequuntur.

880 1570 955 1600 Ver.
972 1574 1043 1602 944.
1067 1581 1165 1602 vocem
1186 1572 1305 1602 Mittat.
1350 1570 1507 1610 Exempla
1521 1570 1566 1601 lo.

834 1622 970 1653 cutionis
984 1622 1089 1653 videas
1111 1622 1196 1662 apud
1214 1623 1420 1664 Grangaeum,
1444 1623 1479 1654 in
1503 1623 1564 1655 Ju-

833 1673 932 1704 venal.
950 1673 1014 1704 xiii.
1033 1677 1102 1704 114.
1126 1673 1292 1715 Virgilius,
1310 1675 1385 1705 AEn.
1401 1673 1455 1706 xii.
1471 1678 1543 1706 929.

863 1752 987 1766 v——-
997 1747 1089 1765 vocem
1101 1740 1154 1766 late
1165 1747 1278 1766 nemora
1285 1741 1340 1766 alta
1350 1740 1492 1765 remittunt.

875 1795 949 1826 Ver.
966 1799 1037 1828 945.
1052 1798 1143 1833 lzocc’,
1159 1796 1193 1826 in
1205 1796 1373 1827 accusandi
1384 1807 1473 1828 casu:
1488 1805 1565 1827 nam

832 1848 953 1888 phrasis
966 1847 1048 1879 hocc‘
1061 1850 1181 1889 aliquoi
1189 1850 1324 1890 increpet
1333 1848 1499 1890 hypallage
1509 1854 1562 1886 est,

835 1900 961 1941 qualem
973 1900 1110 1931 vidimus
1119 1900 1159 1931 ad
1168 1910 1229 1931 ver.
1241 1904 1311 1932 945.
1327 1911 1383 1940 pro
1393 1900 1563 1936 usitatiore,

830 1953 886 1983 hoc
908 1954 1042 1992 aliquem
1065 1954 1208 1992 increpet.
1253 1953 1460 1989 Mantuanus,
1486 1952 1561 1983 AEn.

828 2002 869 2034 ix.
886 2006 958 2035 560.

863 2077 942 2109 Quem
954 2077 1075 2107 Turnus,
1086 2076 1186 2109 pariter
1196 2083 1275 2102 cursu
1286 2076 1396 2108 teloque
1403 2080 1522 2108 secutus,

861 2119 975 2149 Increpat
986 2116 1024 2140 his
1034 2116 1131 2141 victor.

872 2182 947 2212 Ver.
966 2185 1037 2213 946.
1059 2182 1269 2222 Hyperbaton
1285 2187 1331 2213 est
1345 2183 1510 2213 verborum
1526 2181 1560 2212 in

827 2234 887 2265 hoc
903 2233 988 2272 loco;
1013 2234 1056 2264 sic
1071 2234 1157 2264 enim
1172 2245 1206 2266 se
1221 2234 1372 2265 naturalis
1390 2234 1468 2266 ordo
1482 2245 1558 2266 con-

826 2286 1008 2317 structionis
1021 2286 1159 2326 expedit:
1187 2291 1210 2306 ‘⁶
1227 2287 1314 2323 Quid
1325 2293 1374 2318 est
1388 2287 1455 2323 tibi,
1469 2287 1559 2317 Mor-

828 2341 850 2355 “
867 2337 949 2375 talis,
971 2339 1006 2368 ob
1021 2337 1107 2378 quod
1132 2337 1278 2379 indulges
1303 2337 1438 2368 luctibus
1463 2337 1558 2367 nimis

827 2392 849 2407 “
866 2389 956 2429 aegris
985 2394 1074 2419 tanto
1103 2388 1237 2428 opere?''
1271 2389 1389 2420 Similis
1418 2389 1557 2428 positura

826 2441 990 2470 verborum
1011 2442 1102 2475 εύθεως
1117 2447 1150 2470 et
1165 2453 1304 2481 ταχισται
1315 2446 1401 2470 extra
1413 2439 1556 2470 ordinem

823 2491 976 2531 legitimae
988 2491 1226 2522 constructionis
1235 2492 1350 2531 passim
1364 2491 1482 2522 Graecis
1492 2491 1554 2521 fre-

825 2548 1009 2584 quentatur:
1036 2554 1131 2584 quam
1161 2554 1228 2574 rem
1258 2553 1316 2573 nos
1343 2542 1555 2582 perfunctorie

825 2593 1073 2634 praestrinximus
1086 2595 1127 2624 ad
1144 2594 1218 2625 Silv.
1234 2594 1311 2625 Crit.
1323 2594 1362 2624 iv.
1377 2604 1406 2632 p.
1423 2597 1494 2626 259.

869 2645 944 2675 Ver.
961 2648 1034 2677 947.
1059 2647 1227 2685 congemis:
1254 2644 1295 2675 V.
1319 2644 1366 2675 ed.
1383 2656 1549 2685 coagentes,-

823 2697 933 2728 inscite
948 2697 1086 2728 confusis
1100 2697 1262 2728 literarum
1279 2696 1433 2727 ductibus.

866 2748 947 2780 Ibid.
971 2750 1120 2780 Luctibus
1145 2750 1293 2789 indulges.
1339 2749 1446 2787 Maro,
1474 2748 1549 2779 AEn.

822 2801 854 2831 ii.
871 2804 942 2832 776.

853 2860 922 2892 Quid
935 2864 1044 2885 tantum
1056 2860 1148 2885 insano
1154 2861 1235 2890 juvat
1243 2858 1373 2891 indulgere
1382 2858 1460 2884 labori
1467 2860 1481 2883 ἔ

824 2919 927 2949 Aliter
956 2920 1053 2949 dolori
1083 2918 1214 2958 legitur:
1241 2917 1294 2949 sed
1317 2917 1371 2948 illa
1399 2916 1545 2957 scriptura

788 2979 847 3009 L5
