1912 3292
511 216 745 269 LIBER
794 212 1144 260 TERTIUS.

1485 220 1563 258 141

225 351 342 392 Hinc
361 347 600 403 indignatur
619 359 662 386 se
680 342 897 384 mortalem
917 356 1002 382 esse
1023 350 1224 391 creatum3

223 424 312 465 Nec
331 422 450 467 videt,
471 420 514 460 in
535 418 628 461 vera
650 417 805 459 nullum
825 415 913 457 fore
932 424 1065 456 morte
1084 415 1208 457 alium
1228 430 1284 463 se,

223 497 307 546 Qui
327 495 453 551 possit
471 494 585 535 vivus
605 493 680 534 sibi
702 508 744 533 se
763 492 902 548 lugere
921 498 1197 545 peremptum,

107 576 190 613 900
222 572 422 625 Stansque
434 570 638 624 jacentem
660 582 702 609 se
720 566 904 616 lacerari,
927 565 1056 615 urive,
1078 563 1227 604 dolere.

75 727 198 757 Locum
219 726 313 756 etiam
330 725 484 763 Maronis,
507 725 560 766 qui
582 734 667 755 nunc
687 724 801 765 legitur

75 776 200 815 illepide
214 777 412 815 compositus,
440 783 471 806 et
491 776 578 806 nullzi
594 776 799 807 constructio·

73 827 124 857 nis
145 827 221 857 scita
241 827 511 868 coagmentatione
532 833 724 867 compactus,
751 827 799 857 ni-

75 878 133 908 tori
147 878 278 918 pristino
292 879 463 915 restituam,
480 878 520 909 ad
536 879 611 908 AEn.
627 879 667 909 xi.
683 880 733 909 87.

90 954 204 979 Ducitur
214 954 322 985 infelix,
332 961 394 979 aevo
405 955 556 985 confectus,
566 956 692 980 Acoetes:

89 996 199 1019 Pectora
211 1002 282 1019 nunc
293 995 386 1020 sedans
397 995 503 1028 pugnis,
513 1002 585 1020 nunc
598 995 731 1027 unguibus
742 1001 798 1025 ora,

89 1035 232 1065 Sternitur,
243 1042 275 1059 ex
287 1039 347 1060 toto
355 1037 479 1068 projectus
489 1039 588 1068 corpore
599 1039 690 1061 terrae.

71 1099 152 1135 Quae
168 1099 211 1129 sic
227 1099 261 1128 in
276 1099 366 1129 editis
381 1099 580 1129 exhibentur:

89 1179 200 1201 Pectora
210 1183 282 1201 nunc
292 1176 385 1202 sedans
396 1178 502 1210 pugnis,
513 1184 584 1202 nunc
596 1176 728 1209 unguibus
737 1183 796 1202 ora:

90 1216 222 1242 Sternitur
233 1220 255 1241 et
267 1221 326 1242 toto
337 1218 470 1250 projectus
481 1224 594 1249 corpore
604 1221 695 1242 terrae.

73 1288 228 1327 Exempla
243 1288 402 1327 particulae
424 1300 470 1326 ez,
497 1288 582 1318 idem
604 1298 640 1318 ac
662 1299 729 1319 cum
746 1297 798 1317 va-

73 1338 178 1376 lentis,
194 1338 248 1368 tibi
263 1338 471 1379 lexicographi
483 1340 678 1378 praebebunt:
704 1348 799 1368 vocu-

73 1389 179 1429 lasque
195 1396 223 1420 et
246 1395 339 1430 atque
353 1401 388 1420 ez·
402 1389 570 1428 saepissime
584 1388 735 1419 confundi
751 1399 798 1418 so-

73 1441 146 1478 lere,
168 1443 332 1473 certiorem
355 1449 385 1473 te
402 1442 494 1473 faciet
512 1442 799 1480 Drakenborchius‚

74 1494 114 1525 ad
136 1494 202 1524 Liv.
218 1494 299 1525 xxvi.
315 1497 365 1525 45.
385 1497 411 1524 1.
435 1500 465 1524 et
479 1493 545 1531 alii,
568 1503 646 1534 quos
667 1503 798 1522 enume-

74 1555 142 1575 rare
155 1556 219 1576 non
234 1552 278 1576 cst
294 1556 428 1576 necesse.
468 1543 642 1585 Magnifice
658 1543 798 1579 Ovidius,

74 1597 108 1628 in
125 1598 139 1628 1
145 1599 171 1628 b.
190 1601 263 1629 166.

169 1673 370 1706 Indeploratum
385 1673 514 1706 projiciere
524 1676 606 1704 caput
616 1680 622 1695 :

75 1747 128 1777 ubi
143 1747 287 1777 consulas
304 1747 518 1788 Salvagnium.

119 1807 193 1836 Ver.
209 1811 280 1838 896.
302 1818 332 1837 se
347 1809 535 1837 contaminat
550 1809 685 1837 adstans.
720 1806 802 1837 Haec

77 1858 205 1888 vividior
220 1865 265 1887 est
279 1857 454 1896 descriptio,
477 1867 548 1887 cum
565 1856 691 1887 licentia
705 1858 803 1896 po'e'tis

77 1909 221 1940 concessa
237 1909 321 1939 ficta:
348 1909 434 1950 quasi
451 1919 483 1939 se
497 1909 702 1949 conjungeret
713 1908 804 1939 cada-

77 1962 152 2000 veri,
173 1969 265 2002 atque
280 1961 407 2000 pollutis
422 1961 489 2001 ejus
504 1961 649 1990 odoribus
665 1961 804 2000 opplere-

75 2022 138 2054 tur,
165 2017 290 2046 subiens
313 2015 505 2046 voluntarius
521 2014 670 2045 Mezentii
686 2014 804 2054 suppli-

76 2070 137 2100 cia:

74 2148 182 2172 Mortua
193 2147 257 2178 quin
268 2146 349 2171 etiam
359 2146 489 2178 jungebat
500 2152 612 2178 corpora
622 2145 700 2175 vivis,

76 2187 238 2218 conponens
248 2186 425 2217 manibusque
435 2192 541 2215 manus,
552 2189 635 2216 atque
646 2184 734 2209 oribus
745 2190 801 2214 ora,

76 2227 223 2251 Tormenti
231 2233 314 2258 genus
325 2227 330 2250 !
350 2229 388 2255 et,
397 2226 469 2250 sanie
480 2226 597 2256 taboque
608 2225 725 2254 fluentis,

77 2266 221 2297 conplexu
231 2266 258 2289 in
269 2266 366 2290 misero
376 2265 456 2296 longi
467 2265 504 2289 sic
514 2268 604 2289 morte
615 2265 739 2289 necabat.

81 2337 216 2373 Interea,
228 2336 350 2367 facilior
361 2336 482 2367 videtur
494 2337 657 2375 scriptura,
674 2342 704 2366 et
714 2345 803 2366 men-

80 2391 105 2421 ti
119 2391 218 2431 po'e'tae
233 2390 504 2426 accommodatior,
525 2401 595 2430 quae
610 2389 760 2430 sequitur:

213 2474 352 2499 mnusque
363 2475 419 2492 sum
431 2467 600 2492 contaminat
613 2467 734 2491 adstans:

80 2540 175 2571 talem
190 2546 296 2571 autem
307 2539 471 2570 contextus
486 2538 693 2569 mutationem
710 2538 742 2568 in
758 2548 810 2568 me

82 2591 236 2631 suscipere
252 2601 315 2621 non
331 2590 441 2621 audeo.

126 2643 200 2674 Ver.
216 2646 288 2674 897.
313 2645 418 2674 Hinc:
447 2649 488 2673 Π.
503 2643 585 2673 Hic:
610 2642 635 2672 si
650 2651 706 2682 pro
720 2642 809 2676 Hez'e‚

80 2709 145 2730 non
160 2698 254 2730 male.
287 2699 366 2729 Mox
380 2698 420 2728 V.
437 2697 484 2728 ed.
497 2699 630 2735 videtur,
650 2706 707 2735 pro
721 2697 811 2726 videt.

123 2751 199 2782 Ver.
220 2755 292 2782 899.
320 2752 398 2785 Qui.-
436 2749 475 2779 V.
502 2748 551 2779 ed.
579 2749 617 2779 B.
644 2747 682 2778 Ο.
709 2753 746 2778 Δ.
775 2751 812 2777 Σ.

84 2807 302 2846 Cue‘.-possz·t.·
338 2811 381 2836 Ω.
404 2805 663 2844 posse!.—vimcs.·
698 2802 740 2832 V.
768 2801 815 2831 ed.

82 2859 187 2893 uniam
227 2867 282 2898 per
318 2855 450 2886 eandem
488 2855 651 2885 literarum
682 2853 815 2883 circum-

83 2907 295 2946 scriptionem:
323 2907 393 2937 vide
409 2906 446 2936 ad
464 2917 524 2937 ver.
543 2910 612 2937 99¹2.

887 731 961 761 Ver.
979 734 1050 762 900.
1071 741 1119 760 se:
1144 728 1187 758 ita
1210 727 1247 758 P.
1267 733 1310 758 Ω.
1332 726 1417 767 quod
1431 725 1479 755 vel
1495 725 1570 755 alio-

843 794 915 814 rum
931 794 996 818 nec,
1008 782 1056 812 vel
1073 780 1260 812 Bentleiano
1271 781 1368 815 illum,
1379 785 1571 818 anteponen-

843 837 921 867 dum
944 836 1107 873 duximus;
1131 845 1204 865 nam
1227 834 1260 863 in
1282 832 1412 873 hujusce
1428 830 1573 862 dictionis

842 889 912 920 loco
937 888 1007 919 libri
1031 887 1141 927 reliqui
1171 885 1293 915 nullam
1315 883 1446 923 positam
1469 887 1571 912 osten-

843 942 930 976 dunt.
975 940 1215 980 Nobismetipsis
1229 938 1374 978 profecto,
1400 936 1447 966 vel
1463 937 1503 965 ob
1518 945 1570 964 vu·-

841 1005 910 1025 cem
926 996 990 1031 uri,
1014 993 1099 1035 (vide
1111 993 1151 1022 sis
1172 998 1260 1021 notas
1279 990 1318 1020 ad
1333 999 1393 1019 ver.
1409 987 1498 1027 885.)
1515 996 1570 1026 pro

841 1045 1018 1076 adulterino
1040 1051 1132 1085 atquc
1164 1043 1293 1073 insititio
1318 1051 1422 1071 versus
1452 1039 1572 1078 integer

841 1103 1000 1137 suspectus
1014 1102 1072 1127 est:
1092 1095 1147 1126 sed
1160 1095 1297 1133 insuper,
1313 1102 1376 1132 quo
1387 1090 1482 1121 modo
1493 1091 1572 1119 stare

842 1148 938 1188 possit
953 1158 1025 1178 cum
1042 1157 1102 1177 ver.
1118 1149 1189 1178 903.
1213 1144 1266 1185 qui
1289 1143 1424 1181 corporis
1438 1142 1571 1172 combus-

842 1204 953 1232 tionem
979 1201 1072 1229 rebus
1097 1198 1144 1234 iis,
1169 1207 1240 1237 quae
1254 1205 1319 1225 non
1335 1193 1482 1234 lugendae
1498 1193 1570 1229 sint,

844 1256 1042 1287 annumerat,
1059 1248 1167 1278 nullus
1180 1247 1269 1277 valeo
1284 1245 1440 1284 dispicere.
1472 1244 1572 1273 Labes

843 1302 985 1344 quaedam
998 1301 1133 1340 penitior
1147 1299 1269 1329 videtur
1284 1296 1426 1331 insidere,
1443 1295 1495 1325 cui
1507 1294 1572 1324 sine

843 1354 1005 1394 puriorum
1022 1351 1167 1382 codicum
1187 1349 1370 1390 adjumento
1386 1354 1503 1378 temere
1518 1357 1572 1377 ne-

843 1416 897 1436 mo
920 1404 1052 1445 quiverit
1073 1401 1416 1433 remediare—dolere.-
1442 1399 1513 1429 libri
1537 1409 1573 1428 u-

844 1456 969 1493 niversi,
988 1457 1087 1494 dolore
1094 1469 1104 1484 .·
1129 1453 1183 1484 sed
1198 1452 1409 1483 acutissimam
1425 1450 1572 1482 Lambini

843 1506 1108 1541 emendationem,
1132 1512 1168 1535 ut
1194 1503 1410 1541 necessariam,
1442 1503 1486 1532 ita
1515 1503 1574 1531 hac

844 1559 1005 1590 occasione
1021 1558 1150 1588 omnino
1173 1555 1401 1587 admittendam
1416 1564 1492 1592 esse,
1519 1563 1572 1583 ex-

844 1610 988 1641 istimavi.
1036 1608 1125 1640 Nihil
1144 1608 1258 1638 certius
1280 1607 1314 1637 in
1336 1608 1394 1636 hac
1416 1612 1481 1636 arte
1500 1615 1574 1635 con-

842 1662 986 1703 jecturali
1001 1661 1050 1692 vel
1072 1660 1295 1691 morosioribus
1312 1659 1472 1700 judicibus
1494 1658 1574 1688 desi-

846 1714 946 1745 derari
962 1716 1185 1753 potest—uri:
1214 1719 1248 1743 Δ.
1264 1714 1326 1747 uti;
1352 1711 1439 1741 deest
1456 1716 1496 1740 Π.

890 1773 971 1804 Ibid.
983 1773 1157 1813 jacentem:
1182 1772 1202 1801 i.
1218 1781 1244 1801 e.
1260 1775 1360 1800 morte
1374 1775 1573 1809 prostratum,

846 1824 895 1856 vel
909 1824 1114 1864 insepultum:
1142 1830 1174 1854 et
1191 1829 1238 1853 est
1251 1822 1451 1852 tritissimum
1469 1822 1499 1851 in
1516 1822 1575 1850 hac

847 1886 880 1906 re
893 1875 1092 1906 vocabulum:
1111 1875 1182 1904 vide
1197 1873 1399 1908 Schefferurn,
1411 1872 1450 1903 ad
1467 1872 1575 1907 Phaed.

848 1928 909 1959 sab.
925 1928 945 1958 i.
962 1931 1014 1958 24.
1032 1927 1087 1958 ult.

891 1990 965 2021 Ver.
983 1994 1054 2022 901.
1076 1992 1166 2020 malis
1193 1999 1360 2029 morsuque.
1406 1987 1480 2018 Hoc
1504 1997 1575 2027 pro-

847 2041 946 2072 fertur
960 2052 1015 2081 per
1040 2040 1247 2081 hendyadem,
1273 2050 1330 2079 pro
1355 2050 1456 2070 morsu
1478 2040 1576 2069 mala-

846 2106 933 2126 rum:
959 2104 1034 2124 nam
1052 2104 1171 2123 nomen
1184 2092 1268 2134 fera·
1294 2102 1358 2122 non
1374 2092 1480 2122 minus
1494 2093 1575 2122 volu·

845 2158 909 2178 cres
939 2147 1034 2176 etiam
1064 2144 1291 2184 complectitur.
1349 2143 1485 2181 Plinius,
1515 2152 1576 2173 nat.

844 2198 913 2228 hist.
940 2208 968 2227 x.
996 2200 1046 2228 54.
1078 2200 1100 2215 “
1124 2198 1234 2226 Vultur
1263 2201 1294 2225 et
1304 2195 1388 2236 sera*
1411 2195 1578 2235 graviores,

847 2253 869 2270 “
885 2249 945 2279 nisi
961 2259 996 2278 ex
1012 2257 1172 2287 procursu,
1194 2253 1248 2277 aut
1263 2246 1373 2276 altiore
1386 2246 1527 2285 cumulo,
1550 2257 1580 2276 c-

849 2305 871 2320 “
886 2303 998 2338 missae,
1010 2310 1072 2330 non
1085 2298 1239 2329 evolantss’
1265 2299 1397 2329 Emissa?
1411 2297 1538 2333 scilicet,
1551 2308 1580 2326 se

848 2355 1025 2384 emittentes.
1073 2351 1124 2381 Sic
1138 2349 1320 2390 legendum,
1344 2359 1408 2379 non
1423 2351 1579 2381 immissoe,

850 2410 886 2434 ut
895 2403 927 2433 in
938 2402 1086 2443 vulgatis:
1107 2401 1285 2431 committas
1297 2400 1388 2440 Virg.
1402 2410 1470 2440 geo.
1479 2399 1518 2429 iv.
1529 2401 1580 2429 58.

852 2455 927 2484 AEn.
943 2454 983 2484 ix.
1000 2457 1049 2484 5‘2.
1075 2453 1253 2492 Utramque
1276 2451 1443 2482 lectionem
1459 2450 1579 2480 codices

852 2505 1000 2536 exhibent
1014 2505 1054 2535 ad
1071 2505 1146 2535 AEn.
1170 2505 1190 2534 i.
1208 2505 1279 2534 125.
1304 2509 1334 2533 et
1350 2503 1392 2532 ibi
1409 2513 1473 2532 non
1489 2501 1580 2532 facile

853 2557 987 2587 dixerim
1011 2563 1082 2587 utra
1107 2557 1148 2586 sit
1177 2554 1379 2594 praeferenda.
1426 2553 1477 2583 Sic
1506 2553 1582 2583 alias

854 2611 903 2639 hae
928 2609 1080 2639 dictiones
1101 2607 1289 2638 commutari
1310 2605 1427 2643 solent;
1449 2615 1507 2636 nec
1526 2615 1580 2636 cu-

850 2661 951 2702 jusvis
976 2666 1054 2691 esset
1076 2669 1198 2699 semper
1224 2658 1312 2688 litem
1333 2657 1487 2688 dirimere.
1531 2657 1585 2687 Ex

857 2715 915 2744 hac
939 2719 1046 2743 autem
1075 2713 1203 2742 notione
1231 2710 1315 2741 vocis
1336 2710 1424 2751 jera,
1457 2709 1586 2750 Virgilii

859 2765 946 2795 locus
961 2763 1079 2803 optime
1105 2762 1281 2800 clarabitur‚
1307 2760 1347 2791 de
1369 2771 1432 2802 quo
1455 2771 1586 2801 magnas

859 2816 943 2845 cient
957 2816 1063 2845 turbas
1076 2813 1235 2852 nonnulli,
1256 2818 1350 2853 atque
1370 2812 1403 2843 in
1418 2813 1526 2843 crassis
1540 2818 1583 2841 te-

861 2867 963 2898 nebris
979 2871 1148 2896 versantu-r.
1192 2865 1303 2896 Exstat
1318 2865 1351 2894 in
1368 2874 1434 2904 geo.
1448 2864 1467 2893 i.
1485 2866 1543 2893 139
