1912 3292
453 260 688 309 LIBER
737 256 1121 314 QUARTUS.

1455 264 1550 305 289

91 396 172 432 520
205 392 353 443 Prava,
376 391 581 439 cubantia,
603 403 750 443 prona,
773 387 934 441 supina,
956 394 1080 441 atque
1100 386 1253 428 absona
1273 393 1377 428 tec-ta
1385 405 1397 436 3

201 467 296 508 Jam
315 480 435 507 ruere
453 473 500 505 ut
519 463 711 519 quaedam
731 462 946 502 videantur
966 460 1081 510 velle,
1104 470 1305 516 ruantque

202 540 373 582 Prodita
386 537 551 593 Judiciis
570 535 778 577 fallacibus
799 535 939 576 omnIa
957 534 1120 589 primis:

204 615 272 656 Sic
290 613 416 669 igitur
436 612 541 653 ratio
562 611 638 652 tibi
658 625 796 652 rerum
816 625 958 664 prava,
981 623 1144 650 necesse
1164 617 1238 659 est,

202 687 400 743 Falsaque
420 687 485 737 sit,
507 686 613 728 falsis
641 699 942 741 quaequomque
963 684 1014 725 ab
1036 683 1217 725 sensibus
1238 690 1329 725 orta
1348 693 1418 725 est.

89 766 169 802 525

259 761 384 802 Nunc
405 761 495 803 aliei
516 776 670 810 sensus,
694 775 777 815 quo
797 768 919 814 pacto
938 759 1110 815 quisque
1130 773 1245 799 suam
1266 773 1354 799 rem

207 836 383 886 Sentiat,
404 835 518 877 haud
538 850 744 891 quaquam
766 835 872 875 ratio
893 848 1087 888 scruposa
1107 832 1245 874 relicta
1264 842 1335 873 est.

258 910 485 966 Principio,
508 910 673 951 auditur
693 925 832 960 sonuS,
855 919 894 949 et
915 922 998 949 vox
1018 908 1166 958 omnis,
1188 908 1231 947 in
1252 907 1382 949 aureis

199 985 415 1026 Insinuata
435 1000 510 1026 suo
529 985 724 1040 pepulere
744 985 815 1025 ubi
837 998 1013 1039 corpore
1035 998 1210 1024 sensum.

203 1058 458 1114 Corpoream
479 1075 644 1116 quoque
664 1060 773 1101 enim
794 1073 937 1100 vocem
958 1066 1144 1099 constare
1163 1056 1375 1098 fatendum
1395 1065 1471 1108 est,

53 1222 205 1254 veterum,
242 1226 366 1247 summa
396 1217 566 1249 consensio.
627 1218 778 1250 Caussam

54 1267 221 1299 lectoribus
235 1269 463 1300 dissolvendam
477 1271 594 1311 linquo.

98 1319 172 1351 Ver.
189 1324 262 1351 520.
289 1322 410 1352 Prava:
439 1321 477 1351 V.
493 1321 540 1352 ed.
562 1323 600 1352 B.
618 1322 654 1352 L.
672 1323 721 1352 M.
741 1321 780 1352 Ο.

56 1375 91 1401 Δ.
109 1377 150 1401 Π.
167 1376 201 1402 Σ.
220 1378 264 1402 Ω.
289 1374 391 1402 Ρανυα
401 1388 412 1408 ;
436 1372 489 1402 sed
505 1379 591 1402 extra
606 1379 780 1403 controver-

54 1421 133 1451 siam
148 1421 270 1458 vitiose3
293 1428 324 1451 et
337 1422 418 1452 hanc
433 1422 660 1453 aberrationem
685 1434 723 1453 ex
744 1423 783 1452 li-

55 1472 128 1502 teris
142 1472 277 1512 trajectis
291 1473 386 1503 modo
401 1473 547 1512 vidimus,
571 1474 611 1504 ad
626 1484 688 1505 ver.
707 1477 779 1505 515.

53 1534 89 1554 ac
103 1523 239 1554 solennis
265 1531 331 1555 erat
345 1525 543 1565 scriptoribus
558 1526 776 1556 commutatio:

54 1575 124 1606 vide
140 1575 432 1607 Drakenborchium
449 1577 488 1607 ad
513 1578 566 1608 Sil.
584 1578 623 1608 It.
639 1577 689 1608 vii.
707 1580 778 1609 585.

53 1633 85 1656 et
99 1627 167 1658 Liv.
191 1629 272 1659 xxix.
287 1631 338 1659 37.
359 1631 578 1661 16.—absona:
606 1630 642 1660 P.
666 1630 707 1660 V.
731 1630 778 1660 ed.

54 1678 93 1708 Β.
111 1679 150 1709 Ο.
169 1684 204 1710 Δ.
220 1684 255 1711 Σ.
274 1687 317 1711 Ω..
333 1682 441 1712 absona
448 1697 459 1718 ;
476 1691 547 1722 quae
561 1688 668 1711 tamen
683 1681 779 1711 dictio

54 1735 86 1759 et
99 1729 203 1760 dubiae
218 1737 263 1761 est
277 1732 481 1771 auctoritatis,
505 1739 536 1763 et
546 1732 694 1762 alieniore
708 1743 778 1762 sen-

55 1791 101 1811 su.
146 1784 285 1813 Absonus
307 1783 361 1813 ille
383 1789 439 1821 est,
464 1783 518 1823 qui
534 1786 702 1823 discrepat;
730 1785 778 1814 ob-

53 1843 158 1870 sonus,
178 1834 232 1872 qui
247 1833 375 1863 cuilibet
388 1836 540 1874 obstrepit.
571 1835 615 1864 Et
629 1835 779 1874 positura·

56 1893 129 1912 rum
144 1883 305 1914 diversitas
319 1885 406 1915 haud
427 1885 528 1915 multo
549 1885 638 1915 aliter
661 1886 693 1915 in
710 1886 780 1915 Ho-

55 1943 143 1963 mero
159 1934 281 1973 depicta
295 1941 352 1973 est,
376 1935 415 1966 ΙΙ.
434 1942 477 1966 Ω.
497 1939 544 1967 10.
565 1946 660 1976 quem
675 1943 782 1976 protu-

53 1985 148 2015 limus
163 1986 202 2016 ad
218 1987 247 2016 ii.
263 1991 314 2017 36.

98 2037 174 2068 Ver.
189 2040 261 2069 525.
287 2041 343 2070 tibi
365 2039 450 2070 deest
465 2046 656 2080 A.-—prava.·
684 2041 722 2070 B.
739 2047 781 2070 Π.

52 2100 159 2128 parva.

99 2140 171 2172 Ver.
187 2144 258 2173 524.
275 2143 312 2173 ab
327 2145 479 2175 sensibus:
500 2144 538 2174 O.
551 2151 592 2175 Π.
602 2145 783 2175 absentibus.

97 2192 170 2223 Ver.
188 2196 259 2225 525.
281 2206 357 2234 quo:
389 2195 428 2226 V.
452 2196 502 2226 ed.
529 2197 567 2226 B.
584 2207 779 2236 prm—rem.-

54 2250 95 2274 11.
110 2245 293 2276 vim-Nec
308 2245 402 2276 lateat
412 2247 559 2278 lectorem
574 2248 608 2277 in
618 2249 677 2277 boc
691 2257 781 2277 versu

53 2295 265 2325 nominativus
279 2297 426 2335 pendens
450 2298 489 2328 de
511 2309 573 2339 quo
592 2309 651 2328 nos
665 2298 705 2328 ad
720 2309 780 2329 ver.

55 2350 129 2378 599.
173 2347 333 2388 Quicquid
348 2351 448 2380 obstet
460 2351 595 2386 Servius,
611 2357 642 2381 et
651 2350 783 2381 editores

54 2398 201 2428 nonnulli
229 2400 374 2438 sentiant,
409 2401 496 2432 locus
525 2402 653 2443 Virgilii
683 2402 785 2443 magis

53 2450 194 2488 poeticus
219 2451 338 2489 evadet,
361 2451 503 2484 similiter
529 2461 684 2494 acceptus,
708 2455 782 2486 AEn.

54 2501 108 2532 xii.
127 2505 196 2533 161.

113 2585 220 2611 Interea
230 2594 308 2620 reges,
323 2587 428 2620 Ingenti
437 2589 510 2614 mole
520 2589 627 2614 Latinus

113 2626 280 2659 Quadrijugo
292 2628 401 2653 vehitur
410 2636 562 2654 curru—-

93 2696 169 2728 Ver.
185 2701 257 2730 526.
280 2702 382 2731 haud:
411 2708 451 2732 Π.
466 2708 717 2743 aut.-scruposa
732 2714 780 2734 re·

51 2750 124 2779 licta
146 2757 206 2782 ese:
232 2751 273 2783 V.
297 2752 345 2783 ed.
368 2760 489 2794 stuposa
518 2756 624 2786 relicta
647 2762 707 2792 est;
733 2756 780 2786 M.

52 2810 178 2840 scrupor
192 2805 281 2834 elicta
298 2811 349 2842 est,
373 2805 427 2836 sed
443 2817 460 2836 e
475 2807 677 2846 correctione,
695 2819 780 2839 scru-

48 2861 122 2890 pore
133 2853 240 2885 relicta
254 2861 308 2886 est.

96 2902 176 2934 Ibid.
198 2915 359 2946 scruposa:
386 2909 548 2940 translatio
569 2916 616 2941 est
638 2922 657 2941 a
671 2911 720 2941 via
734 2911 778 2941 la-

54 2952 138 2992 pillis
151 2955 314 2998 inaequali3
336 2965 367 2991 et
392 2961 535 3001 exempla
560 2962 642 2993 vocis
668 2972 778 3002 suppe-

828 1217 967 1248 ditantur
981 1216 1096 1246 lexicis.
1144 1216 1175 1244 V
1178 1215 1228 1245 ide
1243 1215 1373 1244 Festum
1389 1213 1422 1243 in
1437 1215 1552 1252 scrupi,

825 1269 989 1298 Donatum
1004 1267 1043 1297 ad
1065 1266 1190 1296 Terent.
1209 1265 1295 1295 And.
1318 1275 1344 1294 v.
1361 1268 1389 1294 4.
1405 1267 1455 1294 57.
1479 1272 1553 1292 cum

827 1318 933 1348 Servio
948 1318 988 1348 ad
1006 1318 1081 1348 [En.
1100 1317 1138 1347 vi.
1154 1320 1225 1347 258.
1261 1316 1421 1346 Glossator
1443 1320 1550 1344 vetus:

826 1374 848 1388 “
866 1373 1040 1410 Scruposus,
1064 1369 1208 1411 τραχυς.”
1233 1367 1435 1405 Prudentius,
1451 1366 1553 1405 perist.

826 1432 852 1451 v.
871 1424 941 1452 447.
969 1421 1092 1451 notioni
1116 1420 1306 1451 luxuriosius
1326 1419 1476 1456 inhaeret3
1498 1417 1554 1459 qui

825 1472 986 1502 videndus.

868 1525 942 1555 Ver.
960 1528 1030 1555 527.
1054 1524 1218 1564 Epicurus,
1235 1523 1319 1564 apud
1336 1524 1430 1563 Diog.
1446 1523 1550 1553 La'e'rt.

823 1586 852 1606 X.
869 1580 918 1607 52.
935 1582 1029 1607 Αλλα
1044 1591 1101 1616 μην
1117 1591 1166 1608 και
1183 1591 1216 1608 τα
1229 1589 1325 1607 axum
1337 1589 1454 1616 γινεται,
1473 1587 1554 1606 πνευ-

823 1641 918 1667 ματος
944 1642 1014 1662 τινος
1041 1636 1172 1670 φεραμενε
1195 1642 1255 1659 mro
1282 1640 1320 1658 τε
1349 1635 1498 1667 φωνεντος,
1535 1640 1551 1658 n

824 1692 959 1719 ηχκντας,
984 1694 1000 1713 n
1017 1682 1173 1720 ψοφεντος,
1200 1694 1215 1713 η
1232 1681 1306 1714 ὅπως
1324 1679 1356 1712 δη
1374 1692 1445 1709 ποτε
1461 1690 1553 1708 axes-

827 1745 904 1761 ermov
931 1734 1018 1765 παέος
1044 1732 1320 1773 παρασκευαζονσος.
1360 1730 1554 1765 Plutarchus,

823 1782 900 1821 plac.
917 1782 990 1821 phil.
1007 1783 1046 1812 iv.
1063 1786 1112 1814 19.
1159 1789 1298 1823 Επικερσς
1316 1796 1367 1815 ‘rm
1379 1789 1467 1821 φωνην
1484 1782 1549 1822 (δρι-

827 1835 925 1874 gerat)
943 1847 1007 1865 ειναι
1021 1837 1112 1876 ῥευμα
1128 1847 1342 1874 εκπεμτομενον
1357 1846 1417 1864 ewra
1430 1847 1484 1864 *rom
1497 1841 1554 1873 φω-

828 1898 937 1923 νεντων,
962 1899 978 1918 n
995 1898 1136 1926 ἤχενντων,
1170 1900 1186 1919 ‘a
1204 1888 1368 1925 ψοφεντων.

872 1936 944 1966 Ver.
961 1939 1032 1967 528.
1055 1939 1241 1967 Insinuata:
1271 1937 1289 1966 i.
1308 1947 1334 1966 e.
1360 1937 1443 1966 Cum
1457 1946 1489 1965 se
1504 1935 1553 1965 in·

828 1987 1030 2025 sinuaverint‚
1054 1988 1102 2017 vel
1128 1988 1161 2018 in
1184 1989 1330 2018 sinuosos
1351 1988 1476 2017 aurium
1491 1994 1553 2017 tra-

827 2039 921 2068 mites
933 2039 1167 2077 penetraverint.

872 2090 952 2120 Ibid.
984 2093 1128 2130 pepulere
1157 2103 1248 2122 sonus
1282 2098 1310 2123 et
1340 2103 1393 2123 vox·
1423 2102 1551 2123 sensum.

829 2141 918 2172 Hinc
935 2141 1061 2182 Virgilii
1075 2142 1190 2182 pendet
1205 2142 1302 2182 lepor,
1319 2143 1358 2173 ad
1373 2142 1428 2173 ecl.
1444 2143 1483 2173 vi.
1499 2146 1550 2173 84.

1292 2191 1304 2202 x

859 2218 905 2243 Ille
915 2219 1004 2243 canit:
1018 2219 1102 2250 [πώ-ιε
1113 2219 1234 2245 referunt
1244 2220 1278 2245 ad
1289 2220 1374 2244 sidera
1385 2219 1482 2244 valles:

825 2294 844 2324 i.
861 2305 887 2325 e.
909 2296 989 2326 a'e'ris
1004 2297 1205 2335 corpusculis,
1228 2308 1298 2337 quae
1313 2306 1438 2327 carmen
1454 2296 1551 2335 agita-

827 2353 921 2383 verat,
937 2349 1115 2379 verberatae:
1140 2349 1247 2379 confer
1262 2355 1416 2385 nostrum,
1431 2347 1464 2377 ii.
1481 2350 1553 2377 5¹28.

827 2405 858 2429 et
882 2405 1002 2430 nostros
1028 2400 1072 2430 ibi
1097 2400 1345 2430 commentarios.
1393 2398 1554 2428 Ausonius

827 2460 901 2480 cum
916 2450 1070 2491 elegantia
1093 2451 1226 2482 minime
1251 2449 1379 2491 protrita
1400 2460 1467 2480 rem
1482 2449 1557 2479 teti«

826 2501 881 2541 git,
904 2501 938 2531 in
954 2502 1078 2533 BIosell.
1095 2506 1166 2534 295.

1036 2594 1112 2619 Licet
1123 2593 1165 2618 hic
1178 2593 1342 2619 commercia
1352 2592 1453 2624 linguae

874 2634 1001 2664 Jungere,
1012 2637 1040 2658 et
1051 2634 1155 2659 alterno
1166 2641 1301 2658 sermonem
1313 2637 1409 2658 texere
1415 2632 1504 2664 pulsu.

826 2713 988 2744 Audacior
1002 2720 1057 2750 est,
1081 2715 1134 2745 sed
1150 2724 1214 2744 non
1230 2714 1297 2744 sine
1315 2713 1440 2750 Gratiis,
1458 2713 1552 2744 Ruti-

826 2764 895 2800 lius,
919 2765 987 2795 itin.
1003 2765 1023 2795 i.
1040 2769 1111 2796 205.

889 2840 992 2864 Pulsate
1005 2844 1079 2865 notae
1092 2841 1242 2866 redduntur
1253 2839 1284 2864 ab
1295 2839 1384 2864 ethere
1394 2846 1480 2864 voces.

826 2912 981 2943 Horatius
1002 2912 1076 2943 alibi
1098 2913 1194 2944 etiam
1219 2912 1392 2944 lautissime
1413 2911 1553 2943 tractavit

826 2964 906 2994 lianc
921 2970 1127 3002 venustatem,
1151 2971 1206 2996 sat.
1224 2964 1254 2995 ii.
1271 2968 1298 2996 6.
1317 2967 1365 2995 98.
