1912 3292
368 215 455 256 10¹2

873 206 931 254 T.
981 204 1360 256 LUCRETII

503 345 532 366 “
542 339 688 391 Aufer,
702 339 878 390 abhinc,
893 339 1109 389 lacrumas,
1126 337 1343 387 Barathre,
1358 345 1398 379 et
1411 351 1608 393 conpesce
1620 339 1838 394 querelas-’⁵

501 414 713 456 Grandior
732 413 823 456 heic
843 428 940 456 vero
959 414 991 455 si
1005 414 1110 469 jam,
1132 413 1363 469 seniorque,
1385 420 1594 468 queratur:

505 494 535 515 “
558 488 713 531 Omnia
731 487 969 545 perfunctus
989 489 1087 530 vita'i
1105 488 1292 544 praemia,
1313 499 1488 536 marces3

357 647 522 679 Caeterum,
547 645 700 675 Heinsius
725 643 764 674 ad
782 644 873 675 Ovid.
900 654 997 675 amor.
1017 644 1036 675 l.
1053 654 1078 675 c.

356 696 554 728 scribendum
569 695 656 726 dicit:

416 763 510 792 Aufer,
525 761 578 792 abi,
592 761 650 786 hinc
660 761 802 793 lacrumas,
818 762 997 788 balano—2

354 830 448 862 quam
464 818 715 850 emendationem
737 819 988 860 ingeniosissimo
1014 820 1080 851 viro

353 872 481 911 dignam
497 880 575 908 esse,
591 876 682 910 atque
698 870 893 912 indignantis
907 871 1079 902 festinatio-

353 933 427 953 nem
452 922 568 961 optime
593 921 777 962 exprimere,
810 932 904 954 nemo
928 923 1081 954 candidus

355 973 526 1014 negaverit:
558 982 616 1003 nec
640 979 744 1003 tamen
771 979 878 1003 contra
905 972 1001 1004 libros
1025 973 1080 1004 ad.

352 1024 537 1055 mittendam
553 1023 664 1054 sentio.
703 1023 878 1060 Terentius,
895 1024 1022 1055 Phorm.
1037 1024 1081 1054 iii.

351 1079 380 1106 5.
398 1079 451 1107 27.
479 1074 579 1116 Αιςίὲν
595 1081 624 1105 te
643 1077 725 1107 Ιιίηε.
770 1075 825 1113 Et,
842 1081 878 1106 ut
893 1081 997 1106 noster
1013 1076 1080 1106 Au-

341 1127 398 1168 ser
419 1129 585 1163 lacrumas,
611 1127 776 1166 Apuleius,
793 1133 865 1158 met.
881 1127 912 1158 ii.
940 1131 962 1146 “
983 1128 1079 1168 Aufir

353 1183 374 1196 ‘²
381 1178 570 1219 formidines
599 1178 768 1218 pueriles:”
791 1185 822 1209 et
848 1179 901 1209 alii
928 1179 1079 1210 similiter.

353 1230 539 1261 Hcinsianae
555 1229 741 1261 divinationi
764 1230 865 1261 lucem
884 1231 1081 1261 soenerabunt

351 1284 496 1322 Plautus,
526 1285 624 1314 Most.
642 1284 661 1314 i.
677 1287 706 1315 5.
726 1287 795 1315 156.
823 1283 913 1315 Asin.
936 1284 967 1314 ii.
984 1288 1012 1314 4.
1028 1287 1079 1317 65.

350 1335 530 1373 Terentius,
548 1335 647 1365 Andr.
662 1335 682 1366 i.
701 1338 728 1365 1.
752 1339 780 1365 l.

392 1386 473 1417 lbid.
496 1397 638 1427 conpesce
659 1388 808 1426 querelas.
854 1386 928 1417 Hac
950 1397 1078 1418 exorsus

348 1439 465 1478 phrasi,
488 1438 659 1469 rectiorem
681 1448 740 1478 ope
756 1438 1001 1475 distinctionum,
1029 1440 1076 1470 ni-

350 1490 408 1521 tori
424 1500 481 1521 suo
502 1490 663 1520 restituam
679 1490 836 1520 Venusini
857 1489 972 1526 locum,
998 1491 1077 1521 frac-

350 1548 418 1572 tum
425 1543 666 1580 constructione,
678 1548 770 1583 atque
780 1541 1004 1574 inconcinnum
1017 1554 1076 1574 nu-

349 1595 450 1630 meris,
473 1594 516 1625 sic
538 1594 584 1625 uti
609 1593 700 1632 scribi
724 1594 817 1632 solet;
840 1600 870 1625 et
893 1595 1028 1635 insuper,
1051 1596 1076 1626 si

346 1645 422 1686 quid
437 1651 483 1676 est
498 1646 530 1675 iu
546 1655 598 1675 me
609 1644 734 1685 judicii,
759 1645 812 1686 qui
838 1652 978 1678 mentem
1002 1647 1074 1678 Ηο-

348 1697 418 1727 ratii
435 1697 566 1727 minime
588 1696 791 1738 proloquitur.
836 1697 948 1729 Exstat
969 1704 1075 1730 autem

349 1750 381 1780 in
397 1750 446 1781 od.
463 1750 497 1780 ii.
515 1753 565 1781 20.
583 1753 634 1780 22.

439 1832 533 1857 Absint
544 1832 615 1857 inani
625 1832 721 1858 sunere
734 1832 850 1864 naeniae;

440 1873 596 1900 Luctusque
607 1875 709 1902 turpeS,
725 1874 753 1896 et
763 1871 926 1904 querimoniae

469 1911 618 1942 compesce
628 1910 760 1935 clamorem
770 1918 782 1939 ;
800 1917 831 1935 ac
843 1911 956 1943 sepulcri

500 1955 580 1979 Mitte
590 1960 768 1986 supervacuos
779 1953 903 1980 honores.

351 2023 517 2053 Clamorem
534 2020 642 2061 utique
657 2022 864 2061 querimoniae,
890 2031 947 2060 pro
961 2023 1072 2053 claveo-

346 2083 412 2103 sam
428 2074 649 2113 querimoniam
657 2087 667 2108 ;
693 2071 800 2113 quales
814 2071 965 2103 formulas
981 2083 1074 2104 nemo

348 2123 495 2155 libentius
510 2123 675 2154 Venusino
689 2124 902 2165 frequentavit.
943 2125 993 2155 Ita
1019 2125 1074 2156 Se-

347 2185 435 2214 nem,
452 2175 566 2206 Troad.
581 2177 654 2206 678.
669 2177 921 2218 clamor-flebilis:
941 2176 980 2213 Q.
992 2176 1072 2207 Cur-

347 2228 417 2263 tius,
433 2237 462 2258 x.
477 2231 508 2258 5.
520 2232 548 2258 5.
563 2230 702 2268 lugubris
713 2230 828 2260 clamor
836 2244 847 2264 ,-
874 2235 905 2259 et
919 2228 971 2259 alii
987 2229 1073 2260 mille

346 2279 561 2311 consimilibus
576 2280 625 2311 usi
649 2286 722 2311 sunt
736 2281 953 2312 locutionibus.
997 2282 1073 2313 Jam

347 2341 420 2361 vero
435 2333 594 2363 clamorem
609 2343 757 2372 compesce
771 2333 903 2372 phrasis,
929 2333 974 2364 sic
989 2334 1073 2365 nude

348 2383 457 2422 posita,
481 2383 569 2414 nullo
598 2384 692 2415 modo
712 2384 873 2426 ιΙίιηεΙητήι
898 2387 1071 2426 planctum,

347 2433 471 2475 qualem
486 2434 553 2465 vult
569 2435 730 2471 Horatius,
754 2436 951 2477 significabit.

389 2487 463 2518 Ver.
485 2491 555 2519 968.
576 2489 732 2520 Grandior
745 2492 911 2530 seniorque.
936 2490 1073 2521 Uberius

347 2538 466 2569 dictum
482 2545 536 2575 est,
553 2544 584 2570 et
597 2539 670 2570 satis
683 2550 739 2579 pro
753 2541 990 2580 consuetudine,
1009 2552 1071 2573 ser-

345 2600 439 2621 mone
448 2590 709 2629 profluentissime
717 2593 831 2632 poetae3
846 2594 988 2635 quamvis
997 2593 1072 2625 huic

346 2641 390 2671 rei
406 2641 570 2673 efferendae
592 2653 647 2682 per
662 2654 694 2674 se
719 2645 803 2684 prior
816 2655 875 2675 vox
894 2645 963 2686 jam
978 2645 1071 2676 suffe-

346 2692 429 2728 cerit,
453 2692 493 2723 ad
508 2693 540 2724 ii.
559 2697 650 2726 1163.
686 2695 820 2735 Plinius,
844 2702 907 2727 nat.
931 2696 1001 2727 hist.
1026 2696 1069 2727 ix,

348 2747 397 2775 ¹0·
434 2749 456 2764 “
482 2747 570 2783 Quin
603 2755 634 2779 et
667 2759 778 2789 parvos
811 2760 933 2790 semper
960 2749 1072 2791 aliquis

348 2798 371 2813 ‘⁸
383 2799 534 2836 grandior
548 2800 724 2839 comitatur,
739 2806 776 2831 ut
787 2800 923 2832 custos.”
947 2802 1014 2838 Qui
1024 2801 1070 2832 lo-

347 2856 403 2876 cus
433 2847 527 2878 simul
565 2849 715 2881 rationem
752 2852 898 2884 dictionis
926 2852 1075 2892 primario

348 2909 440 2929 sensu
456 2900 584 2939 pulchre
601 2901 743 2935 declarat.
784 2905 897 2945 Capias
911 2905 1008 2946 igitur
1021 2915 1075 2945 per

1122 641 1319 682 hendyaden,
1345 651 1403 681 pro
1417 644 1567 681 grandior
1588 644 1689 678 seruo,-
1716 642 1766 672 cui
1781 652 1850 684 ger-

1123 694 1340 725 manissimum
1355 699 1400 723 est
1415 695 1473 724 hoc
1489 693 1625 730 Phaedri,
1640 693 1680 725 iv.
1695 697 1722 725 1.
1740 697 1789 726 10.
1801 694 1849 725 ni-

1123 745 1267 777 tidissimi
1283 744 1455 785 scriptoris:

1184 813 1308 843 Mustela,
1325 819 1424 845 quum,
1439 812 1515 837 annis
1526 815 1549 836 e!
1560 811 1659 838 seneen}
1670 812 1775 844 debilis,

1185 854 1272 878 Mures
1283 852 1388 878 veloces
1399 859 1453 877 non
1465 851 1567 878 valeret
1578 852 1758 884 adsequi——.

1167 916 1244 947 Ver.
1262 920 1334 948 969.
1354 915 1558 957 perfunctus:
1587 915 1631 946 sic
1646 926 1757 947 ornnes
1770 916 1854 956 libri,

1123 973 1234 1007 praeter
1259 967 1354 998 vind.
1383 968 1419 998 B.
1444 967 1508 1008 qui,
1531 966 1557 997 si
1585 966 1662 998 fides
1685 966 1790 999 danda
1813 967 1853 998 sit

1123 1017 1333 1054 collatoribus
1362 1019 1477 1048 habent
1500 1018 1688 1058 perfructus,
1711 1018 1759 1049 uti
1784 1018 1854 1049 vul-

1123 1079 1212 1110 gares
1223 1069 1296 1100 editi
1312 1069 1403 1100 nobis
1418 1070 1575 1105 exhibent,
1592 1080 1631 1100 ex
1646 1069 1775 1111 ingenio
1785 1069 1852 1101 edi-

1123 1126 1237 1152 torum.
1281 1121 1322 1150 V.
1346 1120 1394 1151 ed.
1413 1120 1502 1152 valde
1517 1120 1685 1160 depravata
1700 1127 1746 1152 est
1760 1121 1855 1162 scrip-

1123 1172 1205 1210 tura,
1223 1183 1281 1212 per
1297 1177 1430 1203 samctus
1445 1174 1548 1203 vitari.
1591 1172 1613 1204 J
1617 1182 1669 1203 am
1683 1182 1768 1212 vero,
1789 1182 1855 1204 non

1123 1229 1189 1254 erat
1204 1233 1328 1259 caussae,
1351 1223 1390 1254 de
1412 1223 1474 1265 qua
1496 1234 1534 1254 eo
1549 1224 1733 1255 temeritatis
1747 1234 1853 1265 proce-

1123 1276 1232 1306 derent
1247 1276 1303 1305 viri
1319 1275 1414 1314 docti,
1437 1282 1474 1306 ut
1504 1276 1721 1307 commentitia
1741 1286 1799 1308 sua
1819 1275 1853 1307 in

1122 1327 1229 1357 locum
1244 1326 1398 1365 lectionis,
1421 1326 1582 1358 codicibus
1597 1327 1740 1367 firmatae,
1756 1327 1853 1359 infer-

1121 1378 1234 1416 cirent;
1258 1387 1333 1407 nam
1355 1377 1475 1417 phrasis
1492 1377 1674 1420 ,mr-functus
1688 1380 1759 1410 vitae
1768 1389 1852 1420 prae-

1121 1432 1183 1460 mia
1200 1440 1256 1470 per
1270 1440 1302 1460 se
1324 1429 1534 1471 undequaque
1555 1431 1652 1470 proba
1669 1438 1727 1469 est,
1750 1436 1782 1461 et
1796 1440 1853 1461 an-

1122 1481 1246 1522 tiquiori
1263 1480 1413 1511 orationis
1429 1480 1628 1512 Lucretianae
1641 1481 1737 1513 colori
1751 1481 1854 1512 maxi-

1122 1542 1173 1562 me
1196 1537 1413 1562 consentanea.
1458 1532 1553 1562 More
1563 1532 1768 1563 vetustiorum
1781 1541 1851 1564 ver-

1121 1583 1327 1622 bumfimgor
1350 1592 1426 1612 cum
1447 1592 1521 1613 casu
1545 1588 1657 1624 quarto
1665 1583 1734 1624 jam
1749 1583 1854 1624 posuit

1121 1635 1180 1664 hoc
1203 1633 1293 1670 libro,
1325 1642 1385 1664 ver.
1413 1635 1485 1664 7:34.
1509 1639 1542 1664 et
1564 1634 1748 1676 perfunctus
1774 1635 1854 1667 vitai·

1118 1687 1254 1726 praemia
1271 1690 1331 1715 stat
1353 1684 1584 1726 elegantissime
1597 1696 1655 1726 pro
1667 1686 1736 1725 ino,
1759 1689 1784 1706 “
1797 1685 1853 1728 qui

1119 1740 1142 1756 “
1159 1746 1269 1767 omnes
1283 1736 1354 1766 vitae
1369 1736 1609 1768 commoditates
1627 1737 1739 1768 obierit
1751 1743 1783 1768 et
1796 1747 1850 1768 ex.

1120 1791 1142 1807 ‘⁶
1160 1794 1269 1828 pertus
1297 1787 1375 1818 sit:”
1414 1789 1490 1830 (ver.
1521 1788 1608 1829 912.)
1645 1788 1725 1820 adeo
1753 1794 1789 1820 ut
1816 1787 1852 1820 id

1119 1839 1206 1881 quod
1233 1839 1368 1879 supersit
1382 1839 1542 1879 temporis,
1565 1849 1722 1872 aemmnas
1735 1839 1852 1880 potine,

1120 1897 1217 1931 atque
1227 1900 1337 1922 omnes
1350 1890 1518 1922 senectutis
1532 1891 1790 1932 injucunditates,
1803 1891 1850 1922 vi-

1118 1941 1230 1972 deatur
1248 1942 1427 1973 allaturum.
1472 1942 1631 1982 Sulpicius
1651 1943 1691 1974 ad
1708 1943 1850 1975 Cicer-on.

1119 1993 1207 2032 epist.
1224 1992 1263 2023 iv.
1276 1995 1376 2023 5.-“
1386 1993 1726 2031 reminiscere—illam,
1738 2002 1849 2034 quam-

1119 2046 1142 2062 “
1159 2043 1214 2073 diu
1229 2043 1325 2073 fuerit
1339 2053 1419 2083 opus
1432 2044 1461 2074 ei
1481 2043 1787 2081 vixisse,-omnibns
1799 2045 1850 2075 bo-

1117 2097 1140 2113 “
1155 2096 1205 2125 nis
1221 2104 1316 2134 prope
1333 2094 1530 2135 perfunctam
1545 2095 1688 2127 esse—.”
1734 2095 1844 2126 Ovidi.

1117 2157 1164 2183 u5‚
1187 2151 1243 2176 art.
1258 2156 1321 2177 arn.
1338 2145 1369 2176 ii.
1388 2149 1460 2177 227.

1118 2215 1218 2245 Nocte,
1229 2214 1344 2239 domum
1356 2218 1489 2246 repetens,
1499 2212 1578 2247 epulis
1585 2213 1730 2247 perfuncta,
1739 2213 1846 2240 redibit:

1120 2273 1175 2304 ubi
1199 2278 1273 2304 nota
1289 2271 1417 2303 Heinsii
1439 2271 1571 2302 omnino
1585 2270 1779 2311 inspicienda
1792 2276 1848 2303 est.

1119 2325 1288 2356 Terentius
1309 2330 1426 2360 autem,
1448 2323 1488 2354 ad
1511 2323 1593 2354 Hec.
1608 2323 1648 2354 iv.
1661 2326 1692 2354 5.
1711 2326 1758 2355 17.
1781 2328 1846 2354 tam

1118 2383 1315 2417 opportunus
1329 2381 1388 2414 est,
1411 2381 1447 2406 ut
1467 2375 1629 2406 meliorem
1644 2373 1783 2406 Lucretii
1796 2374 1846 2405 in-

1120 2434 1285 2468 terpretem
1295 2437 1358 2458 non
1375 2426 1542 2465 desideres,
1553 2425 1763 2457 locutionibus
1770 2435 1846 2459 cou-

1120 2479 1277 2511 similibus
1291 2484 1446 2517 utentem,
1467 2484 1500 2508 et
1512 2477 1648 2519 gemello
1663 2487 1769 2509 sensu:

1345 2552 1415 2577 Nihil
1427 2551 1471 2584 pol
1484 2551 1540 2583 jam
1557 2551 1654 2577 isthac
1665 2550 1733 2577 mihi
1747 2556 1845 2577 τεινο-

1238 2594 1348 2626 luptatis
1356 2593 1450 2619 ferunt
1460 2601 1467 2618 ι

1150 2635 1221 2659 Dum
1234 2634 1323 2659 aetatis
1334 2638 1442 2666 tempus
1452 2633 1526 2664 tulit,
1538 2630 1749 2666 peduncta'ntie
1763 2637 1823 2656 sum
1834 2637 1842 2656 ε

1237 2675 1315 2700 satias
1327 2675 1383 2706 jam
1394 2677 1471 2700 tenet

1149 2714 1306 2739 Studiorum
1324 2715 1455 2739 istorum:
1471 2714 1533 2739 haec
1549 2712 1616 2738 mihi
1631 2717 1703 2737 nunc
1721 2717 1787 2737 cura
1802 2713 1844 2737 ent

1237 2761 1382 2785 maxuma,
1397 2757 1429 2780 ut
1440 2761 1474 2780 ne
1484 2753 1530 2779 eui
1538 2759 1599 2779 mon

1147 2794 1342 2826 Longinquitas
1353 2793 1442 2818 aetatis
1452 2794 1539 2819 obstet
1548 2801 1556 2823 ;
1566 2794 1721 2817 mortemve
1731 2796 1846 2824 exspec-

1239 2836 1279 2858 tet
1291 2839 1391 2858 meam.

1150 2873 1214 2900 Heic
1225 2873 1304 2898 video
1321 2880 1366 2898 me
1384 2871 1439 2898 esse*
1456 2873 1568 2898 invisam
1579 2871 1721 2898 inmerito:
1736 2873 1844 2904 tempu»

1241 2917 1283 2940 est
1296 2913 1454 2939 concedere.
