1912 3292
481 240 712 290 LIBER
760 214 1138 300 QUARTUS.

1451 258 1543 300 263

192 366 277 415 Qui
298 369 411 423 quasi
429 377 579 424 purgat
599 386 681 420 eos,
703 386 752 412 ac
771 374 910 429 nigras
930 375 1094 416 discutit
1114 378 1278 421 umbras

191 440 312 481 Ae'ris
330 441 445 481 illius:
476 455 573 482 nam
593 443 730 485 multis
749 447 933 499 partibus
953 447 1055 490 hicc'
1076 458 1136 491 est

188 513 399 563 Mobilior,
420 514 636 570 multisque
655 517 867 570 minutior,
890 529 930 561 et
951 536 1071 578 mage
1090 524 1257 577 pollens.

73 589 155 625 345
187 586 272 634 Qui
292 585 409 626 simul
428 596 549 642 atque
568 589 653 630 vias
673 592 885 634 ocufiorum
905 594 996 636 luce
1015 596 1197 651 replevit,

184 659 320 713 Atque
338 659 542 713 patefecit,
565 677 664 718 quas
685 673 780 706 ante
800 666 1015 710 obsederat
1035 678 1143 720 ater3

182 731 392 773 Continuo
412 748 550 775 rerum
571 737 785 780 simulacra
804 741 999 797 adaperta
1019 753 1259 799 sequuntur,

181 804 289 854 Quae
309 807 385 848 sita
404 817 499 849 sunt
517 810 561 850 in
580 810 685 862 luce,
706 812 1002 871 lacessuntque,
1026 827 1072 858 ut
1092 818 1316 860 videamus.

96 972 158 980 —
167 966 229 992 quae
240 961 366 988 sideribus
373 965 449 990 claris
459 970 555 991 natura
567 968 672 999 polivit,

95 1000 128 1024 Et
139 1000 212 1025 vario
219 1001 308 1033 pinxit
318 1003 482 1036 distinguens
494 1006 589 1031 lumine
597 1007 709 1033 formas.

0 1052 1 1111 l
37 1069 202 1106 Caeterum,
219 1072 382 1103 audaciam
402 1075 598 1107 Lucretianae
613 1079 759 1117 phraseos

28 1122 145 1158 pallore
167 1125 296 1162 pingere
322 1134 386 1155 non
408 1126 522 1157 veritus
545 1135 590 1158 est
616 1130 757 1161 aemulari

35 1170 174 1201 Achilles
199 1173 322 1211 Statius,
345 1175 364 1205 i.
390 1179 438 1207 15.
460 1178 504 1207 ita
525 1180 751 1213 rescribendus:

33 1229 91 1254 Tm
107 1225 133 1255 δε
157 1233 274 1266 ovum
298 1234 447 1260 ANnoE
474 1237 750 1265 AIAAONOTME-

29 1279 119 1305 NnN
133 1277 176 1316 ὑφ’
186 1278 257 1317 ’ἱιλιῳ
270 1291 334 1320 προς
346 1293 444 1319 ανεμον
455 1294 600 1323 συμμιγῆ,
615 1291 755 1316 ΩΧΡΑΝ

0 1351 1 1359 ,
31 1337 195 1367 εμαρμιιιρεν
210 1329 226 1360 ἡ
244 1342 284 1367 γη
301 1343 351 1362 τὴν
375 1336 508 1363 ΣΚΙΑΝ;
534 1334 583 1363 vix
603 1336 751 1366 varianti-

0 1364 1 1391 ἶ
27 1376 86 1406 bus
99 1377 259 1408 literarum
275 1379 372 1411 lineis.
411 1382 526 1423 Vulgo,
542 1389 639 1416 ανωθεν
654 1401 752 1429 auspe-

0 1460 1 1476 χ
25 1440 122 1466 μενων.
171 1429 288 1460 Confer
301 1431 342 1461 sis
364 1432 463 1464 Hom.
487 1434 526 1465 Il.
550 1441 577 1466 P.
593 1439 643 1467 55.
662 1438 752 1479 Virg.

29 1478 85 1510 ecl.
101 1490 130 1509 v.
148 1483 177 1512 5.

69 1540 144 1571 Ver.
158 1545 230 1572 558.
252 1549 389 1575 tuemur:
415 1545 456 1576 V.
472 1546 518 1578 ed.
539 1553 674 1580 tenemur
681 1564 692 1585 ,·
718 1556 748 1580 et

0 1588 1 1591 ’
26 1601 100 1621 mox
125 1603 199 1623 cum
221 1595 318 1626 Vind.
342 1597 378 1627 L.
402 1598 450 1628 M.
474 1603 508 1631 Σ.
526 1606 570 1630 Ω.
591 1604 747 1642 prop-ior,

26 1644 93 1675 vice
101 1649 239 1686 propior.

67 1708 143 1740 Ver.
164 1714 235 1742 340.
262 1714 348 1743 Ater.-
376 1713 415 1744 O.
438 1719 473 1746 Σ.
497 1717 602 1753 Alter;
627 1717 666 1747 de
687 1718 750 1758 qua

24 1761 276 1799 commutatione,
310 1764 602 1797 Drakenborchium
634 1769 747 1806 videas,

24 1809 66 1840 ad
80 1811 147 1842 Liv.
163 1813 236 1843 xxii.
258 1818 306 1845 10.
323 1819 492 1849 6.-iniit.·
518 1819 559 1850 V.
582 1820 630 1850 ed.
653 1823 687 1852 in
701 1827 746 1858 et;

24 1867 59 1892 ut
74 1863 179 1893 statim
195 1868 316 1902 cadens,
333 1878 388 1907 pro
403 1872 545 1901 candens.

68 1913 139 1945 Ver.
151 1919 224 1947 541.
239 1921 372 1950 candens
381 1923 514 1952 lucidus:
533 1933 666 1963 quarum
677 1934 746 1964 pos-

22 1964 115 1995 terior
130 1977 187 1996 vox
204 1969 336 2007 priorem
353 1972 582 2011 interpretatur,
603 1975 642 2006 de
657 1975 746 2008 solita

21 2016 168 2048 Lucretio
194 2021 342 2052 ubertate.
389 2022 552 2063 Virgilius,
578 2027 653 2057 AEn.
680 2028 744 2059 viii.

21 2070 179 2099 720.-cum
194 2071 261 2109 pari
275 2072 366 2111 copia
380 2076 546 2107 sermonis:

77 2154 147 2184 lpse,
157 2155 250 2180 sedens
259 2156 340 2181 niveo
349 2158 480 2183 candentis
490 2160 582 2186 limine
591 2161 695 2187 Phoebi.

77 2194 155 2218 Dona
165 2197 333 2227 recognoscit
342 2198 546 2230 populorum—.

19 2266 158 2295 Candens
173 2265 269 2306 igitur
282 2270 404 2301 lucidus
418 2274 472 2301 aar
486 2282 551 2302 uno
566 2275 658 2304 verbo
683 2285 740 2305 no-

17 2314 131 2344 minari
150 2322 250 2354 potest
271 2320 355 2350 albus
376 2323 448 2356 a'e'r;
471 2321 510 2351 de
531 2332 594 2362 quo
619 2333 676 2353 nos
701 2325 740 2356 ad

19 2365 92 2395 silv.
118 2366 195 2396 Crit.
213 2378 239 2397 V.
262 2379 292 2407 p.
309 2372 358 2400 78.
380 2377 413 2400 et
436 2382 516 2413 seqq.
541 2373 740 2412 Prudentius,

16 2417 180 2457 peristeph.
196 2418 228 2449 ii.
243 2423 317 2452 239.
338 2422 476 2454 versibus
493 2424 616 2456 eximiae
629 2437 741 2458 venus-

13 2468 97 2499 tatis:

106 2549 196 2580 Hunc,
209 2551 254 2582 qui
264 2553 382 2584 superbit
390 2555 483 2586 serico,

104 2591 193 2620 Quem
205 2598 298 2616 currus
308 2593 432 2619 inflatum
447 2595 532 2626 vehit,

103 2629 227 2660 Hydrops
237 2637 350 2662 aquosus
360 2633 442 2658 lucido

101 2668 205 2693 Tendit
217 2677 322 2695 veneno
333 2671 503 2698 intrinsecus:

11 2746 31 2778 i.
45 2757 72 2779 e.
96 2750 175 2780 albo:
193 2751 275 2782 male
291 2754 437 2784 nonnulli
452 2763 607 2796 reponunt
620 2759 733 2789 lurido.

11 2799 176 2840 Apuleius,
205 2811 278 2835 met.
309 2816 336 2836 v.
367 2817 396 2846 p.
423 2811 564 2839 551.—“
590 2813 736 2842 candenti

8 2853 30 2868 “
47 2851 159 2883 canitie
173 2855 328 2888 lucidus.’'

47 2903 122 2933 Ver.
137 2907 209 2937 542.
230 2911 337 2949 nigras
351 2912 477 2944 discutit
491 2915 624 2947 umbras.
660 2915 731 2946 Me-

53 2961 140 2993 Vot.
160 2963 207 2996 11.

803 984 872 1004 mor
885 975 1014 1015 hujusce
1031 974 1136 1005 versus
1150 975 1236 1007 idem
1264 977 1368 1016 Maro,
1393 987 1461 1018 geo.
1485 979 1529 1010 iii.

802 1027 874 1056 557.

832 1108 908 1132 Tum
919 1109 957 1132 sol
972 1109 1089 1140 pallentis
1105 1110 1178 1135 haud
1199 1118 1333 1143 umquam
1352 1112 1453 1137 discutit
1472 1120 1526 1137 um-

923 1147 990 1172 bras.

798 1218 914 1249 Errore
928 1219 1107 1257 turpissimo
1124 1221 1288 1251 Sedulium
1304 1222 1472 1253 liberemus
1491 1224 1525 1254 in

797 1271 940 1306 transitu,
956 1279 1049 1299 carm.
1065 1271 1096 1300 ii.
1118 1275 1186 1302 154.
1203 1282 1278 1301 nam
1290 1272 1377 1303 locus
1388 1274 1526 1313 profecto

797 1321 912 1362 dignus
926 1328 980 1358 est,
993 1324 1047 1363 qui
1063 1324 1189 1354 nitidior
1204 1325 1339 1366 legatur:

826 1404 946 1434 Qualiter
957 1405 985 1428 in
995 1405 1096 1430 medias
1107 1406 1173 1430 dum
1188 1406 1237 1431 lux
1249 1407 1379 1439 praeclara
1391 1410 1512 1434 tenebras

828 1444 969 1474 Funditur,
981 1448 1008 1469 et
1018 1446 1137 1477 proprio,
1149 1453 1203 1471 nou
1216 1447 1368 1477 obfuscata,
1379 1455 1472 1474 sereno

828 1485 949 1516 Discutit,
961 1486 1084 1518 expulsas
1096 1487 1184 1512 illaesis
1198 1489 1326 1520 vultibus,
1338 1490 1452 1516 umbras.

792 1565 892 1604 Libri,
908 1577 985 1607 quos
1000 1569 1110 1608 habeo,
1126 1572 1263 1603 Decutz't.

836 1617 909 1648 Ver.
925 1622 997 1650 545.
1020 1622 1121 1651 illius:
1148 1623 1186 1652 B.
1204 1623 1242 1653 L.
1260 1623 1307 1653 M.
1325 1625 1426 1654 ullius.

837 1668 912 1699 Ver.
937 1673 1009 1700 344.
1033 1673 1194 1703 BIobilc'or:
1221 1674 1258 1703 B.
1284 1674 1323 1703 O.
1357 1676 1516 1710 IVobz'lz'om

794 1719 864 1749 vide
879 1720 919 1750 ad
933 1721 965 1751 ii.
981 1725 1053 1752 415.
1069 1728 1100 1752 et
1113 1723 1228 1753 similes
1239 1726 1345 1754 turbas
1355 1725 1394 1755 ad
1406 1726 1521 1757 Horat.

795 1770 842 1800 od.
866 1771 885 1801 i.
911 1775 937 1802 1.
963 1775 992 1803 7.
1018 1779 1062 1804 Ω.
1094 1776 1362 1814 Momm—mage.-
1401 1776 1440 1806 V.
1471 1778 1518 1809 ed.

791 1832 909 1860 magne.

834 1881 909 1911 Ver.
923 1885 997 1914 545.
1022 1890 1130 1924 atque:
1158 1893 1198 1917 Π.
1216 1893 1261 1918 Ω.
1282 1898 1339 1924 ac;
1363 1898 1400 1918 ex
1416 1888 1521 1928 glossa

791 1933 944 1963 nimirum
959 1936 1134 1975 marginali.

834 1991 909 2022 Ver.
925 1996 998 2024 346.
1014 1994 1168 2035 patefecit.
1216 1996 1266 2026 Sic
1281 1997 1429 2037 syllabam
1445 2009 1516 2038 pro-

790 2041 881 2072 duxit
899 2043 1100 2083 Calpurnius,
1116 2045 1171 2076 ecl.
1187 2046 1207 2077 i.
1222 2050 1274 2078 55.
1297 2048 1400 2078 Aliter
1418 2049 1518 2080 Carus

784 2094 867 2125 alibi.

831 2155 912 2186 Ibid.
934 2158 1088 2190 obsederat
1102 2160 1175 2190 vz‘aS.
1220 2160 1426 2198 Mantuanus,
1437 2161 1513 2193 AEn.

785 2205 817 2236 ii.
832 2210 905 2237 532.

846 2288 966 2314 obsedere
977 2291 1021 2315 alii
1029 2291 1090 2317 telis
1099 2296 1209 2324 angusta
1218 2293 1341 2324 viarum,

844 2328 1005 2360 Obpositi—.

785 2397 872 2429 Libri
890 2400 1017 2439 quidam
1043 2401 1087 2432 ibi
1113 2402 1198 2440 dant,
1229 2405 1392 2444 oppositi&
1415 2414 1510 2443 quam

784 2451 949 2482 lectionem
960 2453 1041 2483 male
1051 2456 1203 2493 praeponit
1213 2455 1378 2491 Heinsius,
1387 2455 1510 2494 recepta

783 2503 877 2544 longe
891 2503 1046 2545 longeque
1061 2506 1180 2536 meritis
1191 2506 1381 2543 inferiorem,
1397 2507 1423 2536 si
1439 2517 1506 2536 mo-

781 2554 823 2584 do
839 2565 955 2593 versus,
979 2562 1015 2586 ut
1028 2567 1121 2595 supra
1135 2557 1305 2596 posuimus,
1332 2556 1506 2597 distingua-

780 2611 840 2635 tur.
888 2608 1024 2646 Opposz'tz'
1044 2618 1166 2647 nempe,
1190 2619 1221 2639 se
1244 2615 1434 2647 opponentes,
1458 2607 1508 2638 vel

781 2659 972 2698 obsistentes,
998 2661 1208 2691 venientibus:
1234 2661 1337 2691 videas
1362 2661 1396 2690 in
1425 2662 1506 2692 hanc

780 2720 847 2740 rem
863 2711 990 2741 uberius
1003 2711 1166 2750 disputata,
1184 2711 1224 2741 ad
1239 2721 1299 2742 ver.
1314 2715 1386 2741 318.

822 2761 898 2791 Ver.
908 2765 980 2792 547.
995 2764 1162 2793 simulacra
1173 2764 1320 2802 adaperta
1327 2776 1337 2793 .·
1356 2763 1399 2792 ita
1409 2762 1504 2802 scrip-

777 2818 847 2842 tum
877 2819 922 2843 est
944 2813 977 2843 in
1001 2814 1040 2844 O.
1066 2820 1109 2844 Ω..
1132 2819 1168 2844 ut
1196 2820 1261 2844 erat
1281 2814 1316 2844 iu
1345 2814 1503 2845 codicibus

777 2864 897 2903 scriptis
919 2865 970 2895 Pii
977 2877 986 2902 ;
1020 2865 1249 2906 elegantissime
1278 2865 1413 2906 quidem.
1460 2866 1501 2896 In

776 2915 895 2948 caeteris
909 2915 1055 2949 omnibus
1070 2916 1305 2957 exemplaribus,
1325 2916 1387 2960 qua
1401 2926 1499 2948 manu
