1912 3292
335 192 430 230 240

812 182 873 230 T.
917 181 1296 231 LUCRETII

478 313 576 355 Non
597 314 788 355 dubitant
807 314 994 364 transire,
1017 314 1199 370 sequenti
1220 314 1380 356 concita
1399 315 1533 373 plagii:

367 393 447 430 190
479 389 772 443 Subpeditatur
791 389 901 430 enim
921 388 1133 430 confestim
1152 389 1306 430 lumine
1325 389 1478 440 lumen,

480 462 535 504 Et
556 464 669 518 quasi
689 463 848 518 protelo
868 463 1097 504 stimulatur
1116 462 1275 520 fulgure
1293 463 1440 520 fillgur.

477 536 743 592 Quapropter
763 537 978 579 simulacra
996 538 1085 592 pari
1106 537 1264 578 ratione
1284 552 1444 579 necesse
1464 546 1522 578 est

478 610 784 652 Innumerabile
804 626 877 666 per
897 611 1071 665 spatium
1093 619 1369 652 transcurrere
1388 626 1507 666 posse

473 683 692 739 Temporis
711 684 755 724 in
774 691 944 738 puncto:
975 685 1170 738 primum,
1193 684 1302 740 quod
1325 684 1491 739 parvola
1511 699 1649 726 caussa

368 762 445 800 195
478 757 553 799 Est
571 757 714 812 procul
731 773 758 798 a
778 765 912 813 tergo,
933 771 1026 813 quae
1045 757 1259 812 provehat,
1280 766 1401 814 atque
1420 758 1631 814 propellat:

334 913 472 943 indocte:
498 911 570 943 vide
585 922 641 943 nos
655 911 696 943 ad
711 912 748 944 vi.
765 916 836 944 487.
857 914 878 944 i.
896 916 968 945 457.
993 914 1059 944 No-

336 964 407 994 nius
423 963 604 1001 Marcellus,
620 963 658 994 vi.
675 967 723 995 90.
747 967 770 982 “
787 965 961 996 IVumerum
978 970 1009 994 et
1023 964 1062 994 de

335 1019 357 1034 “
373 1015 421 1052 iis,
435 1025 504 1056 quae
514 1025 578 1045 non
590 1021 804 1052 numerantur,
818 1016 872 1046 sed
887 1019 1059 1047 admetiun-

336 1071 360 1086 “
373 1074 439 1106 tur,
455 1067 528 1105 dici,
544 1067 710 1097 auctoritas
726 1066 825 1097 voluit
842 1068 890 1098 M.
914 1067 1000 1098 Tull.
1023 1067 1062 1098 de

336 1123 360 1138 “
376 1119 427 1149 off.
445 1119 497 1150 lib.
512 1119 616 1149 tertio:
649 1119 692 1154 Si.
719 1118 853 1158 exempli
875 1119 988 1160 gratia,
1014 1119 1062 1149 vir

336 1175 359 1189 “
375 1172 477 1201 bonus
505 1169 696 1200 Alexandria
728 1170 878 1201 Rhodum
907 1180 1061 1211 magnum

337 1223 523 1264 “frumenti
543 1233 703 1253 numerum
727 1222 913 1252 advexerit.“
958 1222 1061 1252 Locus

335 1279 434 1304 exstat
447 1273 481 1303 in
495 1279 566 1303 sect.
585 1276 632 1303 12.
656 1272 710 1303 ubi
738 1273 887 1303 Pearcius
909 1272 1061 1304 videndus

335 1332 390 1356 est.
439 1324 547 1355 Addas
564 1324 722 1355 Isidorum
737 1324 821 1363 licet,
846 1325 945 1366 origg.
964 1325 994 1355 ii.
1012 1328 1061 1356 ll.

336 1381 360 1396 “
377 1378 588 1409 Numer-abilis
612 1378 790 1417 magnitudo
821 1382 874 1412 est,
906 1387 976 1417 quae
1001 1387 1060 1407 nu-

335 1433 358 1449 “
374 1429 468 1460 meris
483 1428 684 1460 arithmeticae
699 1428 794 1458 dividi
807 1428 938 1467 potest.”
963 1428 1063 1459 Haud

336 1480 432 1512 alieni
453 1486 527 1510 sunt
557 1479 721 1519 Sophoclei
756 1489 861 1510 versus
888 1479 923 1509 in
952 1479 1061 1519 Ajace,

336 1542 396 1563 ver.
413 1534 485 1563 646.

352 1624 483 1652 'Aa-mm
497 1624 643 1650 ΜΔΚΡΟΣ
658 1623 682 1650 κ’
700 1623 968 1665 ᾼΝΑΡΙΘΜΗΤΟΣ
980 1625 1063 1650 XPO·

488 1673 556 1698 ΝΟΣ

355 1725 412 1749 Qvo
424 1721 446 1748 τ’
458 1721 554 1752 αδηλοι,
569 1731 615 1747 κου
627 1728 735 1754 cantura
745 1729 893 1756 κρυπτεταιι.

338 1798 483 1835 Quorum
493 1805 639 1826 versuum
648 1802 832 1832 venustates,
841 1795 890 1826 vel
900 1806 969 1837 quae
983 1796 1064 1837 figu-

336 1859 405 1880 ram
433 1852 559 1888 spectat,
574 1847 623 1877 vel
637 1857 708 1887 quae
722 1847 874 1877 sermonis
889 1847 1061 1887 proprieta-

334 1908 408 1936 tem,
433 1911 533 1942 quum
558 1910 652 1931 nemo
673 1900 813 1931 videatur
834 1907 992 1941 perceptas
1006 1903 1061 1932 ha»

335 1953 448 1987 buisse,
479 1951 555 1981 libet
583 1951 634 1980 his
662 1951 696 1981 in
722 1951 826 1982 lucem
848 1953 1062 1991 protrahendis

334 2004 502 2046 paullisper
524 2002 692 2038 immorari,
723 2009 759 2033 ut
785 2003 908 2033 lautum
934 2003 1061 2045 Tragici

335 2061 506 2088 amatorem
520 2058 714 2083 transeuntes
729 2053 954 2084 demereamur.

336 2107 470 2140 Utinam
484 2103 581 2144 igitur
595 2103 628 2133 in
643 2104 752 2143 primis
766 2104 899 2135 editores
920 2105 1061 2136 doctissi-

335 2160 382 2191 mi
396 2158 486 2189 nobis
500 2167 563 2188 non
574 2163 677 2188 essent
686 2157 844 2198 dedignati
859 2158 973 2197 dicere,
985 2159 1061 2200 quid

338 2210 395 2240 sibi
410 2208 503 2239 vellet
517 2209 583 2239 haec
599 2209 700 2238 forma
715 2209 798 2239 verbi
815 2223 985 2252 xpum-term·
1009 2211 1060 2241 cui

337 2260 459 2291 videtur
488 2260 651 2290 obhaesisse
681 2260 865 2291 scholiastes.
921 2262 1063 2292 Audiant

340 2311 437 2352 igitur
452 2321 471 2341 a
485 2321 544 2347 me,
559 2316 700 2341 tenorem
716 2312 864 2341 orationis
880 2313 1062 2344 translatum

339 2374 403 2394 esse
418 2373 437 2393 a
450 2369 539 2394 terrae
554 2363 704 2401 moribus,
721 2363 764 2393 sic
777 2369 811 2393 ut
822 2374 875 2394 eos
885 2371 988 2395 noster
997 2366 1062 2396 Lu·

337 2416 451 2447 cretius
465 2414 669 2455 descripserit,
685 2415 725 2446 ad
739 2426 764 2446 v.
778 2420 848 2446 260.

500 2496 627 2527 quoniam
638 2496 720 2521 dubio
731 2497 824 2528 procul
836 2504 891 2523 esse
903 2498 1010 2523 videtur

367 2536 542 2567 omniparens
553 2535 647 2561 eadem
658 2542 748 2560 rerum
756 2542 892 2562 conrnune
899 2537 1062 2568 sepulcrum:

339 2627 412 2646 cum
427 2616 541 2657 quibus
555 2626 715 2656 compares
729 2617 824 2647 velim
847 2617 866 2648 i.
883 2620 1062 2650 250—255.

337 2677 365 2696 v.
384 2670 474 2698 1587.
495 2670 586 2697 1588.
612 2674 644 2698 et
657 2678 786 2699 omnem
800 2678 867 2699 rem
881 2669 1001 2699 tenebis
1015 2669 1063 2700 lu-

339 2717 486 2749 culenter.
521 2719 619 2750 Vides
632 2720 729 2760 igitur
744 2721 928 2761 exquisitam
938 2721 1063 2762 elegan-

338 2769 416 2798 tiam
438 2769 522 2798 vocis
544 2783 714 2811 κρυπτεται·
737 2783 776 2802 IN
798 2782 834 2802 st:
853 2775 964 2808 condit,
990 2773 1061 2802 “in

337 2824 359 2838 ‘⁴
376 2820 497 2860 gremio
511 2832 568 2851 suo
584 2823 701 2853 celat:''
723 2835 787 2865 quo
802 2825 881 2854 nihil
895 2824 1063 2865 magnifico

339 2870 429 2910 potita
450 2871 586 2912 dignius.
633 2874 720 2905 Hinc
747 2876 899 2906 Horatius
922 2876 1060 2915 profecit,

1104 919 1140 944 ut
1153 914 1223 944 aliis
1236 912 1356 944 dudum
1371 919 1417 944 est
1430 913 1691 952 animadversum,
1714 923 1823 954 quam-

1103 965 1149 994 vis
1158 964 1197 995 ad
1206 966 1326 995 noetalla
1336 965 1549 1004 metaphoram
1558 964 1728 1001 detorserit,
1739 964 1825 1004 epist.

1106 1016 1125 1046 i.
1141 1020 1171 1047 6.
1188 1019 1238 1046 24.

1104 1089 1241 1120 Quidquid
1250 1089 1298 1113 sub
1310 1088 1380 1113 terra
1391 1091 1441 1118 est,
1451 1088 1478 1112 in
1489 1087 1610 1120 apricum
1621 1087 1739 1120 proferet
1748 1091 1829 1120 atain

1105 1128 1241 1159 Det'odiet‚
1252 1129 1415 1159 condetque,
1426 1127 1581 1154 nitentia—-

1106 1192 1257 1232 Apposita
1272 1197 1346 1222 sunt
1357 1191 1496 1230 Orphica
1506 1189 1658 1232 quaedam,
1672 1191 1829 1222 Clementi

1107 1244 1333 1280 Alexandrino,
1356 1249 1387 1274 et
1401 1243 1480 1280 aliis,
1504 1248 1695 1275 conservata:
1722 1249 1827 1276 strom.

1104 1307 1131 1327 v.
1149 1300 1197 1326 14.

1143 1375 1251 1402 Παντοις
1263 1383 1315 1408 γαρ
1326 1373 1439 1408 κρυ-ψας,
1452 1372 1518 1402 ωυθις
1529 1380 1589 1405 caue
1604 1382 1626 1402 ες
1635 1373 1769 1404 mxumae:

1144 1423 1179 1452 Εξ
1189 1421 1253 1456 {epm
1265 1421 1373 1456 κραδιαις
1387 1430 1547 1451 ανευιγκοιτο,
1557 1430 1672 1456 μιρμερι
1683 1421 1760 1456 [it-im.

1106 1487 1243 1519 Pulchre
1272 1487 1478 1526 Claudianus,
1507 1487 1547 1518 de
1582 1487 1666 1518 laud.
1701 1487 1769 1520 Stil.
1797 1489 1828 1520 ii.

1106 1542 1180 1570 424.

1136 1622 1180 1645 Est
1190 1620 1283 1652 ignota
1290 1621 1394 1652 procul,
1403 1623 1558 1652 nostraeque
1569 1619 1698 1653 impervia
1709 1622 1807 1653 menti,

1137 1660 1191 1684 Vix
1203 1659 1325 1685 adeunda
1335 1660 1400 1690 deis,
1411 1666 1544 1684 annorum
1555 1659 1673 1691 squalida
1683 1663 1782 1692 mater,

1139 1700 1267 1725 immensi
1277 1701 1404 1732 spelunca
1413 1701 1477 1730 aevi,
1485 1707 1548 1732 quae
1558 1704 1682 1733 tempora
1692 1704 1768 1727 vasto

1139 1740 1308 1772 suppeditat,
1318 1744 1493 1772 revocatque,
1501 1741 1571 1765 sinu.

1109 1811 1171 1842 Sed
1182 1812 1248 1842 haec
1262 1813 1421 1842 hactenus.
1468 1811 1508 1842 In
1523 1811 1607 1841 viam
1621 1811 1723 1843 redeo.

1150 1862 1230 1893 Ibid.
1261 1874 1319 1903 per
1347 1864 1480 1903 spanum
1509 1869 1727 1894 transcurrere.

1106 1914 1174 1944 sine
1189 1913 1405 1953 praepositione
1424 1913 1577 1953 superius,
1592 1912 1633 1943 ad
1647 1913 1678 1944 ii.
1696 1917 1765 1945 163.

1785 1864 1830 1895 At

1151 1979 1351 2011 multiplexque
1361 1979 1414 2004 loci
1424 1978 1535 2012 spatium
1545 1983 1760 2005 transcurrere—.-

1105 2036 1190 2077 quod
1212 2035 1364 2077 Virgilius
1379 2036 1502 2074 maluit,
1517 2036 1591 2066 AEn.
1606 2035 1646 2065 ix.
1659 2038 1728 2066 111.

1138 2117 1202 2143 Heic
1213 2118 1332 2150 primum
1344 2124 1415 2143 nova
1426 2118 1476 2142 lux
1482 2117 1565 2142 oculis
1572 2116 1692 2147 obfulsit,
1701 2120 1729 2142 et
1737 2117 1829 2150 ingens

1136 2157 1221 2187 Visus,
1232 2158 1265 2181 ab
1275 2157 1390 2187 Aurora,
1401 2157 1488 2182 coelum
1500 2162 1671 2181 transcurrere
1682 2156 1803 2182 nimbus:

1106 2228 1191 2259 unde
1208 2228 1377 2259 Mantuani
1391 2228 1477 2258 illius
1502 2234 1656 2258 amatores
1670 2228 1830 2260 verissima

1107 2282 1205 2320 po'etae
1221 2282 1270 2312 sui
1285 2281 1479 2312 restitutione
1490 2282 1559 2322 jam
1573 2291 1659 2312 nunc
1669 2283 1778 2321 beabo,
1789 2281 1830 2313 ad

1108 2334 1184 2364 AEn.
1199 2344 1228 2364 v.
1245 2337 1318 2366 527.

1423 2414 1512 2439 coelum
1522 2421 1572 2440 ceu
1579 2420 1663 2447 saepe,
1671 2414 1768 2446 refixa,

1136 2455 1349 2485 Transcurrunt,
1370 2455 1527 2486 crinemque
1546 2453 1665 2479 volantia
1679 2454 1763 2480 sidera
1781 2454 1831 2480 du-

1228 2497 1305 2518 cunt.

1107 2564 1216 2606 Vulgo
1242 2565 1395 2603 scribitur,
1411 2567 1497 2596 coelo:
1523 2564 1542 2596 ἰ.
1566 2575 1592 2595 e.
1614 2567 1694 2602 coel5,
1715 2566 1829 2604 coelmn,

1105 2618 1220 2652 coelum,
1237 2617 1278 2647 ad
1293 2616 1472 2658 sequiorum
1482 2615 1658 2647 seculorum
1667 2616 1828 2657 orthogra-

1106 2667 1225 2706 phiam:
1252 2667 1318 2698 redi
1334 2667 1375 2698 sis
1390 2667 1429 2698 ad
1444 2678 1505 2698 ver.
1522 2670 1592 2698 134.
1606 2666 1737 2707 hujusce
1747 2666 1830 2698 libri.

1149 2720 1224 2750 Ver.
1243 2724 1312 2752 194.
1329 2723 1475 2762 parvola:
1500 2720 1521 2751 i.
1535 2731 1561 2750 e.
1577 2725 1643 2751 tam
1656 2720 1782 2751 subtilia
1792 2731 1829 2752 ac

1106 2771 1229 2801 minuta
1243 2771 1322 2801 lucis
1337 2771 1533 2810 corpuscula;
1549 2777 1585 2801 ut
1594 2771 1662 2811 jam
1673 2771 1778 2802 docuit
1787 2771 1829 2804 ad

1107 2832 1166 2852 ver.
1184 2826 1255 2854 192.
1275 2829 1307 2852 et
1321 2833 1406 2860 mox,
1422 2822 1462 2853 ad
1476 2833 1536 2853 vcr.
1556 2826 1623 2854 196.
1647 2823 1691 2853 Et
1710 2823 1828 2862 phrasis
1852 2821 1855 2824 ’

1105 2876 1246 2914 temporis
1255 2881 1371 2915 puncto
1388 2874 1544 2906 Pauffinae
1558 2874 1604 2905 ini
1621 2888 1645 2906 εν
1659 2888 1772 2917 army,
1793 2875 1828 2906 in
1852 2868 1857 2874 ⁵
