1912 3292
335 225 366 265 2
845 216 905 265 Τ.
943 216 1322 266 LUCRETII

474 347 590 391 Ficta
608 349 761 404 pedum
780 364 892 405 pono
911 350 1058 406 pressis
1078 350 1245 406 vestigia
1265 351 1407 408 signis;

415 427 441 464 5
471 422 572 466 Non
590 423 648 465 ita
667 423 849 466 certandi
870 423 1056 479 cupidus,
1079 438 1203 480 quam
1222 433 1392 480 propter
1410 438 1609 476 amorem,

328 588 408 613 tores
432 579 473 610 de
498 589 556 610 suo
581 579 673 610 nobis
695 579 849 610 dederunt
872 581 905 612 F
908 582 970 619 isa,
996 590 1052 620 pro

328 634 422 664 Ficta
429 647 440 668 ;
463 630 669 667 inscitissime,
693 637 724 662 et
738 631 889 662 librorum
905 632 1051 662 omnium

326 682 400 714 fidei
428 682 634 722 contemptim
654 682 848 714 insultantes.
898 682 958 713 Sed
987 693 1051 713 non

327 743 445 765 novum
460 739 506 764 est
519 733 581 764 illis
595 734 638 764 ita
653 733 793 764 lascivire
807 734 840 763 in
855 734 1049 765 Lucretium.

369 785 451 816 Ibid.
469 786 585 825 pedum
605 786 741 825 vestigia.
789 785 838 815 Sic
857 785 1053 816 Mantuanus

324 836 390 876 ille,
406 837 481 867 AEn.
497 837 548 867 vii.
563 840 636 869 689.

673 896 785 929 vestigia
796 897 868 922 nuda
878 897 972 922 sinistri

386 935 530 961 Instituere
537 935 648 967 pedis—.

366 984 448 1016 Ibid.
467 996 548 1026 pono
562 988 698 1026 vestigia.
743 985 836 1016 Idem
852 986 957 1024 Mam,
983 997 1050 1027 geo.

323 1036 366 1067 iii.
386 1040 456 1068 195.

547 1094 656 1119 summi
665 1094 778 1127 vestigia
787 1098 866 1127 ponat
877 1095 968 1121 areni.

321 1144 432 1183 Porro,
448 1154 547 1185 quum
551 1145 635 1187 ficta
651 1144 752 1175 valeat
767 1144 830 1176 alio
845 1155 938 1176 sensu
949 1145 1051 1187 falsa,

321 1196 407 1226 hunc
420 1206 546 1227 versum
560 1196 648 1236 quasi
669 1196 802 1238 σαρῳδειν
818 1197 951 1228 Ovidius
966 1198 1050 1228 vide-

320 1247 348 1277 ri
363 1252 474 1286 potest,
494 1252 568 1277 met.
584 1246 617 1276 ii.
637 1249 707 1277 871.

351 1305 426 1330 Falsa
433 1305 527 1338 pedum
537 1305 631 1338 primis
642 1306 755 1339 vestigia
762 1307 834 1339 ponit
844 1307 871 1331 in
883 1307 969 1332 undis.

320 1356 366 1387 Et
392 1355 567 1386 locutiones
591 1357 697 1394 Ficta,
721 1358 836 1397 pressis
859 1359 967 1396 signis,
997 1356 1050 1387 ille

321 1407 488 1450 Virgilius,
513 1409 666 1449 interpres
692 1409 841 1448 optimus,
871 1408 1048 1446 declarabit,

321 1469 359 1490 ex
375 1461 450 1491 AEn.
466 1459 506 1491 vi.
522 1464 573 1491 80.

453 1519 510 1545 fera
520 1520 602 1545 corda
613 1521 736 1551 domans,
744 1520 879 1553 fingitque
887 1521 1030 1552 premendo.

323 1567 428 1599 Suum
437 1570 511 1612 fixa
534 1569 668 1600 editores
690 1569 845 1600 illustrare
867 1569 977 1600 saltem
993 1580 1048 1609 po·

321 1619 453 1650 tuissent
469 1620 659 1659 Prudentio,
673 1621 776 1660 perist.
791 1621 833 1652 xi.
852 1624 921 1653 195.

381 1679 478 1705 oscula
489 1680 629 1712 perspicuo
633 1679 723 1712 figunt
735 1679 854 1712 impressa
866 1680 986 1705 metallo.

361 1728 437 1759 Ver.
457 1731 487 1760 5.
509 1740 620 1769 quam.-
646 1729 687 1758 V.
703 1728 751 1758 ed.
770 1739 844 1769 que;
870 1728 989 1767 volens,
1015 1729 1049 1759 ni

320 1778 422 1817 fallor,
435 1789 514 1819 qua;
538 1779 624 1819 quod
638 1779 835 1809 verissimum
850 1780 940 1818 foret,
963 1786 994 1810 et
1015 1781 1049 1810 in

319 1830 482 1871 vulgatam
495 1829 661 1860 lectionem
675 1841 766 1870 quam
782 1830 930 1861 facillime
945 1831 1047 1861 detor-

320 1888 402 1919 tum,
428 1882 469 1912 ob
490 1880 673 1921 exquisitius
698 1881 823 1912 dicendi
845 1892 954 1922 genus.
998 1884 1048 1913 Ita

319 1943 446 1972 nempe,
463 1932 503 1963 ad
514 1942 635 1963 morem
649 1933 825 1963 istiusmodi
837 1934 982 1964 omnium
996 1944 1049 1964 vo-

318 1983 475 2022 cularum,
500 1983 579 2014 nihil
605 1990 651 2014 est
673 1983 732 2014 nisi
754 1994 813 2014 vox
837 1983 895 2015 istri
912 1985 945 2014 in
960 1995 1046 2015 com-

318 2035 473 2075 pendium
501 2035 635 2066 redacta.
690 2036 741 2066 Sic
764 2036 861 2076 igitur
889 2036 1048 2075 implenda

317 2094 365 2118 est
391 2093 486 2128 atque
510 2087 692 2118 resolvenda
716 2088 905 2119 constructio
922 2094 1046 2119 senten-

317 2141 383 2170 tiae:
412 2143 434 2158 “
452 2139 519 2170 Ista
533 2139 594 2176 vici,
612 2139 674 2180 qua
688 2140 818 2181 vestigia
832 2140 951 2180 pedum
964 2151 1049 2180 pono

317 2194 340 2210 “
356 2195 482 2231 propter
505 2200 655 2227 amorem,
681 2201 745 2222 non
769 2191 902 2231 cupidus
925 2198 1044 2222 certan-

317 2245 341 2262 “
356 2242 421 2274 di.'’
466 2243 555 2279 Quin
571 2253 640 2284 age,
663 2243 765 2274 simile
783 2243 941 2283 specimen
963 2254 1046 2274 reso-

318 2293 395 2326 lutae
409 2295 647 2326 constructionis
661 2295 884 2326 admoveamus
898 2296 993 2326 etiam
1008 2306 1046 2326 ex

319 2348 368 2378 M.
384 2347 504 2386 Tullio,
528 2348 563 2378 in
579 2348 672 2378 Verr.
699 2348 738 2378 iv.
761 2352 812 2378 2‘2.
837 2351 858 2366 ‘⁴
876 2348 988 2389 Neque
1013 2358 1045 2379 e-

316 2401 338 2417 “
355 2398 425 2428 nim
439 2401 483 2429 ita
499 2409 534 2429 se
545 2398 641 2440 gessit
655 2399 690 2429 in
705 2399 754 2429 his
767 2400 871 2437 rebus,
882 2405 1045 2440 tamquam

317 2451 340 2467 “
355 2449 511 2480 rationem
539 2449 708 2492 aliquando
741 2457 821 2481 esset
849 2450 1044 2490 redditurus;

317 2503 340 2519 “
356 2500 411 2531 sed
421 2511 546 2540 prorsus
557 2503 614 2541 ita,
625 2503 717 2542 quasi
727 2508 781 2532 aut
790 2512 861 2532 reus
870 2512 1045 2543 numquam

316 2554 339 2572 “
355 2558 436 2582 esset
450 2552 587 2591 futurus,
600 2558 665 2592 aut,
677 2564 740 2594 quo
754 2553 844 2593 plura
858 2553 1044 2592 abstulisset,

318 2605 341 2621 “
357 2611 396 2633 eo
421 2603 544 2633 minore
567 2604 707 2643 periculo
730 2604 766 2636 in
785 2604 945 2645 judicium
966 2611 1045 2635 esset

316 2657 340 2673 ‘⁶
355 2654 537 2685 venturus.”
583 2656 718 2696 Nempe,
743 2660 766 2675 “
780 2656 839 2689 isui
855 2656 904 2689 υίᾶ
927 2667 960 2688 se
973 2667 1042 2698 ges.-

317 2708 343 2725 “
357 2706 407 2743 sit,
429 2704 491 2746 quc‘z'
507 2715 540 2736 se
555 2707 707 2747 gessisset,
730 2711 758 2739 si
777 2719 951 2750 numquam
966 2715 1044 2740 esset

315 2760 338 2776 ‘⁴
355 2756 509 2788 rationem
523 2756 732 2789 redditurus.'’
758 2760 821 2791 Sed
835 2760 908 2790 satis
922 2760 963 2791 sit
977 2762 1043 2791 haec

314 2807 348 2838 in
377 2813 555 2839 transcursu
587 2809 948 2850 tetigisse—Caeterum,
984 2820 1043 2852 pro

315 2869 460 2898 amorem,
478 2865 518 2891 rt.
533 2861 682 2892 honorem.

357 2910 433 2944 ver.
450 2915 480 2945 6.
501 2918 548 2945 te.-
575 2916 611 2946 Δ.
628 2919 673 2946 Ω.
689 2915 921 2947 cia-imitare.-
947 2915 991 2946 sie
1000 2915 1040 2947 V.

1095 579 1142 611 ed.
1157 580 1298 622 quamvis
1313 580 1434 611 editum
1449 580 1488 611 sit
1502 579 1662 619 mendose,
1677 583 1821 621 invitare,

1095 631 1321 662 elementorum
1336 631 1535 662 lineamentis
1550 632 1600 662 vix
1615 631 1818 672 discrepanti-

1094 685 1164 714 bus:
1207 685 1372 726 αρχαϊκως,
1409 694 1465 723 pro
1495 686 1625 720 imitari,
1654 685 1737 725 quod
1763 695 1821 715 suu

1095 746 1183 766 more
1197 736 1230 766 in
1243 736 1370 777 reliquis
1385 735 1611 775 exemplaribus
1621 735 1730 767 insulsi
1746 737 1821 767 scri-

1095 789 1154 826 bae,
1176 788 1216 818 ad
1237 788 1399 827 proprium
1413 794 1541 828 gustum
1563 793 1594 818 et
1612 788 1822 819 eruditionem

1094 839 1201 870 omnia
1215 840 1384 880 exigentes,
1400 839 1593 870 substituere.
1627 839 1823 870 Glossarium

1093 898 1198 923 vetus:
1224 898 1243 910 “
1256 895 1373 928 Imitat,
1388 891 1554 931 mmm-auf
1589 891 1715 922 Nonius
1731 892 1822 923 Mar-

1093 943 1202 982 cellus,
1226 944 1298 974 xvii.
1314 947 1364 975 46.
1389 948 1409 962 “
1426 946 1544 975 Imitat.
1579 944 1694 982 Varro,
1709 943 1823 984 episto-

1095 1001 1118 1015 “
1134 996 1164 1026 la
1189 995 1315 1032 Latini,
1346 996 1397 1027 lib.
1421 997 1454 1026 ii.
1489 996 1597 1026 Tuum
1624 1006 1703 1036 opus
1727 1005 1824 1027 nemo

1096 1051 1118 1066 “
1135 1049 1257 1078 imitare
1273 1048 1534 1086 potest—Livius
1551 1047 1689 1078 Achille:

1128 1107 1148 1120 “
1161 1106 1186 1130 Si
1203 1106 1288 1131 malos
1304 1106 1416 1136 imitabo,
1430 1109 1491 1130 tum
1512 1110 1543 1130 tu
1559 1105 1677 1138 pretium
1689 1113 1738 1138 pro
1748 1106 1823 1132 noxi

1220 1147 1239 1159 “
1250 1145 1354 1170 dabis.”

1096 1207 1228 1226 ,—·aveo:
1256 1194 1352 1226 vind.
1367 1196 1408 1226 V.
1429 1195 1475 1226 ed.
1493 1195 1533 1226 Ο.
1550 1200 1585 1226 Δ.
1603 1202 1643 1226 Π.
1660 1199 1695 1227 Σ.
1710 1197 1820 1231 habeo,-

1094 1246 1216 1276 solenni
1244 1245 1432 1276 diversitate:
1470 1245 1540 1276 vide
1562 1246 1593 1276 ii.
1618 1248 1689 1278 265.
1733 1245 1825 1277 Hinc

1094 1297 1265 1327 scribarum
1279 1296 1464 1327 eximendus
1479 1303 1525 1327 est
1542 1306 1627 1327 error
1643 1297 1682 1333 Q.
1700 1297 1824 1335 Curtio,

1094 1348 1135 1379 ad
1156 1348 1196 1379 iv,
1214 1352 1241 1378 1.
1257 1351 1375 1379 25.-“
1392 1348 1456 1378 Hae
1477 1358 1592 1379 manus
1607 1348 1755 1379 suffecere
1769 1349 1825 1380 de-

1094 1402 1116 1418 “
1133 1398 1246 1430 siderio
1261 1409 1345 1430 meo:
1366 1399 1445 1429 nihil
1459 1401 1583 1430 habenti
1597 1399 1676 1429 nihil
1690 1399 1823 1430 defuit-'⁷

1093 1453 1189 1494 Lege,
1219 1455 1321 1484 aventi
1324 1469 1336 1490 ,-
1369 1453 1421 1483 cui
1449 1453 1640 1483 contrarium
1669 1458 1716 1483 est
1745 1452 1823 1483 illud

1094 1505 1323 1536 Horatianum:

1475 1564 1561 1590 multa
1572 1565 1726 1597 petentibus

1155 1607 1258 1630 Desunt
1269 1604 1365 1629 multa.

1094 1656 1137 1686 Et
1151 1654 1378 1685 animadvertas
1398 1664 1534 1691 mecum,
1559 1653 1665 1690 lector,
1687 1659 1820 1694 quanto-

1092 1718 1165 1746 pere
1189 1707 1290 1747 prima
1313 1707 1401 1737 istius
1423 1717 1663 1746 amaa-aepactae
1678 1705 1822 1736 Paulinis

1092 1758 1155 1788 illis
1180 1765 1365 1799 congruant,
1391 1758 1424 1788 in
1450 1763 1521 1788 actt.
1545 1764 1641 1797 apost.
1657 1767 1706 1788 xx.
1727 1761 1822 1788 54.-

1094 1824 1157 1844 ταις
1182 1824 1290 1852 χρειαις
1316 1811 1584 1852 με’-ὑπηρετήσειν
1602 1812 1651 1840 ‘Al
1677 1815 1821 1841 XEIPEE

1092 1863 1428 1892 ‘ATTA1.-—lzirmz‹lo.·
1454 1862 1496 1891 V.
1525 1860 1572 1891 ed.
1603 1862 1751 1896 herendo5
1785 1866 1822 1891 Δ.

1093 1917 1238 1951 fironda,-
1276 1924 1371 1955 quam
1401 1915 1585 1953 scripturam
1620 1913 1821 1944 vetustiorem

1093 1966 1166 1996 hinc
1182 1966 1330 1995 Lucretio
1344 1964 1567 1995 restituendam
1582 1965 1699 1995 censui.

1136 2016 1216 2046 lbid.
1236 2018 1416 2047 contendat:
1442 2025 1565 2055 nempe,
1588 2021 1699 2051 canem
1723 2021 1760 2045 ut
1773 2014 1819 2045 af-

1091 2067 1154 2097 fine
1168 2066 1207 2096 sit
1220 2066 1301 2097 illud
1316 2066 1543 2107 virgilianum,
1560 2066 1614 2097 ccl.
1631 2067 1691 2097 viii.
1707 2069 1758 2098 55.

1200 2126 1298 2150 Certent
1307 2128 1334 2150 et
1344 2125 1427 2156 cycm'r
1438 2125 1528 2150 ululae:

1091 2175 1239 2205 haustum
1255 2184 1292 2204 ex
1308 2174 1486 2213 Theocrito,
1503 2174 1544 2205 id.
1561 2175 1580 2205 i.
1599 2179 1667 2207 156.

1170 2238 1223 2274 Κῇξ
1236 2247 1301 2273 opem
1315 2248 1352 2264 τοι
1367 2247 1463 2266 ozan-‘⁵5
1477 2238 1565 2267 αηδοσι
1579 2248 1739 2274 yoepvnuvro.

1092 2292 1173 2322 Haec
1199 2291 1316 2322 scilicet
1339 2291 1554 2332 interpretatio
1583 2292 1753 2323 editoribus
1778 2292 1819 2323 ad

1089 2353 1191 2373 unum
1207 2342 1342 2382 placuitg
1363 2349 1393 2374 et
1408 2343 1531 2374 facilior
1545 2354 1578 2374 re
1599 2343 1672 2374 veri
1697 2343 1818 2383 simpli-

1088 2394 1216 2435 ciorque
1238 2394 1408 2425 existimari
1430 2400 1543 2434 potest:
1573 2394 1627 2425 sed
1641 2395 1818 2435 cogitabam

1088 2446 1246 2487 equidem,
1262 2457 1302 2477 an
1319 2446 1358 2477 de
1373 2449 1473 2478 volatu
1489 2446 1666 2477 hirundinis
1683 2453 1714 2477 et
1727 2446 1818 2487 cycni

1088 2497 1296 2529 diversissimo
1317 2498 1484 2529 Lucretius
1510 2497 1643 2539 intelligi
1666 2498 1815 2536 voluerit;

1088 2556 1123 2580 ut
1139 2549 1298 2589 Epicurus
1312 2549 1420 2590 utique
1442 2549 1483 2579 ad
1499 2549 1613 2579 coelum
1628 2559 1736 2590 usque,
1760 2559 1817 2590 per

1088 2600 1283 2631 flammantia
1312 2599 1424 2630 mundi
1449 2600 1575 2639 moenia,
1605 2599 1708 2640 penna
1737 2599 1815 2630 solvi

1089 2658 1249 2684 metuente
1271 2653 1375 2690 nixus,
1402 2652 1584 2691 evolaverit;
1609 2652 1686 2683 dum
1713 2651 1816 2682 Carus

1087 2706 1152 2745 ipse
1167 2705 1248 2735 circa
1270 2704 1414 2735 tellurem
1437 2706 1588 2735 nictantes
1607 2703 1671 2734 alas
1685 2703 1814 2734 humilis

1087 2763 1249 2788 exerceret.
1274 2755 1439 2797 Virgilius,
1453 2766 1522 2796 geo.
1539 2755 1558 2785 i.
1574 2757 1647 2786 377.

1141 2819 1196 2844 Aut
1207 2820 1302 2849 arguta
1313 2816 1383 2842 lacus
1392 2816 1486 2841 circum
1497 2815 1620 2840 volitavit
1629 2814 1748 2840 hirundo.

1087 2867 1191 2905 Idem,
1206 2866 1261 2897 ecl.
1276 2867 1318 2897 ix.
1334 2870 1384 2899 29.

1147 2928 1295 2955 Cantantes
1306 2926 1409 2952 sublime
1419 2925 1508 2952 serent
1517 2925 1553 2951 ad
1562 2923 1645 2950 :idem
1655 2922 1732 2956 cycni.
