1912 3292
331 191 422 233 186

827 177 888 224 Τ.
942 168 1322 222 LUCRETII

472 313 697 362 Restinxit‚
719 310 848 352 stellas
868 313 1038 349 exortus
1056 305 1116 346 uti
1136 303 1270 346 a‘erius
1290 300 1361 342 sol.

531 389 600 431 Tu
621 402 718 429 vero
737 383 963 434 dubitabis,
984 389 1025 423 et
1043 378 1329 436 indignabere,
1343 373 1472 421 obire,

331 548 405 585 Quo
418 544 509 584 nihil,
531 554 583 575 me
593 541 709 585 judice,
734 538 800 570 ficri
814 541 935 578 poterat
949 535 1055 566 infice-

330 601 407 631 tius:
434 608 510 628 nam
525 606 544 626 a
559 593 697 626 Lucretii
720 589 918 631 simplicitate
939 587 1055 628 longis-

330 651 409 682 sime
424 650 517 680 distat
530 649 597 678 haec
612 645 703 683 ratio,
723 649 755 674 et
768 641 896 673 mollem
912 638 1059 670 carminis

331 702 501 734 fluxionem
511 697 702 730 odiosissime
711 692 996 725 intercidit-uam
1006 700 1058 720 vc-

331 765 367 786 ro
382 757 489 794 Sponte
503 750 570 786 suci,
600 755 635 779 ut.
655 746 818 778 hominem
840 745 954 775 fortem
968 748 1061 783 atque

331 810 525 837 constantem
540 801 654 833 decuit.
679 800 730 831 Ita
742 800 789 830 M.
802 797 940 834 Tullius,
958 794 1057 826 Acad.

330 858 363 888 ii.
392 859 444 886 25.
481 858 505 873 ‘⁸
530 852 618 890 Quid
645 852 756 892 loquar
784 850 824 881 de
853 845 1057 880 Democrito?

332 911 355 927 “
372 907 479 942 Quem
492 914 567 936 cum
589 913 627 934 eo
641 902 781 933 conferre
796 910 971 940 possumus,
995 907 1059 928 non

331 962 356 978 “
370 958 465 988 modo
490 956 612 998 ingenii
635 955 862 994 magnitudine,
884 951 939 982 sed
963 949 1059 980 etiam

333 1015 356 1029 “
371 1011 473 1041 animi
478 1009 495 1039 ?
500 1008 519 1020 ’²

375 1061 456 1092 Ibid.
479 1065 569 1100 caput
586 1059 687 1089 obvius
702 1057 817 1087 obtulit.
842 1053 935 1085 Idem
950 1051 1058 1092 Virgi-

332 1114 406 1152 lius,
423 1113 498 1144 AEn.
514 1121 544 1142 x.
560 1113 632 1143 55‘2.

426 1179 528 1205 Obvius
541 1176 647 1203 ardenti
658 1180 708 1201 sere
718 1174 815 1200 obtulit.

334 1238 439 1270 Quem
455 1236 560 1266 locum
578 1233 732 1265 Heinsius
745 1241 907 1272 perperam
927 1229 1060 1260 solicita-

334 1289 397 1319 bat.

378 1340 451 1370 Ver.
475 1340 565 1370 1055.
587 1339 730 1368 decurso:
758 1335 797 1365 V.
821 1335 869 1366 cd.
896 1336 933 1365 de
956 1344 1059 1368 ουτω,-

336 1397 377 1421 Π.
393 1395 498 1420 autem
514 1391 551 1420 de
566 1399 668 1420 cursu.

377 1442 458 1473 Ibid.
480 1443 605 1473 lumine.
638 1440 691 1471 De
706 1438 863 1480 aliquibus
877 1435 1061 1476 exemplari-

332 1497 402 1532 bus,
425 1494 493 1530 sibi,
509 1494 629 1532 opinor,
646 1491 704 1522 soli
721 1491 809 1526 notis,
825 1489 1000 1521 Lambinus
1015 1487 1062 1518 lo·

332 1547 454 1588 quitur;
477 1545 530 1576 sed
553 1555 594 1575 an
610 1543 724 1584 scripti,
747 1554 787 1574 an
809 1541 951 1581 impressi
973 1539 1062 1581 typis»,

332 1608 397 1628 non
412 1597 510 1635 addit,
525 1596 580 1637 qui
593 1596 705 1636 legunt
714 1596 821 1625 limite.
845 1592 985 1624 Pessime
994 1600 1062 1622 om·-

333 1650 423 1679 nino:
451 1658 525 1678 nam
548 1645 756 1686 pulcherrima
780 1650 825 1675 est
847 1642 1008 1674 translatio
1029 1641 1064 1671 in

333 1699 450 1741 phrasi,
473 1702 596 1730 decurso
624 1699 752 1735 lumine,
780 1707 799 1726 a
821 1694 885 1725 sole
912 1694 1064 1724 diurnum

333 1750 526 1782 curriculum
540 1754 717 1789 peragente.
752 1745 949 1785 Pomponius
964 1743 1062 1779 Mela,

332 1803 354 1833 i.
372 1804 468 1832 l.-—-“
482 1800 568 1831 unde
582 1802 625 1832 sol
639 1800 747 1835 oritur,
770 1797 873 1828 oriens
898 1805 1063 1835 nuncupa-

335 1857 360 1873 “
372 1852 547 1893 tun—qua
562 1853 709 1887 decurrit,
725 1848 913 1880 meridies:”
937 1848 956 1878 i.
972 1858 997 1878 e.
1010 1847 1066 1878 ubi

333 1907 471 1936 deorsum
486 1914 620 1940 currere,
648 1902 697 1931 vel
721 1900 920 1938 descendere,
946 1899 1064 1938 incipit.

335 1956 502 1992 Pacuvius,
519 1955 603 1995 apud
616 1955 749 1985 Varron.
765 1953 805 1983 de
813 1953 889 1993 ling.
902 1953 970 1982 Lat.
980 1961 1006 1981 v.
1020 1954 1048 1980 2.

746 2038 836 2067 pastor

429 2080 533 2103 Exorto
539 2078 644 2108 jubare,
661 2076 748 2100 noctis
759 2074 861 2099 decurso
872 2074 968 2099 itinere.

337 2151 392 2182 Ad
417 2150 513 2181 finem
539 2148 650 2188 prioris
665 2147 781 2185 versus,
804 2157 864 2178 vox
887 2149 910 2177 it
938 2145 1066 2176 fortasse

335 2203 410 2244 poni
426 2203 528 2239 debet,
544 2208 581 2233 ut
595 2201 720 2242 numeri
733 2206 815 2230 recte
830 2199 940 2236 fluant;
955 2199 981 2228 si
997 2208 1064 2228 mo-

335 2255 377 2286 do
394 2254 546 2294 Virgilius
568 2253 609 2284 sit
631 2253 773 2283 imitatus
795 2251 911 2288 locum,
933 2249 973 2280 ad
990 2250 1064 2279 [ΕΠ.

337 2306 376 2337 ἰν.
396 2309 466 2337 150.

367 2381 506 2404 Oceanum
517 2378 620 2404 interea
629 2383 740 2410 surgens
752 2377 855 2401 Aurora
867 2374 1007 2406 relinquit:

369 2423 392 2444 lt
403 2419 496 2452 portis,
504 2418 599 2451 jubare
609 2421 708 2449 exorto,
724 2417 828 2443 delecta
838 2417 976 2448 juventus.

338 2490 518 2528 Petronius,
540 2489 579 2521 de
593 2489 664 2520 bell.
680 2489 736 2519 civ.
753 2493 781 2519 2.

339 2557 399 2590 Qua
409 2565 496 2588 mare,
508 2557 562 2589 qua
573 2560 666 2587 terrae,
681 2555 734 2588 qua
741 2554 811 2580 sidus
821 2554 901 2579 currit
911 2558 1069 2585 utrumque:

338 2626 432 2656 quem
467 2616 573 2647 locum
607 2615 757 2646 Barthius
789 2620 820 2644 et
848 2610 1070 2644 Bourdelotius

340 2673 422 2696 recte
436 2673 593 2706 ceperunt.
640 2666 758 2698 Confer
772 2671 926 2700 nostrum,
943 2663 980 2694 iv.
996 2664 1070 2695 595.

340 2719 411 2747 435.
431 2721 520 2749 1189.
545 2719 585 2754 Q.
604 2717 764 2757 Curtium,
779 2716 819 2747 iv.
836 2719 864 2747 7.
882 2718 931 2746 16.
957 2712 1069 2744 Tibul-

344 2767 426 2805 lum,
442 2767 481 2798 iv.
498 2772 524 2798 1.
541 2772 592 2800 51.
617 2770 777 2804 Senecam,
795 2767 882 2798 Med.
896 2770 947 2798 30.
974 2765 1071 2796 Plau.

341 2825 422 2857 tum,
439 2819 539 2850 Merc.
559 2820 601 2850 iii.
618 2824 646 2850 2.
663 2825 692 2851 4.
722 2819 918 2854 Terentium,
936 2816 1072 2856 Adelph.

340 2880 370 2901 v.
391 2874 419 2901 4.
439 2874 470 2902 6.
496 2870 541 2901 Et
566 2871 795 2912 Anthologiam
817 2869 967 2901 Latinam
989 2868 1072 2898 Bur-

1099 529 1210 561 manni
1225 537 1326 568 porro,
1349 526 1390 557 ad
1411 526 1448 556 iv.
1468 529 1516 556 lo.
1539 527 1569 555 5.
1593 533 1652 555 nos
1677 523 1826 555 emenda-

1100 583 1204 613 bimus
1219 584 1427 610 transeuntes:

1116 640 1286 672 Praecipitem
1298 639 1401 663 memet
1411 635 1499 668 superi
1508 641 1624 661 mersere
1633 634 1682 659 sub
1693 633 1809 658 umbra.-

1102 692 1209 734 vulgo,
1237 693 1337 721 undas
1343 705 1353 726 ,·
1377 688 1447 719 vide
1472 687 1563 728 Virg.
1588 687 1662 717 AEn.
1687 685 1727 715 vi.
1754 686 1827 715 267.

1102 755 1174 787 quae
1197 753 1287 774 voces
1309 741 1448 772 confusae
1477 745 1552 770 sunt
1576 738 1617 768 ad
1641 738 1760 768 Lucan.
1784 736 1828 766 ix.

1102 799 1174 826 818.
1189 801 1219 825 et
1234 794 1310 825 alias
1324 801 1468 833 persaepe.
1515 790 1596 821 Mox
1610 794 1730 825 autem,
1751 796 1828 816 verr.

1103 851 1132 878 8.
1147 852 1176 879 9.
1192 845 1332 888 ejusdem
1347 841 1589 885 epigrammatis,
1613 845 1736 880 propter
1751 847 1829 878 quos

1102 898 1250 939 poiimatii
1265 896 1458 928 mentionem
1473 894 1620 925 fecimus:

1165 973 1197 996 Et
1207 970 1379 1001 quandoque,
1394 968 1473 993 simul
1476 967 1555 1000 finito
1565 966 1661 991 lumine
1671 964 1750 994 vilae,

1163 1010 1284 1034 Manibus
1295 1008 1333 1032 hic
1344 1006 1442 1039 Juncti,
1457 1006 1556 1038 pariter
1564 1003 1715 1030 sociabimur
1726 1002 1805 1027 urmi.

1104 1073 1215 1114 Vulgo
1229 1071 1383 1108 scribitur,
1407 1072 1460 1108 Ue,
1475 1071 1535 1106 leis,
1549 1069 1741 1101 soczkwimur,
1758 1076 1831 1096 una.

1103 1125 1179 1156 Jam
1194 1133 1266 1154 vero
1280 1122 1405 1153 voculas
1425 1127 1455 1151 et
1469 1125 1562 1161 atque
1581 1125 1614 1149 ut
1631 1116 1747 1148 librarii
1762 1126 1830 1156 per-

1103 1176 1298 1207 miscuerunt
1311 1175 1345 1204 in
1361 1172 1470 1203 multis
1483 1171 1572 1202 locis:
1599 1169 1668 1200 vide
1685 1167 1832 1198 Draken-

1103 1227 1267 1258 borchium
1293 1225 1333 1255 ad
1362 1224 1414 1255 Sil.
1447 1223 1486 1254 It.
1513 1232 1539 1252 ν.
1563 1224 1635 1252 217.
1662 1225 1693 1250 et
1707 1218 1747 1249 ad
1764 1218 1834 1248 Liv.

1106 1279 1169 1309 xxi.
1187 1281 1237 1309 28.
1254 1281 1282 1307 8.
1321 1276 1409 1306 Hinc
1427 1274 1542 1305 Statius
1556 1278 1651 1303 restat
1664 1269 1832 1302 emendan-

1105 1329 1172 1365 dus,
1196 1328 1261 1359 silv.
1277 1327 1316 1357 iv.
1331 1330 1360 1357 5.
1379 1329 1448 1356 1:21.

1199 1401 1252 1426 En!
1273 1404 1300 1424 ur
1312 1399 1381 1425 colla
1391 1401 1475 1428 rotat,
1491 1397 1621 1428 novisque
1631 1396 1686 1420 late

1198 1440 1349 1466 Bacchatur
1359 1438 1460 1471 spatiis,
1476 1438 1603 1468 viamque
1614 1435 1716 1467 replet!

1105 1512 1202 1549 Libri,
1223 1519 1261 1543 et.
1309 1510 1478 1547 Caeterum,
1501 1519 1565 1538 una
1590 1513 1622 1537 et
1644 1517 1725 1537 urna
1743 1504 1835 1536 facile

1106 1563 1257 1596 confundi
1273 1567 1424 1603 poterant.
1466 1559 1527 1591 Sed
1541 1558 1641 1598 enim,
1662 1563 1700 1589 ut
1713 1557 1754 1588 ad
1768 1556 1835 1588 Lu-

1106 1616 1238 1648 cretium
1253 1619 1456 1651 revertamur,
1476 1610 1556 1642 nihil
1567 1608 1781 1650 tempestivius
1796 1607 1836 1638 ad

1106 1667 1300 1708 propositum
1322 1671 1465 1697 nostrum
1490 1661 1612 1694 Tibulli
1634 1671 1736 1698 versu,
1757 1659 1836 1700 eleg.

1107 1719 1146 1749 iv.
1164 1721 1191 1748 1.
1209 1721 1280 1749 160.
1318 1715 1405 1752 Quid
1420 1719 1527 1746 autem
1536 1717 1632 1750 vetat,
1646 1711 1725 1742 dum
1735 1710 1768 1740 in
1777 1710 1838 1740 hoc

1107 1780 1228 1808 sumus,
1251 1770 1410 1811 integrum
1420 1767 1528 1798 locum
1543 1763 1708 1796 emendate
1722 1761 1836 1793 consti-

1109 1829 1214 1854 tutum
1229 1820 1322 1853 dare?

1141 1896 1197 1922 illic
1208 1894 1315 1920 extensa
1326 1893 1405 1919 tellus
1413 1891 1587 1918 absconditur
1596 1889 1705 1920 umbri,

1138 1938 1172 1960 Et
1183 1935 1257 1960 nulla
1267 1934 1360 1959 incerto
1370 1932 1517 1965 perlabitur
1528 1930 1600 1955 unda
1611 1930 1725 1961 liquore,

1139 1975 1189 2000 Sed
1200 1974 1296 1999 durata
1306 1973 1375 2004 riget
1386 1971 1497 1996 densam
1511 1969 1538 1993 in
1549 1968 1719 2000 glaciemque
1730 1965 1836 1990 nivem-

1217 2019 1270 2044 que
1281 2020 1288 2037 ι

1138 2057 1245 2089 Quippe
1265 2055 1311 2080 ubi
1331 2061 1386 2079 non
1409 2059 1542 2084 umquam
1560 2052 1646 2077 Titan
1661 2050 1839 2082 superingerit

1218 2099 1303 2125 ortus,

1139 2137 1189 2161 Seu
1204 2137 1311 2167 propior
1322 2133 1398 2159 terris
1409 2131 1537 2157 aestivum
1547 2131 1636 2156 fertur
1646 2131 1673 2155 in
1686 2130 1792 2160 orbem,

1141 2177 1191 2200 Seu
1203 2174 1273 2200 celer
1285 2173 1406 2198 hibernas
1416 2175 1540 2204 properat
1550 2170 1681 2194 decurrere
1690 2169 1767 2194 lucer.
1776 2191 1786 2196 Χ

1140 2216 1175 2240 At
1186 2214 1276 2240 media
1286 2217 1326 2239 est
1339 2211 1434 2237 Plioebi
1445 2217 1551 2242 semper
1561 2209 1681 2240 subjecta
1691 2207 1812 2232 calori—.

1111 2279 1152 2309 In
1168 2278 1270 2318 primo
1284 2286 1376 2307 versu
1390 2274 1464 2306 libri
1472 2275 1597 2309 habent,
1612 2277 1642 2303 et
1655 2269 1765 2306 dens&
1786 2268 1840 2301 sed

1109 2332 1234 2361 densam
1263 2327 1368 2358 statim
1398 2325 1550 2367 sequitur.
1605 2322 1694 2354 Illud
1725 2324 1840 2354 incerto

1113 2382 1258 2422 Guyetus
1278 2383 1479 2420 praeceperat,
1501 2387 1553 2408 me
1575 2385 1687 2416 parum
1708 2372 1840 2405 conscio.

1114 2434 1224 2465 Mobili
1237 2441 1363 2471 nempe,
1382 2431 1422 2460 ob
1437 2436 1532 2460 aestus
1545 2433 1724 2468 ventosque.
1763 2423 1841 2456 Ovi-

1112 2485 1194 2522 dius,
1217 2493 1256 2513 ex
1272 2483 1365 2513 Pont.
1383 2481 1422 2512 iv.
1437 2483 1466 2511 3.
1481 2482 1532 2511 53.

1160 2553 1221 2583 Quo
1233 2550 1298 2576 libet
1307 2554 1347 2575 est
1357 2549 1433 2579 folio,
1445 2547 1499 2580 qua
1510 2547 1550 2572 vis
1559 2544 1677 2572 incertior
1686 2543 1761 2569 aura.

1113 2606 1291 2648 Vulgatum
1310 2608 1441 2646 incepto,
1463 2602 1548 2645 quod
1569 2599 1843 2642 longe-longeque

1113 2658 1343 2698 ineptissimum
1366 2662 1425 2695 est,
1448 2651 1704 2693 interpretatione
1729 2648 1843 2688 inepti-

1114 2719 1167 2740 ore
1181 2708 1322 2739 defendit
1337 2705 1500 2747 Heynius.
1533 2701 1652 2735 Confer
1665 2701 1844 2736 Lucanum,

1113 2760 1146 2791 ii.
1161 2762 1234 2791 571.
1257 2769 1297 2790 ne
1312 2757 1374 2789 alia
1389 2755 1581 2802 investigem.
1625 2752 1705 2784 Tres
1725 2757 1843 2792 postre-

1114 2822 1183 2844 mos
1204 2821 1311 2842 versus
1338 2809 1499 2840 verissime
1518 2806 1776 2847 transposuimus,
1798 2800 1846 2834 uti

1117 2864 1224 2896 statim
1238 2863 1314 2896 boni
1324 2862 1449 2904 judices
1463 2866 1642 2904 agnoscent.
