1912 3292
339 227 432 271 274

841 217 903 264 T.
946 214 1326 266 LUCRETII

362 355 444 391 415
476 349 585 400 Quae
605 350 729 391 variae
749 348 926 391 retinent
945 355 1104 406 gentae,
1126 354 1167 388 et
1187 346 1292 388 secla
1311 345 1501 388 ferarum.

474 425 534 466 At
553 424 758 479 conjectus
777 439 910 480 aquae,
936 423 1113 480 digitum
1132 436 1219 463 non
1239 421 1360 462 altior
1379 433 1525 470 unum,

474 498 560 548 Qui
579 497 732 554 lapides
752 498 858 539 inter
878 497 994 546 sistit,
1016 510 1090 550 per
1110 502 1236 536 strata
1255 495 1429 544 viarum,

471 573 723 628 Despectum
743 570 900 627 praebet
919 569 994 611 sub
1014 577 1141 610 terras
1161 568 1300 622 inpete
1321 575 1451 617 tanto,

345 740 436 749 —
446 729 504 753 Non
515 731 566 757 est,
576 727 674 758 lnquit,
684 726 757 757 quod
767 726 911 755 cernimus,
927 731 1011 750 unum
1015 733 1024 754 ;

343 769 468 801 Quinque
475 769 567 799 jacent
578 771 674 792 terrae:
687 766 802 798 spatium
814 766 966 790 discrimina
974 765 1052 790 fallit.

372 832 443 862 Ver.
460 834 530 860 413.
551 831 721 860 substrata:
742 829 782 860 O.
797 830 983 865 subseracta,·
1010 835 1050 859 Π.

324 882 665 915 ειιόιναεια.-ιειὴενίἰ3
677 881 849 920 ingentibus
858 894 867 910 :
889 886 933 910 Ω.
946 879 1052 915 divise,

327 935 447 965 aetlteris
463 934 496 963 in
509 933 660 972 gentibus.

370 983 451 1014 Ibid.
464 985 598 1014 aetheriis
612 984 692 1013 oris:
710 992 788 1022 quas
797 980 962 1021 Virgilius,
977 981 1052 1011 AEn.

326 1034 348 1064 i.
365 1037 438 1065 594.
459 1036 616 1065 aetheriam
625 1035 753 1073 plagam
769 1032 923 1062 vocitavit.

370 1087 445 1116 Ver.
461 1089 532 1116 414.
553 1086 775 1125 Interjectaque
790 1091 878 1115 sunt:
897 1084 935 1115 Β.
951 1085 1052 1115 Inter-

318 1138 406 1177 jecta
422 1139 696 1178 queunt—milia:
720 1136 765 1167 sic
780 1135 943 1166 emendate
961 1136 999 1167 P.
1016 1135 1054 1166 V.

329 1190 377 1221 ed.
396 1196 439 1221 Ω..

373 1240 447 1271 Ver.
466 1243 538 1272 415.
559 1242 708 1272 retinent:
738 1245 773 1269 ut
788 1238 919 1278 simplex
935 1244 1054 1277 tenent,

329 1309 433 1337 εχυσκ
453 1295 523 1326 vide
538 1295 558 1325 i.
570 1299 641 1327 496.
653 1295 684 1325 ii.
701 1298 752 1326 25.
780 1294 930 1329 Catullus,
945 1293 1015 1324 lxiv.
1026 1296 1054 1323 8.

359 1378 428 1402 Diva
437 1377 543 1408 quibus,
553 1376 661 1400 retinent
671 1376 698 1400 in
709 1375 821 1400 summis
832 1375 940 1399 urbibus
950 1375 1039 1405 arten,

359 1418 417 1449 Ipsa
429 1416 481 1442 levi
491 1416 556 1442 fecit
568 1416 729 1441 volitantem
742 1415 850 1441 flamine
861 1422 981 1440 currum.

330 1489 414 1520 vide
445 1489 666 1527 Arntzenium‚
696 1488 736 1519 ad
766 1487 874 1518 Aurel.
899 1487 984 1517 Vict.
1018 1487 1057 1518 de

333 1541 411 1571 Caes.
438 1541 459 1571 i.
485 1545 513 1572 5.
538 1540 650 1571 Mirari
676 1539 766 1570 liceat
790 1539 909 1569 interea
935 1539 1058 1578 po‘e'tam

331 1602 395 1622 non
424 1591 463 1622 dc
493 1590 641 1632 ambigua
672 1590 903 1621 constructione
933 1590 1057 1627 cavisse,

331 1643 508 1674 scribendo:

424 1726 495 1757 Quas
506 1723 587 1749 variae
599 1724 716 1750 retinent
728 1727 891 1757 gentes—-.

375 1804 448 1835 Ver.
463 1808 535 1835 416.
560 1806 620 1835 At:
647 1805 695 1835 M.
719 1806 786 1841 Ad;
813 1811 854 1835 Π.
881 1805 1059 1835 An.—con-

321 1857 439 1896 jectus:
464 1856 507 1887 sic
538 1856 696 1887 verissime
725 1857 775 1887 Pii
799 1856 957 1896 exemplar
981 1856 1060 1896 pris-

332 1917 418 1946 cum,
442 1907 538 1937 vind.
565 1908 601 1938 Β.
624 1908 661 1938 L.
685 1907 733 1938 M.
750 1907 792 1938 Ο.
812 1914 853 1938 Π.
870 1912 904 1938 Σ.
921 1907 990 1938 vide
1005 1917 1062 1938 nos

332 1959 372 1990 ad
387 1959 407 1989 i.
426 1963 516 1991 1029.
532 1959 565 1989 ii.
585 1963 656 1991 960.
672 1959 714 1989 iii.
734 1963 803 1991 199.
820 1960 856 1990 P.
869 1960 910 1990 V.
922 1959 969 1989 ed.
981 1971 1061 1990 com-

332 2013 452 2047 mictus,
475 2011 688 2050 spurcissime:
719 2016 752 2041 Δ.
768 2013 922 2047 collectus,·
954 2011 1003 2041 vel
1023 2022 1061 2042 ex

334 2062 597 2101 interpretatione,
621 2061 670 2091 vel
692 2061 910 2092 emendatione
929 2063 1059 2092 recenti-

334 2123 436 2149 orum,
453 2113 500 2144 vel
515 2115 555 2144 ob
566 2113 750 2143 affinitatem
762 2113 921 2143 literarum
931 2116 943 2144 i
953 2120 984 2144 et
994 2115 1060 2143 l.—

333 2167 484 2205 digitum:
511 2166 547 2195 B.
572 2170 607 2196 Σ.
630 2167 896 2205 dignm—unum:
923 2171 956 2196 Σ.
980 2177 1057 2196 uno:

333 2215 353 2246 i.
370 2226 396 2246 e.
413 2218 509 2255 digit&
525 2220 592 2251 ιιηδ,
616 2227 672 2256 pro
686 2219 812 2256 digitum
830 2228 929 2252 nuum,
953 2217 993 2247 ad
1009 2227 1058 2247 ve·

335 2268 536 2298 terrimorum
545 2269 811 2309 orthographiam,
828 2269 874 2298 uti
887 2279 967 2308 saepe
977 2268 1059 2300 alias.

336 2319 434 2350 Error
446 2330 485 2350 ex
502 2320 612 2350 effidem
623 2321 732 2351 causszi
749 2321 869 2351 Nasoni
886 2320 1005 2351 videtur
1014 2320 1062 2350 in·

334 2371 451 2401 haerere
466 2371 506 2401 ad
521 2371 589 2401 fast.
604 2371 623 2402 i.
639 2375 710 2403 433.

398 2454 466 2479 Ecce
481 2454 579 2479 rudens
589 2461 671 2480 rauco
683 2454 762 2479 sileni
773 2458 866 2480 vector
876 2454 970 2480 asellus

461 2494 667 2526 Intempestivos
677 2494 761 2519 edidit
772 2501 818 2519 ore
828 2500 915 2519 sonos.

340 2567 446 2597 Rauca
462 2572 493 2596 et
506 2577 556 2597 ore
571 2566 665 2596 nimis
679 2566 804 2602 distant,
821 2576 856 2596 ac
871 2573 981 2606 praeter
996 2576 1064 2596 mo-

338 2627 404 2647 rem
421 2617 625 2648 Ovidianum.
655 2619 774 2657 Scribo,
789 2625 820 2649 et
835 2619 1017 2649 certissime:

347 2690 427 2719 Ecce,
444 2692 540 2716 rudens
551 2699 668 2722 raucum,
686 2691 765 2717 Sileni
775 2696 878 2722 vector,
893 2691 1031 2717 asellus—:

337 2752 359 2782 i.
376 2762 402 2782 e.
417 2756 518 2784 ναιιεδ.
536 2753 638 2792 Idem,
656 2761 712 2785 art.
728 2765 790 2786 am.
804 2755 848 2786 iii.
864 2759 936 2787 259.

1100 725 1153 755 Ita
1176 724 1262 756 locus
1284 724 1454 765 legendus;
1481 734 1557 754 nam
1580 726 1690 756 rudere
1708 723 1828 756 laetitiae

1098 776 1224 816 signum
1241 782 1296 811 ost,
1317 782 1349 806 et
1362 775 1451 805 asina
1465 776 1505 806 ob
1520 785 1598 814 opus
1612 781 1757 806 exactum
1772 785 1826 806 ru-

1095 826 1148 857 dit.
1193 826 1337 857 Priorem
1358 831 1464 856 autem
1479 836 1614 864 versum,
1643 832 1674 856 et
1699 824 1773 856 ibid.
1793 825 1831 856 ii.

1096 881 1168 910 659.
1191 878 1334 908 similiter
1347 878 1526 918 depravavit
1543 878 1710 915 Heinsius,
1731 883 1826 918 atque

1097 928 1174 958 alios
1188 929 1353 969 quosdam,
1376 939 1476 968 nuper
1491 929 1531 959 ad
1545 939 1605 959 ver.
1623 932 1673 960 77.
1690 934 1823 959 notatos.

1139 980 1214 1010 Ver.
1230 983 1302 1010 417.
1325 983 1408 1010 inter
1421 982 1520 1011 sistit:
1548 980 1583 1010 P.
1601 979 1642 1011 Ο.
1659 986 1704 1011 Ω.
1727 982 1824 1011 inler-

1095 1033 1173 1062 sistit
1180 1047 1190 1067 ,·
1216 1037 1247 1061 et
1261 1041 1348 1071 aeque
1362 1032 1451 1061 bene.

1140 1083 1215 1113 Ver.
1233 1085 1305 1112 418.
1330 1082 1497 1122 Virgilius,
1512 1081 1558 1112 uti
1575 1081 1750 1112 Lambinus
1763 1081 1824 1113 du-

1097 1134 1175 1165 dum
1197 1134 1333 1171 monuit,
1354 1135 1414 1164 hoc
1439 1133 1593 1164 distichon
1617 1133 1827 1165 adumbratim

1098 1186 1265 1227 repetitum
1280 1185 1377 1223 dedit,
1404 1184 1445 1216 ad
1461 1185 1538 1216 AEn.
1553 1184 1592 1215 vi.
1608 1187 1683 1216 578.

1114 1285 1156 1308 Bis
1166 1287 1241 1316 patet
1253 1284 1279 1308 in
1291 1289 1412 1315 praeceps
1422 1286 1544 1313 tantum,
1559 1282 1703 1314 tenditque
1709 1281 1759 1307 mh
1768 1287 1829 1307 um-

1115 1323 1282 1394 Quanuzaasd
1294 1362 1439 1388 aetherium
1448 1362 1512 1388 coeli
1519 1366 1658 1394 suspectus
1668 1361 1829 1394 Olympum.

1102 1463 1166 1494 Ubi
1182 1463 1224 1494 sic
1240 1473 1272 1494 se
1287 1463 1380 1493 hahet
1394 1462 1543 1493 orationis
1558 1461 1661 1502 ordor
1677 1464 1700 1480 “
1717 1461 1828 1497 Quan-

1102 1517 1124 1532 “
1141 1520 1191 1544 tus
1205 1513 1244 1544 ad
1259 1514 1424 1544 aetherium
1441 1513 1615 1552 Olympum
1632 1512 1667 1553 (i.
1683 1522 1710 1542 e.
1728 1511 1830 1551 cuipi-

1102 1569 1124 1584 “
1139 1576 1192 1596 am
1207 1565 1247 1596 ad
1269 1575 1359 1595 auras
1381 1574 1507 1604 superas
1530 1563 1647 1604 posito)
1670 1569 1831 1604 suspectans

1104 1620 1126 1636 “
1142 1617 1210 1647 coeli
1226 1617 1300 1648 est.''

1149 1668 1231 1699 Ibid.
1255 1671 1354 1708 inpete
1383 1674 1477 1699 tanto.
1511 1667 1590 1704 Nos,
1619 1666 1706 1697 haud
1729 1665 1832 1697 multo

1104 1719 1206 1750 aliter:
1235 1723 1257 1739 “
1274 1719 1363 1750 With
1386 1729 1420 1749 so
1434 1725 1522 1760 great
1542 1729 1562 1749 a
1575 1717 1703 1758 sweep-’¹
1748 1716 1831 1748 Nos·

1103 1776 1150 1802 ter
1167 1770 1294 1809 iterum,
1309 1780 1337 1800 v.
1353 1773 1424 1800 201.

1286 1855 1420 1884 quantum
1432 1851 1486 1877 coeli
1496 1851 1565 1884 tegit
1575 1851 1674 1884 inpetus
1683 1850 1791 1884 ingens:

1107 1924 1192 1965 quod
1207 1923 1398 1961 notandum;
1425 1933 1524 1964 quum
1539 1922 1656 1954 locutio
1677 1921 1717 1952 sit
1731 1921 1764 1952 in
1779 1930 1832 1952 ex·

1105 1975 1316 2017 quisitissimis
1331 1975 1524 2006 Latinarum.
1569 1974 1659 2004 Hinc
1679 1972 1835 2013 percipere

1107 2030 1200 2069 plene
1223 2029 1334 2066 valeas,
1360 2028 1436 2069 quid
1462 2028 1520 2058 sibi
1546 2026 1670 2058 Gellius
1690 2025 1833 2062 voluerit,

1104 2081 1143 2111 ad
1159 2087 1253 2111 noctt.
1272 2082 1337 2110 Λα.
1353 2089 1382 2110 x.
1402 2083 1449 2110 18.
1473 2083 1498 2097 ‘³
1520 2078 1635 2109 Molita
1644 2087 1768 2119 quoque
1779 2082 1834 2114 est,

1106 2136 1128 2151 ‘²
1145 2134 1264 2172 ingenti
1278 2133 1390 2170 impetu
1408 2129 1521 2169 operis,
1539 2127 1758 2160 conservandae
1766 2138 1833 2158 ma.

1106 2188 1127 2202 ‘⁸
1144 2184 1195 2214 riti
1214 2183 1387 2221 memoriae,
1411 2182 1589 2221 sepulcrum
1611 2181 1690 2212 illud
1712 2191 1834 2212 memo-

1107 2239 1129 2255 “
1146 2233 1424 2266 ratissimum—:”'
1445 2234 1464 2264 i.
1480 2245 1506 2264 e.
1523 2237 1545 2252 “
1560 2233 1636 2264 with
1647 2239 1740 2264 avast
1755 2244 1834 2264 oom-

1108 2291 1214 2328 “pass
1230 2282 1268 2317 of
1279 2285 1396 2316 work.”
1444 2285 1550 2326 Atque
1575 2294 1677 2314 errare
1701 2283 1759 2320 aio,
1781 2283 1836 2324 qui

1107 2338 1196 2369 aliter
1228 2337 1366 2368 eundem
1396 2336 1627 2376 interpretetur,
1656 2333 1699 2365 ad
1725 2344 1753 2364 v.
1785 2337 1836 2364 14.

1109 2393 1132 2408 “
1150 2390 1183 2420 Is
1198 2399 1282 2420 unus
1295 2389 1346 2419 leo
1360 2387 1497 2426 corporis
1517 2389 1632 2427 impetu
1653 2390 1686 2416 et
1706 2384 1836 2416 vastitu-

1107 2445 1130 2460 “
1147 2441 1232 2478 dine,
1255 2439 1450 2480 terrificoque
1463 2438 1590 2468 fremitu
1605 2443 1637 2468 et
1650 2447 1766 2474 sonore,
1788 2441 1836 2467 to-

1108 2496 1130 2511 “
1147 2493 1189 2522 ris
1219 2491 1377 2532 comisque
1411 2490 1568 2520 cervicum
1604 2487 1836 2523 fluctuant-ihm.

1108 2547 1130 2562 “
1147 2544 1268 2574 animos
1290 2542 1459 2582 oculosque
1481 2540 1626 2571 omnium
1650 2539 1684 2570 in
1705 2549 1739 2570 se
1759 2548 1834 2569 con-

1109 2600 1131 2614 “
1148 2595 1268 2626 vertit.''
1315 2594 1366 2624 Sic
1388 2593 1569 2634 legendum,
1591 2602 1630 2622 ex
1654 2590 1726 2623 vera
1752 2589 1834 2620 Gro-

1109 2646 1192 2677 novii
1208 2645 1420 2682 restitutione3
1444 2654 1518 2674 nam
1533 2653 1588 2683 per
1602 2640 1765 2677 clausulas,
1787 2639 1835 2671 bi·

1108 2699 1218 2729 fariam
1232 2697 1411 2728 distributas
1422 2696 1567 2731 invicem,
1581 2691 1721 2733 procedit
1734 2691 1832 2722 locus:

1108 2760 1230 2789 nempe,
1258 2753 1280 2768 “
1298 2749 1418 2788 impetu
1432 2753 1465 2778 et
1478 2744 1684 2781 vastitudine;
1707 2742 1836 2773 fremitu

1111 2804 1134 2819 “
1150 2806 1182 2831 et
1207 2809 1334 2836 sonore3
1365 2798 1440 2828 toris
1464 2794 1652 2837 comisque.”

369 2834 417 2859 ¹¹¹²
436 2838 513 2879 ΨΜ(
541 2843 646 2861 'mmm'
667 2838 807 2869 quiddam,
826 2841 908 2869 atque
924 2837 1068 2864 mmbne
1111 2853 1210 2882 obiter
1225 2850 1407 2881 emaculabo
1423 2849 1570 2883 Statium,
1596 2846 1662 2877 silv.
1684 2846 1725 2876 iv.
1743 2849 1772 2876 2.
1787 2848 1838 2876 23.

519 2892 527 2904 ‚

402 2913 440 2937 Ut
453 2912 523 2938 rudit
533 2920 549 2938 a
561 2913 650 2939 scabrci
664 2915 749 2947 turpis
759 2915 839 2941 asena
848 2915 925 2940 mola.

1113 2904 1167 2935 ubi
1192 2901 1404 2934 Marklandus
1426 2906 1530 2932 noster
1552 2904 1726 2940 opportune
1746 2902 1839 2938 atque

1892 467 1912 997 Qm-Mdze
1897 403 1912 445 ’-ι
1897 355 1912 379 Ἰ
1886 203 1912 329 ,At-..⁸⁸¹

1909 1444 1912 1446 .
1906 1377 1912 1395 —
1906 1304 1912 1333 ...
1900 1239 1912 1282 ——'
