1912 3292
485 234 720 284 LIBER
759 230 1144 291 QUARTUS.

1479 236 1572 282 373

220 364 277 408 Et
288 364 426 422 jacere
444 365 678 415 humorem,
710 365 956 418 conjectum,
987 361 1032 401 in
1051 374 1229 416 corpora
1249 373 1440 418 quaeque,

220 439 310 482 Nec
330 441 520 488 retinere,
542 438 665 479 semel
685 450 933 478 convorsum
952 433 1074 475 unius
1094 449 1249 486 amore,

79 517 186 555 1060
218 514 275 556 Et
295 528 453 555 servare
473 511 548 553 sibi
570 524 730 561 curam,
753 517 992 563 certumque
1012 506 1211 549 dolorem.

221 588 350 630 Ulcus
370 587 479 628 enim
499 586 666 627 vivescit
686 593 727 626 et
746 582 1005 625 inveterascit
1023 580 1193 631 alundo‚

220 661 353 716 Inque
373 659 460 701 dies
479 659 613 717 gliscit
630 658 761 711 furor,
782 666 905 715 atque
924 670 1112 698 aerumna
1131 655 1347 713 gravescit,

407 818 475 849 ἔελος
490 819 511 847 δ’
525 821 641 848 mama-o
651 831 717 858 κερῃ

117 868 199 903 Νερθεν
212 868 256 894 ὑπο
269 869 371 904 κρωδιῃ,
385 873 458 901 chyi
472 873 562 894 υκελον
572 874 577 880 ”
593 879 671 894 mrem
686 868 709 894 δ’
721 878 767 894 aaa

117 918 216 942 Βαλλεν
227 915 261 942 ἐπ’
275 916 401 945 Αισοηδην
416 927 615 951 αμαρυγμαται,
628 927 676 942 και
687 916 708 942 οἱ
721 927 797 946 aravo

117 964 227 994 Στηθεων
249 974 277 992 εκ
290 976 390 992 wznoea
404 976 522 999 καματῳ
536 973 620 1001 φρενες,
643 965 685 991 υδε
703 964 749 991 τιν’
759 969 807 991 αλ·

258 1017 304 1042 lm

116 1062 230 1090 Murem
246 1069 295 1094 εχε,
317 1062 477 1102 ΓΛΥΚΕΡῌ
493 1061 517 1088 δε
534 1060 740 1087 KATEIBETO
758 1060 807 1087 θυ-

215 1125 264 1150 μω
276 1117 369 1162 ΑΝῘῌ.

80 1182 236 1213 Horatius
256 1183 383 1223 insuper
416 1190 596 1224 apponetur,
627 1185 713 1226 epist.
736 1185 756 1216 i.
778 1189 809 1218 5.

81 1237 131 1264 ¹26.

173 1310 273 1343 Frigida
285 1318 407 1336 curarum
420 1311 621 1337 fomenta—:

81 1385 176 1416 quem
198 1375 303 1407 locum
322 1377 391 1417 jam
413 1377 503 1408 video
525 1377 684 1409 Lambino
710 1378 811 1418 prola-

83 1433 163 1458 tum.

124 1478 197 1510 Ver.
217 1482 312 1511 1054.
336 1481 424 1511 Nam
448 1483 477 1512 si
489 1483 587 1513 abest:
614 1482 650 1513 P.
668 1484 813 1523 Namque

80 1531 110 1560 si
127 1531 207 1561 abest
213 1546 224 1567 ;
250 1530 290 1561 V.
305 1531 353 1562 ed.
385 1533 500 1563 Namst
510 1547 520 1568 ‚·
548 1533 586 1563 Β.
604 1534 690 1564 Nam
705 1536 734 1565 si
751 1540 810 1570 est,-

82 1587 124 1612 11.
142 1583 229 1613 Nam
250 1589 294 1613 est
314 1590 350 1614 ut
369 1585 466 1620 abest;
492 1589 527 1615 Σ.
545 1585 631 1616 ivam
657 1591 700 1616 est
714 1587 808 1617 obest:

84 1642 155 1673 quae
177 1633 360 1673 corruptelae
389 1644 407 1664 a
429 1634 628 1666 solicitudine
651 1636 690 1666 de
712 1643 814 1666 metro

83 1686 239 1727 originem
254 1689 438 1719 habuerunt.
480 1690 540 1721 Sed
557 1691 640 1722 vocis
655 1691 812 1731 monosyl-

82 1736 169 1774 labae,
195 1738 337 1770 similiter
352 1740 514 1772 elisionem
530 1752 595 1772 non
612 1752 719 1781 passae,
743 1742 813 1781 plu-

84 1798 120 1818 ra
136 1789 205 1829 jam
227 1791 398 1830 specimina
420 1799 524 1823 noster
545 1793 633 1823 dedit
652 1793 686 1823 in
701 1803 815 1833 praece-

83 1836 238 1873 dentibus.
276 1842 443 1884 Virgilius,
468 1845 543 1875 AEn.
560 1845 599 1875 vi.
615 1848 687 1876 507.

115 1925 222 1951 Nomen
242 1929 271 1951 et
291 1934 368 1952 arma
387 1927 478 1953 locum
496 1932 615 1954 servant.
649 1931 693 1961 Te,
711 1930 812 1956 amice!

241 1967 351 1998 nequivi
530 1978 534 1980 *

118 2004 290 2037 conspicere,
301 2009 330 2031 et
341 2007 427 2038 patria
437 2007 570 2034 decedens
581 2015 681 2040 ponere
691 2009 773 2034 ten-a.

90 2091 146 2123 Ad
174 2102 296 2124 morem
326 2094 443 2125 scilicet
470 2096 506 2126 in
535 2095 639 2136 longis
660 2097 818 2128 vocalibus

86 2146 286 2177 observatum
307 2146 434 2177 Graeeis.
458 2147 669 2190 Pervagatum
680 2155 738 2180 est:
758 2159 816 2189 pu-

88 2206 133 2227 eri
147 2203 273 2228 norunt.

131 2249 208 2280 Ver.
233 2253 326 2282 1055.
359 2251 550 2284 obversatur:
588 2254 625 2285 P.
650 2254 750 2285 Vind.
775 2254 818 2285 V.

89 2300 137 2332 ed.
156 2301 196 2331 0.
214 2305 248 2331 Δ.
267 2308 309 2332 Π.
334 2306 370 2335 Σ.
395 2304 565 2335 observatur
572 2320 583 2341 ;
607 2305 646 2336 B.
660 2313 817 2342 ser-vatur,-

90 2352 140 2384 M.
155 2354 322 2384 aberratur.

134 2406 210 2437 Ver.
241 2409 332 2438 1056.
360 2407 402 2437 In
431 2413 497 2438 toto
525 2408 630 2447 Latio,
666 2414 821 2450 quantum

93 2464 248 2499 quantum
264 2465 321 2497 est,
343 2459 434 2497 nihil,
457 2467 493 2491 ut
508 2461 629 2500 opinor,
651 2462 822 2504 quidquam

92 2513 192 2553 legeS,
212 2512 297 2553 quod
313 2523 400 2554 aeque
416 2513 478 2553 legi
494 2519 643 2552 oporteat,
662 2519 755 2554 atque
770 2525 822 2545 eos

91 2573 208 2602 versus,
224 2565 278 2606 qui
292 2566 378 2596 hunc
394 2572 575 2606 sequuntur.
620 2566 727 2597 Faber.

90 2634 93 2636 -
139 2616 221 2648 Ibid.
234 2617 379 2658 fitgz'tare
399 2620 482 2649 decet
504 2619 681 2648 simulacra.
729 2618 823 2648 Sene-

95 2680 141 2708 ω,
157 2670 243 2711 epist.
258 2672 333 2703 lxix.
359 2672 381 2689 “
396 2671 478 2706 —ei,
504 2670 558 2711 qui
581 2680 721 2700 amorem
747 2680 823 2700 exu-

97 2726 121 2742 “
137 2733 190 2755 ere
204 2729 344 2759 conatur,
367 2722 511 2754 evitanda
533 2728 580 2753 est
598 2722 701 2752 omnis
715 2722 823 2752 admo-

97 2778 121 2795 ⁸‘
136 2775 217 2806 nitio
239 2775 344 2805 dilecti
369 2774 517 2814 corporis:
543 2773 623 2804 nihil
646 2773 731 2804 enim
750 2772 825 2803 faci-

100 2828 123 2845 “
138 2826 208 2864 lius,
230 2837 326 2868 quam
347 2837 446 2867 amor,
477 2825 693 2858 recrudescit?
738 2824 824 2856 Prei-

100 2886 202 2918 gerus-

141 2929 217 2961 Ver.
247 2932 338 2963 1057.
367 2932 548 2964 absterrere:
589 2933 627 2963 Δ.
658 2931 824 2962 abstinere.-

849 815 1026 846 Lambinus
1041 824 1079 846 ex
1094 812 1225 855 ingenio
1241 811 1382 853 reposuit
1397 812 1587 853 Abstergere,

849 868 998 905 offensus,
1021 874 1052 897 et
1070 866 1181 897 merito
1196 865 1335 906 quidem,
1358 864 1513 896 insolente
1536 865 1584 896 di-

850 918 944 949 cendi
959 928 1081 959 genere,
1104 919 1269 948 absterrere
1288 917 1422 957 pabula:
1449 915 1585 947 eandem.

850 969 1021 1000 dictionem
1039 968 1187 999 Gifanius
1211 968 1346 998 affirmat
1370 978 1402 998 se
1424 967 1458 997 in
1475 966 1587 997 veteri-

850 1023 909 1052 bus
932 1021 1017 1054 libris
1047 1020 1213 1058 invenisse,
1245 1019 1296 1050 cui
1318 1019 1497 1049 Lambinus
1518 1028 1585 1049 non

851 1072 962 1110 credit3
1001 1081 1059 1102 nec
1096 1070 1222 1112 injuria.
1268 1070 1443 1108 Nimirum,
1482 1079 1585 1110 neque

852 1124 908 1160 illi,
936 1134 1037 1164 neque
1059 1123 1139 1154 alius
1161 1122 1326 1163 quisquam
1347 1131 1454 1152 veram
1476 1122 1586 1152 verbo-

853 1187 926 1207 rum
947 1177 1060 1207 seriem
1082 1175 1322 1216 grammaticam
1343 1174 1506 1213 perspexit,
1531 1174 1587 1214 qui

853 1228 897 1258 sic
911 1238 944 1258 se
958 1229 1064 1258 habet:
1093 1230 1115 1245 “
1134 1226 1197 1257 Sed
1218 1226 1306 1256 decet
1321 1226 1456 1266 fugitare
1478 1231 1510 1255 et
1531 1226 1586 1255 ab.

855 1281 877 1297 “
894 1284 1024 1309 stertere
1038 1277 1096 1308 sibi
1112 1277 1288 1312 simulacra,
1312 1287 1380 1317 quae
1402 1282 1474 1307 sunt
1496 1285 1583 1306 amo-

855 1332 878 1348 “
894 1329 937 1359 ris
951 1328 1100 1368 pabula.”
1144 1328 1312 1365 Praeterea,
1344 1329 1520 1358 Absterrere
1543 1328 1586 1358 si-

855 1382 1008 1417 mulacra,
1023 1379 1154 1418 pulchre
1176 1379 1318 1416 omnino,
1341 1384 1434 1419 atque
1449 1387 1587 1418 congru-

856 1436 944 1460 enter
973 1429 1092 1460 dictum
1123 1435 1181 1459 est:
1223 1439 1298 1459 narn
1329 1435 1361 1459 et
1390 1435 1589 1459 mortuarum

856 1482 993 1518 umbras,
1028 1480 1078 1510 vel
1104 1482 1284 1517 simulacra,
1322 1482 1433 1510 terreri
1462 1479 1589 1520 fingunt

856 1532 963 1572 po'etae.
1010 1531 1099 1561 Hinc
1116 1530 1283 1572 VirgffiuS‚
1299 1530 1375 1560 AEn.
1391 1540 1418 1560 v.
1436 1532 1507 1561 758.

872 1614 987 1645 Jamque
998 1611 1074 1638 vale!
1093 1614 1204 1642 torquet
1219 1610 1323 1636 medios
1334 1617 1392 1635 nox
1404 1610 1517 1635 humida
1531 1616 1591 1636 cur-

1012 1659 1065 1682 sus,

874 1695 906 1718 Et
917 1701 963 1719 me
974 1699 1063 1718 saevus
1073 1692 1148 1724 equis
1158 1692 1244 1717 oriens
1254 1691 1366 1716 adflavit
1376 1691 1486 1717 anhelis.

862 1773 979 1804 Confer
1007 1771 1082 1802 AEn.
1107 1771 1147 1801 vi.
1173 1773 1245 1802 491.
1270 1770 1369 1802 Hom.
1394 1770 1458 1801 Od.
1484 1777 1516 1802 Λ.
1538 1774 1588 1802 48.

861 1825 984 1856 Notum
1002 1830 1055 1855 est.

903 1877 980 1906 Ver.
998 1878 1090 1907 1058.
1112 1875 1296 1916 conjectum:
1332 1875 1432 1915 prisca
1456 1874 1509 1905 Pii
1533 1885 1588 1906 ex-

861 1927 1018 1967 emplaria,
1034 1928 1189 1958 collectum
1195 1942 1206 1963 ,·
1230 1936 1326 1967 quam
1341 1926 1507 1956 lectionem
1523 1926 1590 1956 edi-

860 1987 941 2011 tores
955 1980 1156 2020 cupidissime
1173 1980 1379 2019 arripuerant,
1403 1980 1458 2010 sed
1479 1990 1589 2020 perpe-

862 2043 930 2064 ram
945 2039 977 2063 et
999 2032 1120 2070 inscite,
1145 2041 1245 2073 quum
1263 2032 1383 2062 sitnon
1399 2031 1591 2063 dubitandus

861 2087 944 2117 fetus
955 2084 1143 2125 glossatoris,
1162 2084 1359 2115 Lucretianae
1371 2084 1522 2114 orationis
1537 2084 1588 2114 in-

862 2139 966 2170 dolem
979 2138 1152 2170 nescientis.
1176 2138 1320 2168 Verbum
1332 2139 1481 2178 conjicere
1493 2147 1590 2177 saepe-

860 2202 993 2224 numero
1015 2199 1120 2225 noster
1142 2191 1286 2222 adhibuit
1310 2200 1366 2230 pro
1388 2189 1534 2231 conferre,
1557 2189 1593 2219 in

861 2258 964 2279 unum
979 2247 1085 2278 locum
1097 2246 1211 2286 jacere,
1233 2243 1283 2273 vel
1300 2243 1485 2282 importare;
1508 2243 1594 2272 colli-

859 2311 930 2340 gere
945 2299 1094 2340 denique:
1121 2296 1228 2327 redeas
1242 2295 1282 2325 ad
1297 2305 1357 2325 ver.
1375 2297 1447 2325 416.
1463 2293 1595 2334 hujusce

863 2353 943 2385 libri.
981 2352 1052 2382 Has
1066 2350 1195 2388 insuper
1209 2347 1353 2377 affinium
1368 2345 1594 2376 vocabulorum

864 2405 1033 2439 societates,
1049 2403 1198 2443 conjicere
1213 2399 1389 2439 conjectum,
1405 2407 1515 2427 suaves
1529 2406 1596 2426 esse

863 2457 952 2488 lusus
973 2456 1007 2486 in
1032 2453 1105 2486 Cari
1127 2452 1256 2487 deliciis,
1278 2459 1336 2480 nos
1358 2448 1398 2479 ad
1420 2448 1595 2478 satietatem

865 2520 963 2550 usque
978 2508 1172 2545 monuimus,
1195 2512 1226 2537 et
1240 2505 1336 2535 lector
1354 2502 1406 2532 ille
1421 2501 1595 2532 tardiuscu-

866 2561 929 2598 lus,
961 2566 1017 2590 aut
1041 2558 1215 2600 negligens,
1242 2556 1283 2586 sit
1307 2564 1431 2584 necesse
1457 2559 1515 2592 est,
1540 2553 1596 2594 qui

866 2624 931 2644 non
954 2613 1097 2643 animum
1123 2615 1233 2651 sponte
1263 2607 1297 2638 id
1327 2607 1499 2637 adverterit.
1545 2607 1597 2637 Ita

867 2664 1042 2699 confestim,
1060 2673 1121 2693 ver.
1145 2664 1237 2693 1064.
1271 2662 1293 2678 “
1318 2655 1481 2698 Volgivagd
1503 2668 1598 2697 vagus

869 2720 892 2735 “
906 2714 1102 2746 Venere—,⁵¹
1140 2712 1336 2744 Glossarium
1350 2716 1452 2741 vetus:
1479 2712 1502 2729 ‘⁸
1518 2711 1596 2742 Con-

871 2769 993 2810 “jici⁰‚
1010 2766 1147 2810 ειςφερω.”

912 2823 987 2853 Ver.
1008 2825 1098 2853 1059.
1120 2822 1210 2852 semel
1229 2821 1340 2850 unius:
1366 2824 1410 2849 11.
1425 2827 1524 2849 semen
1548 2817 1597 2847 in-

870 2882 1092 2908 tus—amore.-
1119 2873 1154 2904 P.
1169 2882 1319 2908 amorem;
1342 2880 1400 2900 nec
1416 2868 1509 2900 male.

927 2925 1010 2958 Ibid.
1045 2935 1237 2958 conversum:
1278 2931 1392 2963 nempe
1418 2919 1594 2954 hominem;
