1912 3292
501 208 733 260 LIBER
780 204 1133 256 TERTIUS.

1476 213 1559 252 101

224 342 284 388 Ut
302 352 474 386 tremere
493 342 537 381 in
557 338 665 380 terra
686 338 872 379 videatur
893 337 945 378 ab
965 337 1133 378 artubus
1152 335 1196 377 id
1216 335 1329 391 quod

100 423 186 460 ⁴645
218 418 386 461 Decidit
404 414 603 456 abscisum
610 431 623 462 ;
655 427 782 467 quom
801 426 917 452 mens
936 420 1091 460 tamen,
1114 419 1236 466 atque
1257 409 1438 451 hominis
1458 411 1530 460 vis,

221 490 452 533 Mobilitate
470 486 567 528 mali
586 501 671 527 non
693 486 782 542 quit
802 486 951 526 sentire
970 484 1169 525 dolorem:

73 657 138 678 cos.
182 645 353 676 Notionem
374 645 524 675 violentiae
551 643 683 674 indicari
712 642 804 674 credo

76 709 151 730 voce
165 699 319 734 abscind0‚-
349 696 404 726 scd
416 695 513 727 altera
527 706 592 725 non
612 696 702 726 item.

77 751 178 782 Hunc
192 756 299 780 autem
313 748 418 779 locum
432 748 565 778 intuitus
579 748 707 778 fortasse
723 748 803 778 Cur-

77 802 140 834 tius
161 801 275 832 similia
297 806 452 830 memorat
473 800 512 830 de
527 800 712 830 falcatorum
734 810 805 830 cur-

78 864 173 886 mum
188 852 377 889 vulneribus,
395 852 432 881 iv.
453 855 500 882 15.
517 855 566 882 17.
591 854 613 868 ‘⁶
632 852 807 890 Amputata

79 909 103 926 ‘⁶
117 906 254 936 virorum
284 904 426 933 membra
454 902 546 933 humi
571 903 733 943 jacebant;
763 908 806 940 et,

79 961 102 976 “
116 957 192 997 quia
225 955 333 986 calidis
361 954 463 985 adhuc
493 953 675 984 vulneribus
703 954 809 983 aberat

80 1012 104 1028 “
118 1007 218 1046 dolor,
240 1007 343 1037 trunci
359 1017 482 1047 quoque
506 1011 537 1036 et
551 1005 667 1036 debiles
681 1007 807 1045 quidam

81 1065 104 1081 “
121 1071 208 1091 arma
222 1070 286 1090 non
307 1059 504 1096 omittebant,
531 1057 640 1094 donec,
666 1059 697 1088 vi
713 1055 809 1087 7)ιαῖιᾶ

82 1116 105 1132 “
120 1113 283 1152 sanguinis
306 1109 395 1151 effusi
418 1109 600 1146 exanimati,
625 1108 808 1147 procumbe·

83 1167 106 1182 “
123 1162 223 1193 rent.”
249 1162 300 1192 Sic
311 1160 498 1201 legendum:
527 1174 560 1191 το
575 1161 700 1200 quidam
713 1159 810 1189 Bent-

83 1215 137 1246 leii
151 1221 208 1250 est,
223 1213 313 1254 cujus
327 1213 451 1243 collatio
462 1211 548 1242 codd.
567 1211 703 1241 duorum
718 1220 813 1249 penes

83 1278 137 1299 me
151 1272 212 1304 est;
235 1266 267 1295 in
283 1275 418 1305 quorum
433 1263 531 1294 altero
547 1263 667 1292 invenit
682 1264 811 1302 quidem.

82 1319 157 1349 Vox
184 1322 289 1346 autem
312 1317 343 1346 vi
366 1315 507 1353 absorpta
532 1319 578 1343 est
599 1312 698 1352 prima·
722 1311 811 1342 litera

84 1367 241 1409 sequentis
269 1365 426 1402 dictionis,
458 1374 529 1404 quae
557 1363 590 1392 in
627 1362 812 1393 characteris

83 1418 253 1451 minusculi
273 1416 431 1447 codicibus
452 1415 531 1445 nihil
546 1415 714 1454 discrepat3
737 1425 812 1444 nam

85 1470 180 1510 vulgo
194 1467 395 1508 legitur:—“
413 1465 523 1501 donec,
539 1465 641 1495 multo
662 1466 812 1504 sanguine

223 1519 258 1551 .·”
282 1518 336 1550 sed
355 1528 437 1548 unus
462 1517 541 1548 liber
564 1517 636 1548 MS.
651 1519 813 1557 sanguinis

128 1625 202 1656 Ver.
217 1626 292 1655 645.
307 1623 466 1653 calentez's:
493 1621 529 1652 P.
545 1621 587 1652 V.
603 1620 650 1651 ed.
666 1622 814 1660 cadentis,

85 1676 135 1708 vel
149 1676 310 1707 cadentez‘s.

131 1727 215 1759 Ibid.
238 1727 337 1767 Lego,
353 1726 493 1762 calentis,
513 1724 546 1754 in
562 1734 636 1754 casu
650 1723 809 1764 genetivo:

87 1780 137 1811 vel
151 1780 274 1810 calenti.
318 1777 414 1807 Favet
434 1781 540 1805 tamen
558 1775 685 1805 lectioni
706 1774 814 1815 vulga.

89 1837 131 1862 tae
149 1830 254 1867 Silius,
268 1827 301 1858 ii.
316 1831 366 1857 21.

256 1905 365 1930 notum,
376 1899 440 1931 quid
451 1898 518 1923 cede
528 1898 664 1923 calentibus
674 1897 763 1928 armis,

91 1947 231 1977 Quantum
242 1941 302 1970 irae,
314 1940 392 1965 liceat
400 1948 409 1970 3
421 1941 555 1969 motusque
565 1938 629 1969 quid
637 1938 734 1962 audeat
742 1936 816 1962 ensis.

93 2007 145 2039 Sic
159 2006 255 2037 etiam
270 2009 384 2040 noster,
400 2013 426 2032 v.
447 2005 537 2032 1512.
560 2002 786 2031 Banumus.

91 2060 168 2091 Non
184 2058 280 2098 probo
302 2056 441 2092 calentis,
468 2063 568 2094 quum
589 2052 746 2092 anticipet,
769 2059 816 2083 at-

90 2122 152 2154 que
166 2109 275 2141 reddat
297 2116 534 2147 supervacanea,
561 2111 616 2135 aut
638 2105 747 2135 saltem
762 2105 816 2135 fri-

92 2163 177 2206 gida,
202 2172 273 2203 quae
287 2165 470 2201 sequuntur,
494 2168 513 2188 a
533 2168 594 2188 ver.
610 2160 682 2188 645.
699 2157 738 2187 ad
752 2167 814 2187 ver.

91 2220 163 2248 649.
196 2215 281 2245 hunc
306 2222 434 2242 sensum
463 2210 665 2250 respicientia.
720 2210 818 2240 Recte

90 2268 207 2299 referas
221 2266 316 2307 igitur
324 2265 468 2295 calentez's
480 2263 521 2293 ad
533 2273 643 2293 currus
647 2278 658 2298 ;
683 2272 817 2302 quorum

88 2319 246 2351 velocitati
260 2315 471 2358 significandae
482 2314 629 2353 multum,
646 2320 739 2354 atque
753 2313 816 2344 ele-

92 2378 204 2413 ganter
218 2370 324 2407 etiam,
340 2368 474 2399 inservit.
520 2367 560 2396 In
576 2367 656 2396 hanc
670 2376 738 2395 rem
752 2376 817 2396 non

94 2424 215 2455 alienus
240 2427 286 2452 est
312 2420 477 2458 Horatius,
504 2418 554 2448 od.
580 2418 602 2448 i.
623 2421 648 2448 1.
672 2421 701 2448 4.
724 2428 817 2458 quem

94 2474 327 2507 vexatissimum
354 2472 461 2502 locum
483 2469 661 2510 conjectura
682 2471 818 2506 tentabo,

93 2537 163 2568 quae
178 2524 344 2555 minimam
355 2523 420 2552 vim
435 2522 509 2552 facit
519 2521 670 2552 librorum
681 2521 818 2557 lectioni,

93 2579 121 2609 si
135 2576 317 2608 brevitatem
332 2574 490 2613 scripturae
506 2579 646 2612 reputes;
669 2579 700 2604 et
721 2573 817 2613 expli-

92 2634 144 2660 cat
157 2626 399 2659 turbatissimam
414 2624 689 2655 constructionem:

115 2704 203 2731 Sunt,
213 2707 279 2732 quos
290 2699 423 2724 curriculo
434 2698 572 2730 pulverem
585 2698 758 2731 Olympicum

94 2759 97 2762 .
123 2741 274 2773 conlegisse
279 2740 358 2771 juvat
367 2748 375 2769 ;
393 2743 530 2770 metaque,
538 2737 659 2770 fervidis

124 2783 229 2808 Evitata
239 2782 312 2810 rotis;
330 2782 474 2815 palmaque
485 2782 589 2812 nobilis,

126 2826 271 2851 Terrarum
283 2825 407 2850 dominos
417 2832 475 2857 quae
485 2825 559 2850 vehit
570 2825 604 2850 ad
613 2826 686 2851 deos.

95 2898 132 2928 Si
151 2897 235 2930 locus
248 2899 280 2930 in
295 2901 405 2931 morbo
419 2900 520 2936 cubet,
542 2899 626 2940 quod
647 2899 817 2941 liquidissi-

847 653 938 673 mum
962 641 1092 677 videtur,
1124 640 1276 671 leniorem
1304 639 1496 670 medicinam
1521 640 1572 669 vix

847 694 962 733 sperari
976 703 1064 732 posse
1087 692 1280 723 confidenter
1293 691 1436 722 dixerim.
1481 691 1577 726 Novi,

848 746 962 787 quibus
975 746 1019 776 ita
1033 745 1095 786 legi
1111 744 1238 784 placuit:

1165 822 1293 849 metaque
1303 817 1411 842 servidis

972 859 998 882 Sz'
1009 857 1098 882 vitata
1109 857 1248 882 rotis—2

851 933 902 952 me
917 921 1027 952 saltem
1037 921 1152 961 judice,
1164 926 1277 951 conatu
1292 920 1386 960 longe
1401 915 1572 951 infelicissi-

851 985 918 1004 mo:
946 973 1090 1012 inspicias
1104 978 1252 1002 annotata
1267 971 1306 1002 ad
1321 982 1350 1002 v.
1368 975 1438 1002 624.

896 1032 977 1063 Ibid.
995 1031 1147 1072 permirtci
1163 1034 1253 1062 ccede.
1298 1031 1387 1061 Hinc
1402 1042 1442 1061 ne
1456 1031 1578 1061 dubites

853 1094 904 1114 me
922 1083 1055 1124 Virgilio
1070 1093 1174 1113 veram
1197 1093 1287 1113 suam
1309 1089 1400 1122 atque
1421 1082 1578 1112 venustio-

855 1147 921 1166 rem
937 1135 1031 1176 longe
1045 1135 1229 1174 scripturam
1253 1134 1479 1164 redonaturum
1502 1143 1578 1170 esse,

856 1186 1013 1218 codicibus
1027 1185 1132 1215 invitis
1147 1185 1225 1220 licet,
1241 1184 1282 1214 ad
1297 1185 1372 1214 AEn.
1383 1184 1424 1214 xi.
1440 1188 1511 1214 654.

856 1261 931 1285 Tum
949 1266 1014 1284 vero
1032 1262 1060 1283 et
1078 1257 1194 1292 gemitus
1209 1257 1391 1287 morientum;
1408 1259 1436 1282 et
1452 1257 1582 1288 sanguine

1040 1298 1067 1321 in
1078 1297 1134 1321 alto

855 1339 1001 1369 Armaque,
1008 1344 1184 1369 corporaque,
1193 1340 1230 1366 et,
1236 1336 1365 1369 permixta?
1374 1336 1440 1361 caede
1448 1337 1580 1365 virorum.

855 1378 1018 1403 Semanimes
1029 1377 1177 1402 volvuntur
1188 1376 1264 1408 equi:
1282 1383 1373 1408 pugna
1380 1383 1472 1408 aspera
1486 1376 1581 1408 surgit.

855 1450 942 1480 Libri
967 1450 1051 1486 dant,
1073 1451 1220 1490 permixti
1224 1465 1235 1485 ‚·
1259 1449 1312 1480 sed
1338 1460 1425 1480 more
1450 1449 1582 1480 minime

855 1501 1042 1542 Virgiliano.
1088 1502 1138 1531 Sic
1154 1500 1229 1532 ibid.
1247 1501 1297 1531 xii.
1313 1504 1385 1531 540.

1173 1575 1272 1606 spargit
1283 1575 1374 1606 rapida
1384 1574 1486 1607 ungula
1495 1581 1566 1599 rores

889 1615 1065 1647 sanguineos,
1076 1614 1216 1645 mixtdque
1226 1621 1305 1638 cruor
1316 1614 1435 1639 calcatur
1444 1614 1535 1639 arenci.

858 1691 961 1722 Aliter
976 1702 1049 1721 sane
1065 1691 1096 1721 in
1112 1702 1180 1732 geo.
1195 1691 1239 1722 iii.
1255 1694 1327 1723 516.

991 1775 1030 1802 et,
1041 1771 1153 1796 mixtum
1167 1771 1271 1803 spumis,
1281 1771 1369 1796 vomit
1380 1778 1427 1796 ore
1437 1778 1570 1797 cruorem.

860 1846 924 1877 Sed
949 1856 1059 1876 caussa
1081 1846 1265 1876 mutationis
1289 1847 1347 1877 hac
1370 1846 1530 1877 occasione
1552 1846 1585 1876 in

860 1903 966 1938 aperto
1000 1902 1058 1927 est:
1099 1908 1189 1927 aures
1226 1908 1339 1936 nempe
1374 1896 1585 1928 delicatissimi

861 1950 959 1989 po'etae
974 1948 1207 1988 superbissimas
1224 1948 1296 1989 jure
1315 1950 1480 1980 absterruit
1494 1964 1585 1981 κακο-

863 2009 964 2041 φωνιοις
978 2000 1122 2030 formido.
1167 2000 1296 2035 Rursus,
1313 2000 1390 2031 AEn.
1406 2011 1434 2031 ν.
1449 2003 1522 2032 470.

877 2088 1107 2118 Quassantemque
1116 2088 1232 2116 utroque
1243 2088 1335 2117 caput,
1345 2092 1518 2116 crassumque
1528 2092 1586 2112 cru·

1015 2133 1090 2151 orem

877 2167 930 2191 Ore
941 2167 1127 2197 rejectantem‚
1144 2165 1278 2196 mixtoque
1289 2165 1316 2189 in
1325 2165 1449 2197 sanguine
1458 2166 1557 2191 dentis.

862 2240 913 2271 Sic
929 2240 968 2271 ad
997 2239 1133 2270 Medicei
1159 2240 1252 2271 fidem
1270 2241 1401 2271 omnino
1415 2241 1587 2282 legendum

863 2299 916 2328 est,
949 2303 1006 2332 pro
1035 2295 1157 2329 mz'xtos;
1195 2303 1297 2334 neque
1326 2293 1415 2324 aliter
1442 2296 1588 2331 censebat

862 2344 1028 2375 Heinsius:
1056 2345 1195 2375 conferas
1220 2346 1295 2376 AEn.
1315 2346 1347 2376 ii.
1374 2350 1446 2378 609.
1472 2346 1515 2376 iii.
1533 2351 1585 2378 99.

861 2406 889 2427 x.
906 2399 978 2427 871.
1023 2396 1178 2437 Denique,
1204 2396 1248 2427 ita
1270 2408 1412 2428 summus
1426 2403 1519 2433 vates,
1544 2397 1585 2429 ad

862 2447 993 2478 eandem
1018 2447 1169 2478 sermonis
1190 2448 1366 2483 formulam,
1393 2449 1524 2479 omnino
1540 2459 1588 2480 re-

862 2499 1042 2530 scribendus
1057 2505 1110 2535 est,
1128 2499 1161 2528 in
1177 2500 1254 2530 AEn.
1272 2499 1312 2529 ix.
1327 2503 1399 2530 549.

892 2587 1055 2616 Purpuream
1072 2584 1160 2609 vomit
1178 2584 1222 2609 ille
1238 2584 1374 2614 animam3
1391 2587 1429 2614 et,
1445 2590 1509 2609 cum
1527 2592 1588 2611 san-

1011 2623 1090 2656 guine
1100 2623 1191 2653 mixto,

894 2665 961 2689 Vina
971 2665 1053 2690 refert
1064 2664 1189 2689 moriens.

862 2740 950 2770 Libri
979 2739 1091 2779 plures,
1121 2741 1224 2775 mixta,
1254 2738 1294 2769 ad
1323 2738 1410 2780 vulgi
1438 2745 1567 2780 gustum
1575 2753 1585 2778 5

862 2791 947 2833 quod
971 2791 1103 2822 librariis
1127 2790 1260 2821 indoctis
1288 2790 1413 2822 reddas:
1450 2791 1590 2832 quidam,

862 2847 997 2876 mimam.
1042 2844 1175 2883 Nempe,
1197 2843 1340 2883 primitus
1361 2843 1510 2883 scriptum
1532 2850 1591 2879 est,

862 2901 971 2934 mixt05
995 2896 1117 2933 deinde,
1132 2898 1231 2932 mixffi,
1253 2896 1275 2927 i.
1293 2907 1319 2927 e.
1342 2898 1479 2932 mixtom;
1502 2902 1589 2932 tunc,
