1912 3292
516 233 747 283 LIBER
799 229 1150 278 TERTIUS.

1479 237 1566 282 197

230 368 283 409 Et
304 368 386 408 sitis
406 379 523 420 aequa
543 369 654 404 tenet
672 362 786 411 vitai,
809 374 967 414 semper
987 359 1175 399 hianteis:

230 441 491 493 Posteraque‚
512 437 557 476 in
576 435 703 476 dubio
723 442 798 484 est,
819 433 1028 474 fortunam
1048 447 1172 487 quam
1191 431 1311 475 vehat
1331 440 1446 484 aetas3

229 513 392 563 Quidve
411 511 514 551 ferat
533 509 651 550 nobis
671 523 800 557 casus,
824 507 943 563 quive
963 505 1096 547 exitus
1116 506 1250 547 instet.

94 593 201 628 1100

289 587 377 627 Nec
396 599 601 640 prorsum,
622 583 749 624 vitam
769 581 980 631 ducundo‚
1002 580 1204 621 demimus
1222 579 1351 620 hilum

230 660 438 714 Tempore
458 657 510 699 de
528 657 692 707 mortis;
724 671 801 697 nec
821 654 1022 696 delibrare
1041 654 1235 703 valemus,

230 733 328 782 Quo
348 733 484 774 minus
505 747 589 773 esse
608 731 680 772 diu
699 729 900 786 possimus
918 735 1051 770 morte
1069 727 1307 784 peremptei.

130 889 203 920 Ver.
221 890 312 920 1097.
343 899 449 929 aequa:
486 888 505 918 i.
536 898 562 918 e.
593 898 660 927 par,
691 887 810 924 similis,

88 944 209 977 eculeum
235 940 319 981 quod
346 939 532 977 notandum,
559 949 632 969 nam
657 939 753 969 rarior
767 944 813 969 est

90 993 233 1024 vocabuli
247 1003 334 1023 usus:
360 992 434 1022 hinc
451 997 557 1022 autem
570 1001 660 1021 suam
675 990 811 1030 proprie-

90 1050 187 1075 tatem
210 1044 409 1082 nanciscitur,
435 1043 584 1084 quoniam
607 1043 714 1073 omnia
728 1043 814 1082 paria

91 1097 237 1127 omnibus
260 1097 458 1136 contingunt,
482 1096 537 1125 ubi
560 1095 606 1125 fas
632 1101 663 1125 et
687 1094 814 1135 aequitas

92 1147 305 1183 dominantur.
351 1146 530 1185 Terentius,
545 1147 631 1178 Eun.
649 1146 668 1176 i.
684 1150 712 1177 2.
732 1149 779 1176 12.

227 1221 249 1245 O
260 1221 266 1245 !
285 1220 382 1250 Thais,
393 1220 488 1250 Thais,
498 1220 602 1245 utinam
614 1223 681 1245 esset
693 1219 761 1244 mihi

119 1263 179 1285 Pars
189 1267 264 1293 aequa
274 1260 372 1285 amoris
381 1264 472 1286 tecum
484 1260 490 1283 !

95 1332 160 1362 Ubi
175 1331 313 1372 perlegas
334 1337 542 1371 opportunam
557 1336 665 1360 notam
680 1331 817 1360 W'ester-

94 1381 192 1419 hovii;
216 1388 247 1411 et
271 1392 346 1412 cum
370 1383 429 1412 hoc
450 1391 540 1411 versu
559 1381 700 1411 conferas
713 1381 818 1420 ipsum

93 1439 248 1471 nostrum,
263 1433 304 1463 ad
318 1434 357 1464 vi.
375 1436 468 1463 1173.
488 1435 578 1463 1174.

137 1485 212 1514 Ver.
230 1486 324 1515 1098.
349 1486 492 1514 Postera:
519 1483 555 1513 P.
572 1484 613 1514 V.
629 1483 675 1514 ed.
700 1485 818 1514 Postea.

97 1536 310 1578 -fortunmm
337 1536 435 1566 Vind.
452 1535 492 1566 V.
506 1535 553 1566 ed.
571 1542 611 1566 Π.
628 1541 662 1567 Σ.
674 1536 819 1577 fortuna.

98 1587 234 1618 Librarii
244 1597 357 1626 nempe
367 1587 639 1622 constructionem,
655 1597 750 1627 quam
765 1597 821 1626 pro

97 1639 188 1670 solito
203 1638 443 1680 exquisitiorem,
466 1648 658 1679 concoquere
673 1648 736 1669 non
751 1638 819 1679 qui-

97 1694 180 1724 bant.

142 1744 223 1775 Ibid.
246 1746 331 1776 vehat
347 1751 432 1776 (etas.
469 1743 520 1774 Sic
536 1744 700 1784 Horatius,
716 1744 765 1775 od.
778 1743 821 1774 iii.

101 1800 152 1827 29.
167 1800 217 1827 48.

192 1869 273 1901 Quod
283 1868 388 1902 fugiens
397 1869 478 1894 semel
490 1869 550 1894 hora
561 1868 640 1894 vexit
650 1877 658 1894 .-

99 1939 132 1964 et
145 1932 310 1975 Virgilius,
325 1943 392 1973 geo.
408 1934 428 1963 i.
444 1936 516 1963 461.

192 2006 326 2037 Denique,
337 2005 400 2037 quid
411 2008 505 2038 vesper
514 2012 586 2030 serus
597 2005 720 2032 vehat—-

637 2045 820 2077 Lambinus.

144 2117 219 2147 Ver.
237 2119 327 2147 1099.
339 2115 446 2157 serat:
472 2115 513 2145 V.
529 2115 578 2145 ed.
605 2117 823 2156 referam—ca-

100 2180 166 2201 sus:
194 2168 288 2198 Vind.
306 2168 346 2198 V.
363 2167 410 2198 ed.
434 2173 474 2197 Π.
491 2173 526 2199 Σ.
552 2178 642 2203 casim
666 2178 730 2197 non
755 2178 823 2198 om·

103 2221 180 2251 nino
193 2219 287 2258 male,
313 2225 350 2249 ut
365 2219 502 2249 Plancus
525 2219 559 2248 in
583 2218 718 2257 epistolis
735 2219 824 2249 Cice-

101 2270 249 2306 ronianis,
265 2280 294 2300 x.
310 2274 339 2300 8.
363 2273 386 2288 ‘⁶
403 2269 475 2305 Sed,
496 2279 570 2299 cum
583 2269 617 2298 in
632 2280 707 2299 eum
720 2281 824 2300 casum

102 2327 126 2341 “
142 2332 192 2353 me
197 2322 330 2363 fbrtuna
345 2321 527 2356 demisisset,
543 2321 652 2351 ut-.’‘
682 2321 742 2352 Sed
757 2321 824 2352 vul-

104 2379 178 2415 gata
191 2379 268 2412 puto
282 2372 484 2411 praeferenda.

148 2424 230 2454 Ibid.
251 2425 362 2454 exitus.-
387 2424 408 2454 i.
424 2434 449 2454 e.
474 2424 587 2457 εκέασις
603 2423 758 2461 omnium,
781 2423 824 2453 vi-

104 2481 145 2506 tae
159 2474 239 2504 finis.
276 2473 438 2514 Virgilius,
455 2474 529 2504 AEn.
544 2474 574 2504 ii.
592 2477 663 2505 554.

120 2549 186 2573 Haec
197 2547 256 2571 finis
266 2547 362 2571 Priami
371 2547 492 2572 fatorum
499 2555 507 2578 ς
523 2547 592 2572 hicc’
604 2547 689 2572 exitus
699 2547 775 2572 illum

120 2592 195 2614 sorte
205 2589 277 2613 tulit.

101 2652 268 2686 ,Iuvenalis
282 2652 389 2692 etiam,
405 2658 459 2683 sat.
476 2663 504 2683 x.
522 2655 592 2684 127.

424 2723 516 2746 Saevus
527 2724 554 2746 et
566 2720 643 2745 illum

133 2760 227 2785 Exitus
238 2760 345 2792 eripuit,
359 2767 442 2792 quem
453 2761 621 2785 mirabantur
630 2759 788 2785 Athenae—.

99 2816 264 2848 Glossator
278 2824 377 2849 vetus:
406 2822 428 2836 “
440 2820 560 2854 Exitus,
576 2818 746 2849 mmmm?
767 2819 829 2853 Qui

98 2868 204 2899 exitus
216 2879 300 2908 vero,
323 2880 379 2909 pro
401 2873 423 2888 “
438 2872 506 2910 quis
528 2865 668 2907 e⁷xitus;’'
692 2874 727 2899 ut
748 2869 828 2908 opti-

100 2919 151 2951 mi
165 2920 324 2961 scriptores
331 2921 522 2961 saepiuscule.
541 2920 691 2956 Catullus,
701 2920 766 2952 lxii.
778 2924 829 2952 20.

916 885 1041 916 uespere,
1052 883 1095 916 qui
1106 882 1177 907 coelo
1188 881 1274 907 fertur
1286 881 1418 906 crudelior
1428 881 1510 914 ignis?

900 941 972 971 Ver.
991 944 1082 971 1100.
1100 951 1261 980 prorsum:
1288 939 1327 970 Ο.
1344 945 1381 970 Δ.
1402 951 1582 980 prorsus.—

856 994 1022 1024 demimus:
1050 992 1091 1022 V.
1108 991 1155 1021 ed.
1171 993 1283 1021 demus.

898 1045 974 1074 Ver.
1002 1046 1092 1074 1101.
1131 1044 1296 1073 delz‘brare:
1336 1043 1380 1072 sic
1410 1042 1448 1072 P.
1483 1042 1581 1080 solus;

858 1096 956 1127 Vind.
972 1095 1011 1126 V.
1028 1094 1074 1125 ed.
1092 1095 1129 1125 B.
1144 1095 1181 1125 L.
1198 1095 1246 1125 M.
1274 1100 1308 1125 Δ.
1326 1101 1366 1124 Π.
1384 1100 1418 1125 Σ.
1437 1100 1480 1125 n..
1506 1096 1582 1125 deli.

858 1150 976 1186 berare,
1008 1157 1063 1186 per
1092 1157 1163 1176 eam
1191 1146 1429 1183 aberrationem,
1458 1146 1583 1186 qualem

860 1204 1017 1238 exspectes
1038 1199 1076 1227 ab
1092 1197 1225 1227 indoctis
1246 1197 1379 1227 librariis
1393 1207 1500 1227 vocem
1516 1208 1584 1236 spe-

860 1248 1064 1280 ciosissimam
1086 1254 1117 1277 et
1137 1247 1412 1287 exquisitissimam
1427 1248 1585 1277 tractanti-

860 1302 933 1331 bus:
960 1300 1000 1330 O.
1016 1304 1053 1329 ut
1065 1299 1210 1339 quaedam
1225 1299 1341 1338 priores
1355 1299 1517 1337 editiones,
1533 1302 1585 1330 ‹le—

860 1353 955 1383 libare
962 1365 973 1386 ;
1000 1360 1065 1380 non
1091 1349 1185 1388 male,
1216 1350 1242 1379 si
1267 1349 1407 1380 faverent
1431 1349 1502 1386 alia,
1532 1360 1588 1388 pro

863 1406 885 1422 “
901 1413 940 1433 ne
955 1401 1125 1432 minimum
1140 1401 1268 1442 quidem
1282 1403 1437 1440 decerpere
1445 1400 1479 1430 :’‘
1504 1401 1589 1441 quod

862 1456 997 1487 auctoris
1011 1456 1110 1486 menti
1123 1455 1213 1486 valde
1228 1462 1481 1486 consentaneum.
1527 1455 1590 1485 Sed

862 1508 962 1544 lectio,
989 1508 1080 1538 nobis
1105 1507 1248 1544 admissa,
1275 1507 1434 1538 mordicus
1455 1506 1590 1537 tenenda

863 1566 920 1599 est,
936 1567 971 1591 ut
985 1561 1078 1591 unice
1092 1559 1321 1595 venustissima,
1344 1565 1375 1589 et
1390 1559 1529 1590 Lucretii
1544 1559 1589 1589 le-

863 1622 938 1651 pore
953 1612 1056 1653 digna.
1094 1613 1258 1643 Delibrare
1273 1616 1379 1641 autem
1393 1610 1474 1641 valet
1487 1613 1590 1642 decor-

865 1667 971 1700 ticare,
988 1664 1186 1702 απολεσηζειν,
1203 1664 1369 1704 εκλεπιζειν·
1393 1668 1430 1692 ut
1443 1662 1592 1703 glossator

865 1721 953 1746 vems
988 1716 1207 1754 interpretatus
1243 1720 1298 1744 est.
1343 1714 1443 1749 Quasi
1480 1713 1592 1743 dixerit

865 1767 968 1805 po’e'ta:
996 1769 1018 1784 “
1032 1766 1107 1796 Non
1121 1765 1260 1795 valemus
1276 1764 1309 1795 id
1321 1775 1340 1794 a
1354 1770 1494 1803 tempore
1508 1774 1591 1794 mor-

866 1818 944 1847 “tis
968 1817 1162 1855 deminuere,
1188 1816 1237 1846 vel
1266 1815 1422 1853 deradere,
1448 1816 1532 1855 quod
1555 1815 1592 1846 exi

868 1872 890 1887 “
907 1868 947 1899 sit
960 1868 1081 1898 ratione
1103 1867 1144 1898 ad
1168 1867 1384 1906 aeternitatem,
1411 1867 1474 1908 qua
1489 1873 1593 1898 cortex

868 1923 890 1938 “
905 1920 1089 1950 tenuissima
1113 1924 1159 1949 est
1186 1918 1226 1948 ad
1251 1917 1387 1948 solidum
1412 1919 1528 1949 arboris
1542 1919 1592 1949 in-

868 1975 891 1990 “
907 1977 1003 2012 tegrae
1039 1969 1217 2001 truncum.”
1269 1969 1447 1999 Columella
1483 1970 1594 2008 saepius

867 2033 942 2053 usus
968 2028 1013 2052 est
1038 2021 1174 2052 dictione
1199 2021 1328 2057 delibrm
1353 2026 1384 2050 et
1398 2021 1483 2059 apud
1501 2021 1591 2051 illum

867 2073 907 2104 de
922 2084 955 2104 re
969 2080 1042 2104 rust.
1057 2073 1097 2103 iv.
1113 2076 1165 2102 24.
1181 2076 1210 2103 6.
1227 2082 1254 2102 v.
1274 2075 1322 2102 11.
1342 2075 1370 2102 1.
1393 2071 1504 2102 itidem
1518 2073 1594 2103 abiit

867 2124 1029 2155 nonnullis
1054 2123 1282 2163 exemplaribus
1308 2123 1342 2152 in
1357 2123 1503 2153 vitiosum
1517 2126 1593 2155 deli-

867 2178 980 2207 berare.
1027 2174 1275 2206 Confunduntur
1296 2174 1392 2204 etiam
1407 2174 1447 2204 ad
1461 2174 1592 2205 Tertull.

869 2227 986 2258 advers,
1005 2227 1160 2257 Marcion.
1176 2226 1215 2256 iv.
1231 2229 1281 2256 21.
1303 2227 1370 2256 haec
1387 2227 1478 2256 verba
1483 2238 1493 2264 3
1518 2227 1594 2257 adeo

868 2284 905 2309 ut
930 2277 970 2308 de
995 2278 1169 2308 sinceritate
1195 2277 1354 2317 scripturae
1382 2279 1531 2308 delz‘brare
1561 2278 1594 2309 iu

868 2329 1016 2361 Lucretio
1046 2329 1153 2360 nullus
1189 2329 1382 2370 relinquatur
1417 2329 1594 2369 ambigendi

869 2380 964 2412 locus.
1031 2384 1054 2399 ‘⁶
1083 2382 1290 2418 Delz'brcrtum,
1335 2380 1595 2411 decorticatum-.”

870 2432 1005 2468 Nonius,
1021 2432 1041 2463 i.
1053 2436 1126 2463 514.

913 2485 988 2515 Ver.
1007 2488 1097 2515 1102.
1125 2487 1206 2519 Quo.-
1234 2485 1268 2514 P.
1284 2484 1325 2514 V.
1349 2484 1395 2514 ed.
1428 2485 1527 2518 Quid;
1555 2491 1595 2515 Π.

875 2538 1175 2576 Quod.—-possimus.·
1203 2536 1250 2566 Μ.
1271 2543 1594 2575 possumus—morte.-

870 2588 908 2618 P.
926 2588 973 2619 M.
999 2595 1094 2625 sorte,·
1119 2587 1218 2618 Vind.
1236 2587 1276 2617 V.
1301 2587 1348 2617 ed.
1376 2587 1415 2617 O.
1440 2592 1474 2617 Δ.
1498 2594 1539 2618 Π.
1562 2593 1598 2618 ἲ.

861 2639 955 2680 jbrte.
989 2640 1050 2670 Sed
1065 2645 1196 2678 receptae
1211 2639 1336 2668 lectioni
1352 2638 1498 2668 standum
1513 2639 1597 2670 vide-

871 2698 934 2729 tur,
957 2701 1056 2732 quum
1073 2690 1228 2731 Virgilius
1249 2699 1313 2719 non
1331 2689 1433 2721 multo
1447 2690 1537 2721 aliter
1551 2690 1597 2721 lo·

871 2747 963 2773 cutus
977 2743 1028 2781 sit,
1048 2743 1123 2773 AEn.
1139 2742 1177 2772 vi.
1194 2745 1263 2772 165.

1035 2816 1124 2846 Atque
1135 2815 1174 2840 illi
1183 2815 1317 2840 Misenum
1327 2814 1356 2839 in
1368 2813 1446 2840 litore
1455 2814 1537 2843 sicco,

903 2858 943 2881 Ut
953 2862 1062 2887 venere,
1072 2856 1176 2886 vident,
1187 2855 1297 2888 indigna
1308 2858 1385 2880 morte
1393 2858 1557 2887 peremptum.

875 2920 970 2952 Adde
987 2919 1110 2969 Silium,
1126 2919 1208 2951 Pun.
1224 2919 1285 2950 xiv.
1303 2921 1374 2951 554.
