1912 3292
489 203 720 254 LIBER
773 198 1126 249 TERTIUS.

1453 206 1536 246 151

188 339 340 382 Pocula
358 349 465 391 saepe
483 333 687 383 homines,
709 339 750 372 et
768 330 1011 371 inumbrant
1030 343 1104 370 ora
1124 329 1308 378 coronis,

189 414 257 455 Ex
276 413 412 455 animo
431 416 478 450 ut
495 407 651 456 dicant,
683 411 715 432 “
738 404 882 446 Brevis
902 403 1006 455 hicc’
1027 410 1087 443 est
1106 401 1260 443 fructus
1276 401 1481 444 homullis:

188 493 218 514 ‘⁶
238 487 332 529 Jam
351 483 488 532 fuerit3
520 496 653 537 neque
672 488 765 536 post
785 491 984 534 umquam
1008 491 1200 518 revocare
1220 476 1356 517 licebit
1369 476 1404 516 !''

28 642 30 644 ’
47 642 174 683 vestigIa
190 638 324 671 Homeri
338 638 455 679 legens,
472 637 512 668 ad
529 637 567 668 11.
585 644 618 668 r.
640 640 709 669 176.

85 724 165 751 Amat·
184 732 221 750 ‘m
236 722 263 754 ’,ν’
283 732 318 748 εκ
336 727 450 754 εφευοντο·
474 731 502 748 το
519 731 566 748 mu
583 722 771 749 ΚΛΑῙΟΥΣΑ

202 770 364 796 TETHKA.

52 842 212 873 Tabescere
232 845 332 879 potest
353 839 462 880 igitur,
484 840 576 879 liqui,
609 839 774 876 macerari,

48 893 133 935 (vide
161 902 237 923 verr.
264 895 314 924 75.
341 892 428 932 838.)
452 892 610 933 dg'ffluerae
641 900 776 932 quarum

46 955 106 975 vox
120 945 232 975 ultima
246 944 416 975 certissime
431 943 612 975 redonanda
624 949 670 974 est
683 944 775 982 Apu-

48 997 121 1036 leio,
144 1004 217 1028 met.
232 998 270 1028 iv.
286 996 340 1029 fin.
384 1000 407 1016 “
426 996 777 1036 Psychen-paventem

52 1052 75 1068 “
89 1059 125 1080 ac
149 1049 313 1090 trepidam,
348 1055 378 1080 et
392 1049 427 1079 in
448 1049 515 1088 ipso
530 1048 650 1089 scopuli
664 1047 777 1078 vertice

50 1105 73 1120 ‘⁴
89 1100 352 1143 dgffluentem—ff’
412 1100 512 1138 Libri,
542 1101 711 1141 deflentem,
749 1104 781 1128 et

51 1153 247 1192 defluentem:
273 1151 427 1191 posterius
448 1151 566 1190 placuit
589 1149 779 1182 Oudendor-

52 1203 114 1243 pio,
128 1214 184 1243 per
198 1203 354 1234 inscitiam
369 1205 403 1233 in
418 1208 484 1233 tam
499 1202 591 1234 docto
605 1202 672 1233 viro
694 1211 781 1232 sum-

52 1265 179 1294 mopere
202 1255 394 1292 mirandam,
418 1253 504 1284 haud
526 1253 664 1290 callenti,
691 1251 781 1292 quid-

52 1316 129 1336 nam
143 1306 258 1336 distent·
271 1308 391 1345 liquens
407 1310 438 1334 et
453 1305 597 1345 dffuens
610 1317 667 1338 ταις
681 1304 780 1343 deflu-

53 1371 106 1390 ens
121 1366 153 1390 et
165 1361 306 1390 delabens
314 1372 324 1389 :
350 1358 421 1388 vide
437 1368 505 1396 nos,
529 1367 605 1387 verr.
623 1360 694 1388 198.
709 1358 781 1387 517.

54 1416 112 1445 hoc
126 1413 214 1444 libro.
258 1413 369 1452 Longe
384 1411 509 1442 saniora
523 1410 580 1440 viri
602 1409 685 1440 docti
710 1419 782 1448 pro-

56 1465 195 1496 tulerunt
218 1464 258 1494 ad
285 1464 424 1501 Livium,
450 1462 503 1493 xli.
520 1464 570 1493 15.
587 1465 614 1492 1.
641 1461 696 1492 ubi
721 1460 784 1500 tlz'f-

43 1520 174 1559 fluxisse
196 1516 355 1547 verissima
369 1521 415 1547 est
430 1516 582 1555 scriptura
588 1527 598 1553 ;
621 1520 651 1544 et
666 1515 783 1556 deflua*-

56 1571 112 1600 isse
126 1578 250 1608 prorsus
265 1567 405 1598 alienum
431 1573 461 1597 et
484 1566 638 1606 ineptum.
696 1565 785 1596 Inter

55 1621 122 1652 haec
147 1626 253 1651 autem
279 1619 372 1650 liceat
395 1629 482 1649 veras
505 1618 640 1649 rationes
668 1617 730 1648 loci
751 1618 786 1648 in

57 1672 218 1712 Sophoclis
233 1671 368 1709 Electra,
393 1682 456 1702 ver.
474 1675 545 1702 120.
572 1670 707 1710 aperire;
729 1680 784 1700 cu-

52 1724 106 1765 jus
119 1724 383 1755 constructionem
405 1733 500 1754 nemo
526 1722 710 1763 penetravit,
731 1728 787 1752 aut

58 1776 215 1816 perspexit
227 1775 412 1816 elegantias:

138 1863 165 1887 Ω
177 1871 223 1888 παι
234 1871 280 1888 που
292 1861 486 1889 δυστανοταιτκς

138 1911 261 1943 Hazza-pu
270 1919 379 1945 μιτρος,
391 1906 437 1934 τιν’
445 1917 483 1934 otu

138 1959 239 1984 Ταικεις
250 1955 292 1982 ὧδ’
305 1965 421 1991 canope-rou
431 1966 554 1990 οιμωγαν,

139 2005 193 2030 Tou
203 2008 287 2029 παλαι
299 2012 327 2029 εκ
337 2003 438 2037 δολεροις
452 2003 614 2030 αθεωτοιτσις

139 2053 245 2086 Moeaepoc
255 2050 341 2077 (ἔλοπ’
356 2060 483 2080 ουτω-αις,
498 2050 690 2084 Αγσιμεμνινας

66 2131 88 2148 “
104 2127 287 2164 Quemnam
300 2125 508 2157 insatiabilem
528 2126 651 2156 luctum
675 2123 790 2156 indesi-

62 2183 86 2199 “
100 2185 210 2210 neuter
221 2179 329 2215 stillas,
343 2178 589 2219 Agamemnona
599 2175 790 2207 scilicet-—J'

66 2234 199 2265 Dictum
223 2239 270 2264 est
293 2232 413 2273 utique,
437 2238 474 2262 ut
497 2231 576 2262 illud
593 2230 721 2271 Virgilii
735 2241 789 2271 ge-

63 2284 209 2323 mellum,
229 2284 263 2314 in
275 2283 330 2314 ecl.
346 2283 397 2314 vii.
413 2287 463 2314 21.
479 2288 510 2313 et
523 2281 611 2312 mille
626 2281 702 2312 alia:

125 2351 273 2384 Nymphae,
283 2354 366 2376 noster
375 2356 457 2380 amor,
471 2348 680 2375 Libethrides—.

108 2417 184 2448 Ver.
199 2419 272 2449 925.
295 2417 410 2448 Hocc':
431 2417 470 2447 P.
489 2417 586 2452 Haec5
603 2420 639 2445 ut
653 2415 735 2445 infra
751 2421 792 2446 Π.

66 2469 107 2501 ad
121 2478 182 2499 ver.
199 2472 270 2500 929.
293 2468 335 2499 V.
359 2468 410 2498 ed.
435 2469 522 2504 Nec;
546 2466 601 2497 sed
615 2466 703 2504 vitio,
726 2465 794 2505 opi-

67 2532 136 2559 nor,
162 2520 302 2552 codicem
316 2521 489 2559 tractantis,
504 2520 628 2550 literam
642 2519 796 2559 majorem

69 2575 115 2610 H,
131 2583 187 2612 pro
204 2574 252 2610 N,
267 2571 447 2612 accipientis
453 2584 462 2610 ;
485 2581 585 2612 quum
599 2571 662 2601 sint
676 2570 733 2600 sibi
748 2569 796 2600 in.

65 2624 165 2655 vicem
181 2623 363 2655 simillimae:
389 2623 461 2654 vide
476 2633 533 2653 nos
547 2622 587 2653 ad
601 2621 632 2652 ii.
650 2625 721 2652 251.

108 2675 189 2706 Ibid.
226 2676 324 2706 Hocc’
351 2677 444 2706 etiam
461 2674 608 2716 faciunt:
633 2673 653 2704 i.
676 2684 704 2704 e.
742 2673 793 2703 Eo

65 2726 204 2757 stultitiae
218 2731 348 2757 ventum
363 2732 418 2763 est,
433 2731 470 2757 ut
485 2729 508 2745 “
521 2726 615 2756 etiam
627 2725 708 2756 inter
718 2735 792 2755 con-

68 2781 92 2796 “
106 2779 197 2815 vivia,
222 2779 277 2810 ubi
303 2784 424 2810 mentes
445 2778 580 2809 debeant
591 2777 794 2808 hilaritudine

72 2831 94 2847 ‘⁸
109 2834 142 2859 et
166 2830 282 2861 laetitiis
306 2830 453 2866 diffundi,
480 2829 732 2860 solicitudinibus
757 2828 796 2858 de

75 2883 98 2899 “
114 2880 183 2910 vitae
207 2883 355 2914 brevitate
369 2882 485 2924 gaudia
499 2893 556 2913 sua
570 2881 725 2921 interpelli
741 2891 795 2920 pa-

112 2946 187 2979 VoL
198 2970 205 2979 .
224 2948 271 2980 ΙΙ.

800 2947 819 2976 1,

819 637 842 654 “
858 634 983 664 tiantur.
1039 633 1148 673 Usque
1171 631 1250 662 adeo
1274 631 1401 662 nullum
1425 636 1548 670 tempus

820 689 842 705 “
857 685 978 715 miseris
994 684 1175 715 mortalibus
1189 693 1208 713 a
1223 682 1412 722 cogitatione
1437 681 1547 712 mortis

819 741 842 756 “
858 736 985 768 vacat!'’

862 788 945 819 Ibid.
962 788 1148 819 discubuere.
1172 786 1314 817 Verbum
1327 791 1372 816 est
1387 784 1547 824 proprium

818 839 1010 870 convictibus
1035 837 1222 878 epularibus.
1269 837 1320 868 Ita
1338 837 1548 870 Mantuanus,

820 892 895 923 AEn.
910 891 929 922 i.
946 894 1018 922 700.

1012 951 1150 979 stratoque
1160 954 1239 979 super
1251 946 1418 972 discumbitur
1428 950 1510 971 ostro.

864 1008 939 1038 Ver.
951 1011 1027 1039 926.
1058 1007 1237 1037 inumbrant
1258 1016 1312 1035 ora
1328 1005 1464 1035 coronis:
1489 1002 1510 1033 i.
1525 1012 1551 1032 e.

823 1063 985 1103 obtegunt.
1019 1060 1075 1092 Ad
1083 1062 1168 1091 hunc
1182 1059 1315 1090 modum
1330 1059 1447 1098 priores
1461 1057 1549 1088 Grae.

824 1114 869 1153 ci;
891 1119 928 1145 ut
942 1112 1121 1152 Euripides,
1137 1111 1291 1142 Androm.
1305 1113 1399 1141 1115.

1020 1186 1111 1221 Δαρνῃ
1127 1183 1333 1211 satuens.

826 1247 939 1287 Neque
953 1246 1043 1276 aliter
1057 1244 1223 1285 Virgilius,
1243 1243 1317 1274 AEn.
1333 1243 1373 1273 vi.
1390 1245 1461 1274 772.

846 1297 945 1346 *Atque
957 1314 1073 1338 umbrata
1085 1316 1183 1347 gerunt
1194 1312 1267 1337 civili
1278 1315 1401 1343 tempora
1414 1316 1528 1341 quercu:

826 1379 911 1410 uude
928 1379 1057 1417 Statius,
1073 1378 1173 1409 Theb.
1190 1377 1231 1409 vi.
1248 1380 1319 1409 554.

1178 1452 1250 1476 Prior
1260 1450 1386 1475 omnibus
1398 1451 1466 1479 Idas,

890 1495 982 1524 Nuper
993 1491 1157 1523 Olympiacis
1170 1491 1301 1516 umbratus
1312 1494 1421 1522 tempora
1433 1489 1497 1514 rami
1504 1497 1521 1517 t,

890 1532 1033 1557 Prosilit—.

831 1596 1027 1628 Claudianus
1042 1594 1186 1635 exempla
1202 1593 1359 1630 terminet,
1376 1592 1447 1624 bell.
1472 1591 1558 1622 Gild.

830 1652 902 1679 444.

893 1715 1028 1741 Umbram:
1039 1715 1099 1740 dux
1109 1713 1166 1747 ipse
1175 1714 1250 1739 rosis.-

831 1771 942 1805 coronet
972 1784 1111 1804 rosarum
1139 1772 1263 1803 scilicet.
1322 1771 1435 1812 Neque
1460 1770 1562 1800 lautos

831 1824 993 1864 poenitebit
1006 1823 1118 1854 adiisse
1136 1823 1226 1853 Statii
1248 1821 1349 1853 Theb.
1366 1822 1388 1853 i.
1410 1825 1480 1853 108.
1507 1831 1560 1860 ap-

832 1876 970 1915 positum
985 1881 1016 1905 et
1030 1875 1206 1915 elegantem
1216 1874 1333 1904 locum.

875 1928 950 1958 Ver.
968 1930 1039 1959 927.
1060 1928 1136 1958 hicc‘
1151 1933 1212 1958 est.-
1240 1926 1280 1956 Ο.
1300 1931 1336 1956 Δ.
1351 1931 1392 1956 est
1409 1927 1475 1961 hic;
1492 1935 1563 1965 quae

831 1981 955 2012 malim:
974 1987 1017 2013 est
1032 1982 1119 2012 abest
1134 1980 1353 2022 1'1.—fi·uctus:
1374 1986 1419 2010 Ω.
1424 1979 1562 2020 fruita&

832 2033 931 2064 Vind.
949 2032 988 2064 V.
1004 2033 1051 2063 ed.
1069 2034 1107 2064 B.
1124 2033 1165 2063 Ο.
1182 2039 1224 2063 Π.
1243 2036 1277 2064 Σ.
1290 2035 1421 2074 fluctus.
1466 2031 1562 2072 Lege,

832 2086 975 2116 homulli:
1001 2083 1119 2125 alioqui
1134 2082 1335 2114 scribendum
1350 2088 1425 2118 erat,
1450 2085 1472 2101 “
1487 2083 1510 2114 J
1512 2092 1565 2112 am

834 2136 1029 2179 “fuerint:'’
1053 2135 1189 2167 homulli
1204 2135 1331 2166 scilicet.
1376 2136 1488 2166 Faber.

836 2189 918 2225 Imo,
935 2189 1003 2228 jam
1018 2188 1138 2229 suerin
1162 2197 1277 2227 nempe
1289 2187 1418 2228 fructus
1435 2185 1499 2216 ille:
1529 2190 1564 2215 ut

835 2241 1028 2281 Propertius,
1043 2241 1074 2272 ii.
1091 2243 1143 2271 12.
1159 2244 1210 2273 49.

865 2320 912 2344 Tu
929 2319 1024 2350 modo,
1035 2320 1102 2344 dum
1120 2319 1196 2350 licet,
1213 2318 1287 2344 hunc
1295 2318 1417 2350 fructum
1429 2323 1462 2342 ne
1474 2317 1566 2341 desere

957 2358 1034 2383 vitae.

837 2423 926 2453 Bene
948 2421 1045 2462 igitur
1069 2423 1219 2453 homullis.
1263 2424 1286 2440 “
1304 2420 1414 2452 Brevis
1439 2419 1490 2449 hic
1520 2424 1566 2455 est

839 2476 862 2491 “
876 2473 996 2504 fructus
1012 2473 1112 2515 (vitae)
1128 2472 1306 2503 homullis.”
1337 2473 1566 2502 BENTLEIUS.

883 2524 964 2556 Ibid.
979 2526 1136 2555 homullis:
1156 2533 1282 2564 nempe,
1298 2523 1500 2557 homunculis,
1512 2523 1565 2551 ho-

838 2577 988 2613 munc’lis.
1002 2578 1153 2611 homullis,
1176 2576 1322 2611 homulis;
1340 2583 1435 2614 quam
1448 2577 1566 2612 post-re-

840 2638 926 2658 mam
943 2627 1078 2659 formam
1093 2627 1226 2667 pedestri
1243 2625 1380 2657 sermoni
1395 2624 1566 2664 adscripse-

835 2679 905 2709 rim.
928 2678 1126 2710 Glossarium
1135 2685 1235 2709 vetus:
1256 2682 1278 2696 “
1291 2678 1455 2713 Homulus,
1467 2678 1566 2718 ανέρω-

836 2735 859 2751 “
873 2733 1154 2774 mov,av9pomoepm.’'
1175 2730 1272 2762 Unde
1282 2730 1420 2761 fortassis
1430 2728 1570 2768 plurium

838 2783 1014 2814 editionum
1029 2783 1180 2823 scriptura
1194 2792 1259 2813 non
1275 2787 1321 2812 est
1334 2781 1403 2812 loco
1415 2779 1571 2811 movenda

842 2835 1015 2874 Ciceronis,
1042 2835 1076 2865 in
1100 2835 1206 2865 Pison.
1234 2836 1352 2865 25.--“
1367 2831 1444 2874 quid
1470 2838 1570 2862 cessat

841 2891 863 2907 “
880 2887 930 2918 bic
945 2889 1083 2918 homulus
1096 2897 1132 2918 ex
1143 2885 1253 2927 argilla
1263 2892 1293 2917 et
1306 2886 1373 2916 luto
1389 2885 1480 2916 (ictus
1491 2883 1569 2922 Epi-
