1912 3292
343 228 436 274 :378

819 222 880 271 Τ.
927 222 1305 273 LUCRETII

485 352 667 403 Tenuia3
698 367 792 410 quae
809 362 932 396 vento
952 370 1042 410 spes
1061 363 1179 411 rapta
1199 363 1259 397 est
1278 370 1386 411 saepe
1405 358 1567 400 misella.

347 431 455 469 1090
486 427 548 469 Ut
568 427 709 469 bibere
727 428 772 469 in
791 429 944 470 somnis
964 429 1102 471 sitiens
1122 445 1248 485 quom
1268 431 1432 486 quaerit,
1454 440 1494 473 et
1513 432 1664 475 humor

479 501 578 543 Non
597 501 734 553 datur,
755 503 946 545 ardorem
964 504 1036 560 qui
1056 505 1250 546 membris
1269 505 1475 562 stinguere
1493 507 1638 562 possit;

478 575 560 618 Sed
580 576 747 618 laticum
766 578 982 620 simulacra
1000 579 1120 633 petit,
1155 579 1386 636 frustraque
1404 580 1578 631 laborat,

486 649 536 690 In
557 650 775 706 medioque
795 652 879 692 sitit
898 652 1073 692 torrenti
1094 652 1264 694 flumine
1281 662 1444 708 potans:

486 722 554 763 Sic
575 723 618 762 in
639 737 779 764 amore
802 723 944 765 Venus
963 725 1188 766 simulacris
1207 726 1312 767 ludit
1331 729 1544 778 amanteis,

345 799 449 836 1095
482 794 572 835 Nec
592 796 738 837 satiare
757 805 913 851 queunt
932 799 1156 853 spectando
1175 814 1350 855 corpora
1369 816 1527 851 coram;

483 867 573 909 Nec
593 869 782 910 manibus
801 870 1028 926 quidquam
1047 873 1197 914 teneris
1217 873 1415 916 abradere
1433 875 1627 917 membris

483 941 678 993 Possunt,
699 952 882 985 errantes
901 946 1070 987 incertei
1091 961 1266 1001 corpore
1286 955 1388 989 toto.

537 1015 746 1071 Denique,
769 1031 910 1072 quom,
932 1018 1126 1059 membris
1147 1018 1333 1068 conlatis,
1363 1019 1466 1061 flore
1484 1019 1679 1064 fruuntur

367 1173 426 1196 Non
436 1173 529 1196 tamen
538 1171 663 1203 effugies;
680 1176 760 1197 vento
772 1173 883 1205 rapiare,
899 1173 998 1199 licebit.

379 1243 454 1272 Ver.
473 1245 563 1274 1090.
585 1253 690 1283 quom:
718 1243 755 1274 P.
771 1246 919 1284 quel—et:
947 1245 988 1275 V.
1012 1244 1061 1275 ed.

336 1300 380 1325 ut.

380 1346 454 1376 Ver.
474 1349 566 1378 1091.
592 1349 647 1386 qui
660 1348 816 1379 membris:
841 1348 885 1379 sic
907 1348 1065 1390 eleganter

336 1406 446 1427 omnes
461 1407 556 1427 omne
570 1406 671 1437 genus
686 1398 775 1436 libri;
797 1398 904 1440 vulgo,
926 1409 991 1430 non
1015 1400 1063 1431 in·

337 1449 411 1480 scite
425 1450 543 1488 minus,
567 1461 662 1491 quam
687 1452 844 1490 audacter,
871 1455 905 1484 in
927 1455 1066 1485 membris

336 1502 611 1542 quel—stinguere:
632 1502 728 1533 Vind.
741 1504 783 1534 V.
801 1503 849 1535 ed.
871 1503 911 1535 O.
927 1509 963 1535 Δ.
977 1511 1018 1536 11.
1030 1509 1064 1537 Σ.

338 1557 385 1582 Ω..
419 1555 545 1592 tingere,
577 1553 624 1584 vel
652 1557 792 1594 tinguere
798 1571 809 1592 ;
848 1556 998 1586 abstracta
1032 1562 1063 1587 et

335 1605 449 1636 amissa
464 1617 478 1637 s
493 1606 591 1643 litera,
607 1609 647 1638 ob
656 1608 791 1638 similem
802 1609 974 1639 terminum
984 1619 1061 1648 prae-

334 1657 472 1688 cedentis
500 1657 652 1689 dictionis.
709 1659 800 1696 Mox,
828 1662 956 1692 laticum
978 1661 1064 1691 deest

336 1713 377 1737 Π.

377 1757 453 1788 Ver.
472 1761 562 1791 1095.
585 1763 715 1791 torrenti
718 1762 872 1802 flumine.-
897 1762 934 1792 ea
949 1772 1062 1801 nempe

333 1819 487 1849 aquarum
501 1809 676 1848 rapiditate,
704 1818 740 1841 ut
754 1818 864 1843 aestuet
877 1813 973 1853 quasi,
989 1814 1061 1855 ser·-

333 1865 469 1899 veatque.
513 1859 675 1900 Virgilius
692 1861 748 1892 ecl.
763 1862 813 1892 vii.
829 1866 880 1894 52.

364 1932 420 1957 Aut
429 1939 574 1958 numerum
584 1933 671 1965 lupus,
680 1938 727 1959 aut
737 1935 858 1960 torrentia
860 1935 974 1965 flumina
982 1937 1060 1969 ripas.

333 1997 356 2029 J
359 1998 490 2036 ustinus,
516 1998 554 2028 iv.
573 2002 601 2028 1.
621 2003 649 2030 9.
673 2002 695 2017 “
713 1999 881 2041 Nusquam
904 2001 980 2032 alias
997 2008 1062 2032 tam

333 2052 356 2068 “
372 2056 489 2080 torrens
498 2049 694 2091 fretum—3¹
740 2052 910 2088 Arnobius,
926 2053 977 2084 lib.
993 2053 1013 2083 i.
1029 2064 1060 2093 p.

333 2103 362 2132 5.
398 2104 420 2119 “
439 2101 485 2131 Ut
513 2101 607 2132 modo
635 2103 785 2141 Romani,
823 2103 907 2134 velut
935 2104 1060 2145 aliquod

334 2154 485 2193 “flumen
508 2159 635 2190 torrens,
671 2161 800 2185 cunctas
825 2157 1060 2197 submergerent

334 2207 357 2222 “
373 2210 465 2244 atque
480 2207 646 2237 obruerent
661 2207 878 2238 nationes-.'’

381 2254 454 2286 Ver.
471 2259 563 2288 1094.
585 2259 758 2289 simulacris
772 2260 862 2290 ludit.
908 2259 1060 2291 Similiter

334 2308 496 2349 Virgilius,
513 2310 589 2341 AEn.
603 2310 623 2341 i.
641 2314 714 2343 408.

363 2391 436 2422 Quid
447 2395 542 2416 natum
551 2392 661 2422 totiens,
673 2392 786 2419 crudelis
797 2396 827 2418 tu
837 2399 956 2425 quoque,
966 2393 1040 2420 salsis

361 2430 440 2455 Ludis
451 2431 616 2464 imaginibus?

371 2501 453 2533 Ibid.
476 2505 557 2534 ludit
571 2506 731 2536 amanteis.
778 2504 871 2535 Idem
894 2505 1000 2544 Maro,
1017 2506 1057 2537 ib.

329 2563 390 2585 ver.
404 2557 477 2586 552.

355 2628 443 2653 Multa
453 2629 539 2654 malus
550 2630 678 2655 simulans
689 2631 758 2656 vani
770 2638 817 2664 spe
827 2631 889 2657 lusit
899 2636 1038 2658 amantem.

370 2698 443 2731 Ver.
461 2703 552 2733 1095.
578 2703 646 2733 IVec
660 2705 776 2735 satiare
790 2710 906 2744 queant
918 2711 1056 2745 spectan-

327 2751 374 2779 do.
405 2751 482 2782 Huc
493 2754 588 2784 etiam
601 2755 797 2787 Mantuanus
810 2757 864 2788 ille
873 2767 938 2789 non
950 2757 1056 2788 minus

327 2800 449 2832 videtur
463 2806 642 2844 respexisse,
655 2807 731 2838 ibid.
745 2818 808 2839 ver.
826 2811 897 2840 715.

390 2875 495 2907 Expleri
506 2882 610 2903 mentem
623 2880 719 2912 nequit,
729 2881 897 2913 ardescitque
909 2881 1011 2912 tuendo,

384 2913 530 2941 Phoenissa·

1109 1175 1277 1211 Caeterum.
1301 1175 1367 1206 haec
1382 1181 1428 1206 est
1441 1177 1605 1208 verborum
1618 1178 1711 1210 series
1723 1190 1831 1221 gram-

1107 1227 1228 1262 matica,
1238 1237 1308 1268 quae
1317 1237 1381 1258 non
1393 1227 1530 1259 innotuit
1539 1229 1711 1270 interpreti:
1728 1236 1751 1251 ‘⁸
1763 1233 1832 1264 Nec

1109 1282 1131 1297 ‘⁸
1148 1289 1275 1319 corpora
1302 1286 1423 1320 queunt
1446 1281 1558 1312 satiare
1582 1284 1749 1322 spectando
1777 1295 1830 1316 co-

1109 1334 1132 1349 “
1148 1331 1257 1362 ram:‘’
1273 1332 1292 1362 i.
1304 1342 1331 1362 e.
1346 1332 1424 1363 dum
1435 1343 1540 1364 coram
1556 1340 1740 1374 spectantur.
1763 1337 1832 1368 No-

1108 1384 1246 1415 tissimus
1260 1390 1305 1415 est
1317 1384 1369 1416 ille
1377 1385 1545 1417 versiculus
1556 1387 1763 1430 Virgilianus,
1775 1389 1832 1421 ecl.

1111 1435 1171 1466 viii.
1189 1438 1238 1467 71.

1140 1517 1259 1549 Frigidus
1270 1517 1295 1541 in
1308 1518 1389 1549 pratis
1399 1518 1524 1543 cantanda
1534 1520 1670 1552 rumpitur
1679 1522 1782 1554 anguis.

1108 1593 1252 1633 Insuper,
1267 1594 1334 1624 vice
1348 1606 1461 1633 coram,
1479 1601 1513 1627 Δ.
1529 1597 1634 1634 codex,
1650 1601 1802 1639 quoedam.

1151 1645 1230 1676 Ibid.
1253 1650 1431 1685 spectando:
1457 1658 1530 1679 sane
1544 1649 1719 1681 secuudum
1734 1650 1830 1682 Euri-

1106 1694 1222 1734 pidem,
1236 1696 1367 1736 Hippol.
1384 1700 1454 1728 550.

1222 1800 1296 1833 Ερως,
1310 1802 1383 1834 Epeos,
1394 1799 1406 1826 ό
1417 1800 1481 1826 κατ’
1492 1803 1682 1829 OMMATnN

1224 1847 1328 1877 Σταζεις
1339 1847 1452 1873 ποθῡμ.

1108 1929 1161 1960 Ad
1177 1939 1254 1970 quos
1276 1930 1442 1960 versiculos
1465 1941 1514 1961 me
1537 1931 1704 1972 impulsore
1727 1935 1825 1974 perle-

1105 1990 1160 2020 gas
1174 1991 1274 2020 nuper
1287 1981 1424 2012 adhibita
1447 1982 1677 2023 elegantissimo
1700 1985 1827 2025 perdoc-

1106 2037 1199 2072 toque
1214 2031 1288 2068 viro,
1306 2033 1339 2063 F.
1357 2033 1401 2063 H.
1418 2034 1586 2074 Egertono.

1147 2082 1221 2113 Ver.
1239 2087 1330 2115 1099.
1343 2084 1414 2123 jam
1430 2096 1535 2124 quom.-
1561 2085 1603 2116 ita
1621 2086 1714 2117 vind.
1739 2087 1775 2118 B.
1791 2087 1828 2118 L.

1105 2133 1151 2164 M.
1170 2133 1209 2164 Ο.
1227 2139 1262 2164 Δ.
1277 2134 1384 2174 vulgo,
1398 2137 1575 2176 quomjam,
1591 2137 1717 2167 vocibus
1730 2144 1827 2168 trans-

1102 2183 1220 2223 positis,
1234 2191 1341 2215 contra
1356 2185 1464 2216 libros:
1491 2186 1527 2217 P.
1545 2192 1579 2218 Σ.
1598 2194 1641 2218 Ω.
1654 2188 1724 2228 jam
1741 2195 1822 2225 tum,-

1103 2234 1143 2265 V.
1159 2235 1287 2276 ed.jam
1301 2243 1389 2272 sunt,-
1415 2244 1445 2268 et
1462 2238 1578 2277 1'1.jam
1595 2245 1678 2269 tunc.

1144 2287 1219 2318 Ver.
1237 2290 1329 2319 1100.
1353 2290 1452 2330 Atque
1467 2292 1500 2320 in
1516 2298 1565 2317 co:
1587 2287 1627 2318 V.
1643 2287 1690 2319 ed.
1702 2291 1742 2320 At
1754 2300 1826 2321 meo.

1145 2337 1225 2368 Ibid.
1247 2340 1408 2370 muliebria
1423 2346 1562 2370 conserat
1589 2351 1672 2371 arva.
1720 2339 1825 2380 Virgi-

1099 2388 1161 2419 lius
1177 2389 1271 2420 etiam
1281 2391 1338 2420 hac
1348 2401 1422 2420 usus
1434 2397 1479 2420 est
1490 2389 1600 2421 decori
1613 2389 1825 2428 translatione,

1101 2450 1172 2481 geo.
1189 2440 1235 2471 iii.
1254 2444 1323 2472 156.

1388 2531 1471 2556 nimio
1482 2537 1516 2557 ne
1526 2531 1595 2556 luxu
1605 2530 1725 2556 obtusior
1733 2535 1794 2555 usus

1132 2570 1168 2595 Sit
1177 2570 1285 2602 genitali
1295 2578 1376 2595 arvo.

1098 2651 1132 2682 J.
1152 2651 1287 2688 Solinus,
1302 2662 1368 2692 cap.
1383 2652 1402 2683 i.
1415 2663 1447 2692 p.
1460 2655 1560 2683 4.-“
1571 2650 1708 2694 quodibi
1719 2649 1825 2681 miuus

1101 2706 1122 2721 “
1138 2703 1270 2741 mirum3
1293 2714 1367 2735 cum
1398 2704 1522 2735 fetifero
1542 2710 1619 2744 potu
1641 2703 1736 2734 Nilus
1759 2713 1824 2733 non

1100 2757 1122 2772 “
1138 2760 1262 2785 tantum
1283 2761 1449 2794 terrarum,
1474 2755 1528 2786 sed
1549 2755 1646 2785 etiam
1667 2756 1821 2786 hominum

1100 2809 1122 2825 “
1139 2813 1288 2846 materna,
1326 2807 1473 2839 fecundet
1505 2806 1614 2839 arva.''
1673 2806 1824 2838 Similiter

1096 2859 1269 2888 abutuntur
1284 2859 1410 2889 vocibus
1424 2871 1529 2897 ›cna-03,
1553 2861 1671 2897 hortus,
1693 2864 1726 2890 et
1739 2857 1806 2888 aliis
1811 2869 1829 2900 ;⁸

1096 2919 1230 2949 quarum
1245 2919 1398 2950 magnum
1413 2920 1582 2943 numerum
1597 2920 1662 2941 non
1688 2907 1823 2941 difficul-
