1912 3292
325 166 415 207 102

821 151 884 200 Τ.
924 149 1303 201 LUCRETII

459 287 531 338 Et,
552 285 672 329 simul
690 285 735 328 in
753 298 907 343 pugnae
925 283 1062 326 studio
1081 282 1178 340 quia
1196 281 1335 324 dedita
1353 295 1469 323 mens
1487 288 1562 332 est,

461 361 648 418 Corpore
667 374 763 403 cum
781 359 937 415 reliquo
956 372 1156 415 pugnam,
1178 356 1420 412 caedeisque,
1441 355 1619 411 petessit:

460 435 551 478 Nec
570 443 696 485 tenet,
718 434 907 476 amissam
926 433 1073 474 laevam
1091 445 1187 474 cum
1206 430 1387 488 tegmine
1407 444 1515 486 saepe

345 515 430 552 650
459 510 574 552 Inter
593 524 718 565 equos
738 508 929 550 abstraxe
948 514 1073 557 rotas,
1094 505 1293 560 falcesque
1313 504 1508 560 rapaceis:

316 667 443 697 mixtum
451 680 463 702 ;
501 664 642 705 denique,
678 666 814 695 mixtam.
875 664 1040 698 emotum,

315 716 436 757 phrasis
449 718 486 747 de
501 717 598 747 subito
611 714 652 745 ad
660 715 811 746 amussim
825 714 957 756 quadrat
967 724 1042 745 cum

319 767 430 799 6ΓᾶΞώ
448 769 586 806 &aruns-

362 819 435 849 Ver.
451 822 523 850 644.
545 825 671 849 tremere
685 818 723 848 ab
737 819 879 849 artubus.-
899 818 919 848 i.
935 829 960 849 e.
976 818 1042 858 pal-

316 871 424 910 pitare.
465 869 620 910 Virgilius
644 868 755 900 eodem
779 868 883 906 modo,
909 869 985 900 AEn.
999 869 1044 900 iii.

319 924 392 953 627.

450 997 505 1022 vidi
515 1000 574 1021 atro
585 1002 670 1028 quum
681 996 805 1021 membra
818 995 929 1021 fluentia
938 996 1003 1020 tabo

316 1038 467 1069 manderet,
477 1041 505 1063 et
515 1037 600 1069 tepidi
608 1039 741 1062 tremerent
751 1036 800 1061 sub
810 1036 937 1062 dentibus
944 1039 1027 1060 artus.

317 1115 420 1147 Miror
435 1113 616 1148 Heinsium,
631 1114 746 1153 trepidi
759 1111 984 1151 praeferentem.

360 1167 434 1197 Ver.
451 1168 522 1197 ⁶45.
545 1165 711 1196 abscisum.-
737 1163 781 1193 ita
803 1163 840 1194 L.
866 1163 913 1194 M.
941 1168 978 1195 Σ.
998 1169 1042 1194 Ω.

312 1217 435 1259 reliqui,
461 1218 785 1255 abscissum.-quom.·
812 1214 848 1245 P.
867 1216 1043 1255 quando.—

315 1277 418 1302 tamen
434 1269 520 1300 deest
536 1268 572 1299 P.
588 1268 628 1297 V.
644 1266 692 1297 ed.
708 1271 743 1298 Δ.
761 1272 802 1297 Π.
819 1270 854 1297 Σ.

359 1321 437 1352 Ver.
454 1324 526 1352 646.
549 1319 721 1349 Mobilitate
743 1318 835 1348 mali:
862 1316 882 1347 i.
905 1327 934 1347 e.
958 1316 1042 1347 subi-

316 1373 400 1404 tanei
415 1372 551 1403 vulneris
567 1370 731 1401 celeritate.
777 1368 938 1410 Virgilius,
967 1369 1043 1399 AEn.

316 1425 356 1455 iv.
376 1427 444 1455 174.

346 1502 440 1531 Fama,
451 1500 547 1525 malum
557 1506 612 1532 quo
622 1505 678 1524 non
688 1498 761 1523 aliud
771 1497 888 1523 velocius
899 1497 996 1527 ullum,

348 1541 488 1566 Mobilieate
497 1539 643 1571 viget——

317 1617 369 1648 Ita
383 1616 489 1646 locum
503 1615 685 1646 distinctum
700 1623 764 1644 esse
779 1617 965 1653 oportuerat.
988 1611 1042 1648 Et,

316 1680 358 1700 ne
372 1667 505 1699 eandem
528 1666 573 1697 rei
596 1671 742 1697 naturam
760 1665 852 1705 poeta
874 1664 1043 1695 castissimo

315 1723 364 1753 bis
391 1729 567 1760 expressam
594 1718 760 1756 arbitreris,
796 1717 973 1748 monendus
1001 1727 1043 1752 ες,

316 1773 477 1805 notionem
493 1770 651 1812 quandam
664 1771 788 1810 vigoris,
804 1779 877 1800 cum
891 1770 1044 1800 celeritate

316 1825 476 1862 sociatam,
506 1823 541 1852 in
570 1821 698 1853 nomine
726 1822 854 1853 oelocius
883 1819 1044 1852 contineri.

319 1875 484 1911 Horatius,
499 1873 588 1914 epod.
604 1873 689 1903 xviii.
705 1877 735 1905 9.

409 1961 554 1987 velociusve
564 1960 700 1986 miscuisse
715 1960 858 1985 toxicum:

318 2026 339 2058 i.
353 2037 382 2058 e.
405 2025 537 2056 celerius
550 2030 582 2055 et
595 2023 761 2055 efficacius:
787 2022 873 2054 unde
889 2032 1046 2054 venenum

318 2076 420 2108 simile
438 2076 604 2107 Suetonius
626 2085 688 2105 non
705 2074 856 2105 aberravit
873 2084 946 2105 cum
962 2075 1045 2105 voci·

317 2135 398 2160 taret
411 2130 627 2160 velocissimum
639 2137 675 2158 ac
684 2133 942 2167 praesentaneum,
958 2126 991 2157 in
1007 2128 1045 2158 vi.

318 2184 370 2212 53.
415 2180 526 2221 Neque
552 2189 669 2210 nomen
692 2180 752 2218 οξυς
777 2178 961 2210 Graecorum
983 2178 1046 2209 dis-

319 2241 444 2272 crepare
455 2231 574 2272 judico.

362 2283 437 2313 Ver.
454 2285 527 2314 647.
549 2283 641 2313 simul
656 2283 708 2312 in.-
732 2281 770 2312 P.
790 2283 900 2314 similis
905 2297 917 2318 ,·
945 2280 984 2312 V.
1000 2281 1048 2313 ed.

318 2336 430 2367 similis
444 2336 643 2375 in.—-qmgnae
658 2335 776 2366 studio:
797 2340 837 2365 Π.
853 2336 954 2365 studio
964 2345 1046 2375 pug-

320 2397 386 2422 nae5
413 2396 464 2416 me
478 2387 761 2427 probante—quod
782 2385 893 2427 vulgo:
918 2386 954 2418 P.
974 2389 1043 2422 συί,-

321 2444 359 2470 Δ.
374 2441 430 2480 qui
439 2452 449 2469 .·
467 2438 552 2470 unde
567 2448 626 2469 nos
638 2440 727 2480 quia,
743 2438 828 2480 quod
842 2439 1046 2477 numerosius,

321 2489 539 2529 reponendum
553 2490 743 2521 censuimus.

322 2542 492 2581 Caeterum,
506 2541 567 2572 nisi
581 2542 760 2583 gravissime
773 2541 875 2581 fallor,
898 2542 1049 2583 scriptura

320 2595 442 2625 brevior
464 2601 495 2626 et
520 2596 740 2637 orthographia
761 2596 908 2628 vetustior
928 2596 1048 2628 fedissi-

322 2655 412 2676 mum
441 2656 577 2677 errorem
606 2647 681 2678 huic
711 2647 813 2678 versui
841 2647 1047 2689 impegerunt,

320 2706 422 2737 quum
436 2696 599 2729 Lucretius
613 2699 690 2729 olim
704 2699 868 2739 scripserit:

321 2747 368 2779 Et.
389 2746 484 2778 simul
509 2748 542 2779 in
568 2760 684 2792 pugnae
702 2754 834 2783 seruiium
848 2751 922 2793 quia
944 2750 1050 2783 dedita

322 2808 413 2829 mons
426 2804 485 2829 est:
511 2809 624 2840 nempe
637 2804 746 2834 studi&
791 2802 890 2834 Multi
905 2813 990 2842 sene,
1013 2809 1049 2834 ut

323 2849 502 2890 Terentius,
532 2852 571 2889 Q.
599 2854 737 2893 Curtius,
763 2865 800 2886 ac
823 2855 1048 2895 Tertullianus,

1083 662 1232 692 dixerunt
1246 663 1353 692 dedere
1373 661 1407 690 in
1431 668 1506 689 cum
1531 657 1696 689 accusandi
1721 667 1810 697 ωας

1084 713 1138 744 sed
1152 723 1227 743 cum
1247 710 1421 748 auferendi,
1443 709 1566 750 opinor,
1589 719 1691 740 nemo.
1736 709 1812 740 Non

1085 776 1178 796 ausus
1191 775 1262 795 sum
1277 770 1392 799 tamen,
1415 763 1549 793 sobriam
1565 762 1671 792 volens
1684 761 1810 793 criticen

1085 827 1234 851 exercere,
1260 827 1316 856 pro
1342 815 1474 855 imperio
1502 825 1569 845 rem
1595 813 1811 844 administram

1086 868 1156 908 plus
1169 867 1263 898 semel
1280 868 1313 898 in
1328 867 1438 897 eodem
1453 876 1553 896 versu.

1128 927 1204 958 Ver.
1220 931 1291 958 648.
1313 938 1398 958 cum.-
1427 932 1461 957 Δ.
1476 931 1751 965 lum.—ngnam:
1771 929 1812 955 11.

1085 989 1219 1018 1mgnas,·
1244 978 1306 1014 sed,
1331 987 1429 1018 quum
1447 988 1564 1017 pugnae
1578 976 1682 1007 statim
1697 985 1812 1015 praece·
1860 987 1862 989 ’

1087 1029 1152 1067 dat,
1168 1028 1334 1059 Lucretius
1347 1028 1433 1059 haud
1448 1028 1542 1059 dubie
1557 1028 1694 1068 scripsit:

1087 1116 1207 1147 Corpore
1215 1121 1280 1139 cum
1290 1114 1393 1146 reliquo
1407 1117 1517 1146 pugnat,
1531 1113 1684 1144 caedeiscme
1693 1111 1811 1146 petessit.

1085 1189 1264 1228 —petissit.·
1291 1186 1330 1216 V.
1345 1185 1393 1217 ed.
1409 1191 1559 1226 peneum,-
1582 1184 1637 1216 sed
1649 1185 1811 1226 typotheta

1085 1238 1252 1269 certissime
1280 1244 1292 1268 t
1322 1237 1426 1277 posuit
1454 1237 1523 1267 loco
1552 1248 1577 1271 c,
1613 1235 1813 1267 usitatissima

1085 1290 1329 1332 permutatione;
1353 1298 1385 1320 et
1399 1289 1496 1320 codex
1511 1289 1596 1320 dedit
1605 1295 1752 1330 petescat,
1770 1289 1813 1320 si-

1086 1343 1151 1374 cuti
1166 1343 1200 1373 in
1216 1343 1251 1374 P.
1266 1348 1437 1381 comparet:
1464 1340 1563 1372 Vind.
1576 1346 1611 1372 Δ.
1628 1346 1662 1373 Σ.
1672 1343 1817 1381 petescin

1089 1402 1130 1426 11.
1140 1396 1270 1436 patescit
1275 1411 1286 1431 ,·
1310 1393 1416 1435 qualia
1425 1403 1532 1424 vocem
1548 1393 1697 1424 rariorem
1711 1398 1812 1424 errata

1086 1457 1196 1477 vexare
1211 1446 1340 1477 soleant.

1130 1498 1211 1529 Ibid.
1229 1499 1363 1538 petissit,
1388 1496 1437 1527 vel
1457 1498 1589 1536 petessit,
1614 1506 1684 1538 quae
1699 1496 1812 1528 rectior

1086 1556 1133 1582 est
1159 1550 1317 1590 scriptura,
1348 1549 1394 1579 uti
1423 1559 1461 1578 ex
1489 1547 1563 1588 ipsis
1592 1548 1675 1579 Festi
1704 1549 1813 1585 verbis,

1085 1602 1227 1643 quamvis
1241 1611 1353 1642 parum
1375 1601 1432 1632 sibi
1446 1606 1565 1631 constet
1579 1601 1811 1642 grammaticus.

1084 1654 1204 1696 liquido
1218 1660 1313 1694 patet:
1343 1660 1360 1673 “
1376 1655 1523 1685 Petissere
1545 1652 1665 1694 antiqui
1683 1663 1740 1692 pro
1756 1663 1813 1693 pe·

1088 1712 1105 1726 “
1118 1713 1180 1738 tere
1202 1706 1362 1744 dicebant;
1385 1704 1422 1736 ea
1439 1704 1568 1746 quidem
1592 1703 1694 1735 forma
1716 1704 1812 1741 verbi,

1088 1764 1105 1778 ‘⁶
1119 1757 1181 1799 qua
1195 1764 1270 1788 sunt
1281 1760 1437 1796 lacessere,
1467 1762 1499 1787 et
1512 1757 1725 1789 incessere—P
1764 1755 1816 1788 Sic

1087 1813 1183 1844 etiam
1197 1813 1343 1844 meliores
1355 1812 1427 1843 libri
1442 1811 1581 1843 scribunt
1601 1812 1685 1843 infra
1698 1811 1732 1842 in
1745 1811 1814 1843 Lu-

1089 1864 1196 1902 cretio,
1221 1874 1249 1894 V.
1265 1867 1335 1895 808.
1359 1873 1462 1905 neque
1487 1863 1576 1894 aliter
1599 1863 1633 1894 in
1661 1863 1814 1895 Cicerone

1088 1926 1148 1947 vox
1162 1916 1209 1947 bis
1222 1916 1379 1957 invenitur
1400 1921 1536 1953 exarata,
1557 1915 1598 1946 de
1611 1914 1706 1946 divin.
1726 1915 1748 1946 i.
1765 1918 1815 1946 11.

1088 1973 1120 1998 et
1133 1967 1228 1998 Tusc.
1252 1967 1350 2007 dispp.
1374 1967 1405 1997 ii.
1429 1969 1479 1998 25.
1505 1966 1701 1998 Gloswium
1725 1971 1814 1998 vetus

1088 2019 1174 2050 haud
1202 2018 1357 2049 dissentit:
1385 2023 1404 2038 ‘⁴
1419 2021 1548 2054 Petaso,
1575 2018 1626 2055 sis,
1654 2032 1769 2059 μνυμιι
1778 2018 1814 2049 .·”

1089 2076 1131 2109 et,
1156 2076 1174 2090 ‘⁴
1188 2076 1316 2110 Μνωμαι,
1337 2075 1465 2110 petesso,
1486 2067 1560 2100 sis.n
1603 2069 1646 2099 In
1659 2069 1814 2109 composi·

1089 2123 1128 2153 tis
1143 2122 1272 2164 quidem
1284 2122 1374 2152 litera
1387 2132 1444 2162 pro
1458 2131 1546 2152 more
1559 2127 1681 2152 mutata
1695 2127 1754 2160 osu
1776 2127 1815 2153 ut

1091 2175 1250 2214 Ammtisso
1265 2174 1299 2204 in
1317 2173 1406 2204 Accii
1421 2183 1581 2204 armorum
1594 2173 1716 2214 judicio
1729 2173 1815 2214 apud

1091 2226 1248 2264 Nonium,
1270 2226 1309 2256 iv.
1326 2229 1354 2256 8.
1376 2226 1517 2266 quamvis
1530 2225 1564 2256 in
1578 2225 1721 2265 pluribus
1740 2225 1818 2257 locis

1091 2277 1211 2315 Plauti,
1240 2277 1331 2308 Asin.
1358 2277 1404 2308 iii.
1423 2280 1449 2307 1.
1465 2280 1515 2308 23.
1538 2277 1635 2317 Epid.
1660 2276 1693 2308 ii.
1717 2281 1749 2309 2.
1764 2280 1815 2308 70.

1091 2328 1179 2359 Trin.
1194 2328 1227 2359 ii.
1249 2332 1274 2359 1.
1291 2331 1319 2358 4.
1342 2334 1374 2359 et
1396 2328 1480 2365 alibi,
1507 2339 1572 2360 non
1594 2328 1693 2366 aliter,
1719 2337 1816 2371 quam

1089 2389 1246 2424 expetesso,
1260 2382 1340 2413 meis
1354 2382 1581 2423 exemplaribus
1594 2382 1778 2414 ostenditur.

1132 2443 1208 2473 Ver.
1219 2445 1293 2474 649.
1314 2442 1415 2484 Lego:

1184 2521 1238 2546 Nec
1248 2523 1324 2546 tenet
1334 2519 1459 2546 amissam
1467 2519 1508 2545 hic
1517 2519 1692 2546 lavam.—

1587 2561 1783 2606 anssnziv
1789 2572 1814 2594 s.

1095 2645 1233 2678 Minime
1247 2647 1454 2680 necessarium
1466 2646 1516 2678 vel
1537 2646 1572 2677 in
1593 2645 1728 2686 pedari
1751 2655 1814 2677 ser-

1092 2709 1192 2735 mone,
1219 2699 1338 2730 nedum
1360 2700 1395 2730 in
1419 2698 1532 2739 poetis,
1554 2698 1599 2729 sic
1620 2697 1655 2728 in
1669 2697 1817 2728 omnibus

1092 2749 1239 2809 compleri
1254 2750 1529 2787 constructionem,
1553 2754 1590 2780 ut
1611 2748 1738 2790 singula
1751 2748 1816 2780 sin·

1347 2801 1557 2811 ......

1137 2854 1217 2886 Ibid.
1238 2856 1385 2895 tegmine:
1411 2854 1431 2884 i.
1447 2864 1472 2884 e.
1503 2853 1619 2894 clypeo.
1665 2850 1815 2884 Mantua-
