1912 3292
313 244 409 285 334

817 234 879 283 T.
922 229 1301 281 LUCRETII

468 368 609 418 Quom
629 367 857 424 praesertim
877 365 962 407 aliis
982 363 1126 406 eadem
1145 363 1188 404 in
1209 360 1392 417 regione,
1422 357 1610 412 locoque,

469 443 617 500 Longe
636 442 862 484 dissimileis
881 440 1041 483 animus
1061 453 1126 479 res
1145 436 1298 493 cogitet
1317 432 1494 476 omneis?

529 516 644 566 Quid
663 530 805 571 porro,
836 515 880 555 in
900 526 1119 555 numerum
1138 509 1360 566 procedere
1380 521 1506 564 quom
1526 504 1739 547 simulacra

357 590 439 632 790
472 591 690 632 Cernimus
709 591 753 631 in
775 589 942 638 somnis,
975 595 1015 628 et
1034 586 1172 627 mollia
1191 583 1375 625 membra
1394 596 1576 630 movere;

473 664 619 705 Mollia
638 663 843 704 mobiliter
862 675 988 716 quom
1009 658 1173 700 alternis
1191 656 1361 698 brachia
1377 656 1563 704 mittunt,

472 737 529 778 Et
548 744 739 791 repetunt
758 734 884 776 oculis
903 740 1063 790 gestum
1082 730 1188 786 pede
1207 728 1487 771 convenienti?

474 810 637 851 Scilicet
656 816 743 849 arte
762 807 933 848 madent
951 804 1180 854 simulacra,
1212 811 1253 844 et
1271 803 1394 844 docta
1410 810 1628 859 vagantur,

472 883 690 924 Nocturno
710 882 842 924 facere
861 890 907 922 ut
925 880 1082 936 possint
1100 879 1144 919 in
1164 887 1348 932 tempore
1367 875 1507 917 ludos?

360 959 441 999 795
473 956 544 997 An
565 957 696 1013 magis
715 955 814 996 illud
834 954 911 996 erit
930 967 1088 1003 verum,
1120 951 1218 1007 quia
1236 958 1422 1005 tempore
1440 950 1482 989 in
1503 963 1604 999 uno,

477 1031 767 1073 Consentimus
786 1029 845 1080 id,
877 1035 923 1070 ut
942 1041 1069 1084 quom
1089 1039 1171 1067 vox
1190 1023 1390 1065 emittitur
1408 1037 1507 1072 una,

388 1203 460 1234 Ver.
498 1205 570 1235 791.
606 1204 732 1233 alternis
767 1204 892 1233 brachia
924 1202 1059 1232 mittunt.

340 1254 430 1286 Idem
447 1255 500 1286 ille
515 1255 724 1292 Mantuanus,
740 1254 815 1284 AEn.
826 1253 887 1284 viii.
903 1256 974 1284 452.

427 1337 470 1362 mi
478 1337 544 1361 inter
553 1344 603 1361 sese
613 1336 700 1361 multi
710 1335 738 1360 vi
747 1335 848 1360 brachia
863 1334 963 1359 tollunt

430 1380 459 1401 In
471 1384 614 1401 numerum.

340 1448 403 1480 Ubi
418 1459 459 1479 an
483 1447 564 1479 illud
588 1449 668 1479 inter
691 1458 752 1479 sese
774 1457 812 1478 ex
834 1446 936 1487 glossa
959 1445 1008 1481 sit,
1031 1450 1063 1474 et

338 1499 491 1540 Virgilius
520 1498 674 1538 scripserit
703 1498 742 1528 ad
774 1497 912 1528 Lucretii
941 1505 1063 1526 morem

334 1551 546 1582 alternantes?
572 1549 690 1580 Confer
705 1559 772 1589 geo.
786 1548 828 1578 iii.
849 1551 919 1579 220.
942 1548 1017 1578 AEn.
1034 1556 1061 1576 v.

335 1604 409 1632 576.
452 1601 496 1631 Et
510 1600 735 1631 Lucretianum
756 1601 882 1630 mittunt
903 1597 1063 1629 venustius

337 1657 384 1682 est
406 1657 499 1691 atque
524 1651 691 1688 efficacius,
716 1660 787 1680 meo
812 1650 922 1681 saltem
949 1648 1063 1684 sensui,

338 1704 517 1744 Virgiliano
531 1705 649 1734 tollunt.

380 1763 455 1793 Ver.
469 1765 540 1795 792.
561 1769 701 1803 repetunt
713 1770 846 1803 gestum:
870 1762 890 1793 i.
903 1772 928 1793 e.
943 1762 1063 1796 iterant,

339 1815 457 1846 vicibus
472 1815 610 1855 repetitis
621 1815 783 1853 exhibent3
804 1825 869 1845 non
883 1814 980 1845 semel
994 1819 1063 1844 tan-

339 1866 515 1902 tummodo,
531 1866 585 1897 sed
599 1876 691 1906 porro
706 1866 827 1906 saepius.

382 1928 458 1957 Ver.
476 1930 545 1958 795.
567 1929 707 1958 madent:
733 1927 777 1957 sic
792 1927 829 1957 L.
846 1927 894 1957 M.
912 1926 951 1957 Ο.
968 1930 1002 1957 Δ.
1020 1932 1064 1957 Ω.

339 1977 463 2018 reliqui,
478 1980 596 2009 valent:
622 1978 779 2008 mendose.
825 1978 876 2007 Ita
893 1977 1010 2012 Cicero,
1026 1976 1067 2006 de

340 2028 416 2059 finn.
431 2029 474 2059 iii.
491 2032 518 2059 2.
540 2028 618 2058 dixit
632 2031 749 2059 artibus
767 2030 869 2071 infici,-
893 2039 988 2068 quam
1003 2028 1064 2058 lec-

340 2080 459 2110 tionem
485 2078 629 2109 codicum
655 2078 802 2108 Davisius
827 2078 1065 2118 prudentissime

341 2137 456 2162 tuetur.
502 2130 595 2161 Idem
608 2140 689 2170 saepe
707 2132 812 2167 literis,
835 2136 866 2160 et
880 2132 1065 2170 disciplinis,

341 2184 445 2219 inbui,·
472 2189 508 2213 ut
533 2182 586 2212 alii
612 2184 691 2213 bene
714 2182 815 2212 multi.
863 2182 944 2212 Sane
960 2182 1067 2222 Virgi-

341 2235 403 2265 lius
429 2235 522 2264 habet
546 2240 612 2265 arte
637 2235 728 2272 vales,
754 2234 829 2264 AEn.
847 2234 900 2264 xii.
919 2238 991 2266 890.
1013 2234 1068 2264 sed

343 2287 533 2317 ornatiorem
551 2285 624 2317 Cari
645 2286 836 2316 locutionem
851 2285 937 2316 locus
951 2286 1004 2317 ille
1019 2296 1066 2316 re-

343 2337 434 2378 spuit.
482 2337 631 2377 Apposite
647 2337 812 2375 Martialis,
827 2337 846 2367 i.
862 2340 912 2368 40.
927 2340 959 2367 3.

375 2420 401 2445 Si
412 2420 470 2451 quis
480 2419 619 2451 Cecropiae
630 2419 749 2453 madidus
759 2420 900 2451 Latiaeque
910 2420 1042 2445 Minervae

406 2460 522 2485 Artibus:

343 2531 432 2572 quasi
471 2531 638 2561 Musarum
673 2531 812 2561 fontibus
847 2531 1000 2571 irrigatus,
1037 2536 1068 2560 et

339 2585 466 2624 plenus;
500 2584 570 2614 vide
603 2583 816 2614 animadversa
845 2584 879 2613 in
902 2583 945 2614 iii.
972 2586 1066 2614 1064.

344 2635 430 2665 unde
445 2636 540 2666 etiam
557 2636 719 2672 Horatius,
734 2636 819 2675 epist.
834 2635 854 2665 i.
869 2639 899 2665 5.
917 2638 966 2666 10.

391 2721 519 2746 Pindarici
530 2721 612 2747 fontis
622 2722 733 2753 quinon
744 2721 876 2753 expalluit
886 2721 1005 2746 haustus.-

345 2803 377 2829 οι
390 2798 425 2829 in
439 2799 553 2838 lyricis,
568 2801 606 2831 iv.
625 2804 672 2832 12.
689 2804 739 2832 23.

633 2888 687 2907 non
698 2889 748 2914 ego
759 2885 788 2907 te
797 2881 865 2907 meis

438 2919 593 2947 Immunem
604 2921 722 2948 meditor
729 2923 843 2955 tinguere
852 2920 970 2954 poculis:

1103 1199 1177 1229 hinc
1191 1197 1278 1228 enim
1298 1196 1479 1236 metaphora
1491 1193 1615 1225 videtur
1629 1192 1827 1231 accersenda3

1103 1251 1152 1281 sin
1167 1249 1259 1280 malis
1273 1259 1310 1279 ex
1325 1254 1392 1279 arte
1405 1245 1563 1285 tinctor-id,
1588 1257 1646 1277 nos
1666 1256 1730 1277 non
1745 1255 1827 1286 pug-

1104 1303 1258 1334 nabimus.
1296 1301 1388 1332 Idem
1404 1300 1566 1336 Horatius,
1582 1299 1655 1330 ibid.
1670 1299 1713 1330 iii.
1729 1302 1778 1330 21.
1795 1302 1826 1331 9.

1394 1373 1532 1399 socraticis
1542 1372 1627 1398 madet

1228 1413 1457 1439 Semonibus—.

1106 1485 1234 1517 Addam
1250 1483 1460 1524 Propertium,
1476 1483 1515 1514 iv.
1531 1486 1562 1514 4.
1581 1485 1630 1515 74.

1167 1567 1259 1598 Quum
1270 1571 1374 1598 pagana
1384 1564 1487 1590 madent
1496 1563 1599 1589 fercula
1608 1561 1722 1588 deliciis:

1107 1639 1127 1668 i.
1153 1647 1178 1668 e.
1207 1636 1379 1675 abundant,
1409 1636 1498 1677 quasi
1526 1635 1650 1675 penitus
1677 1634 1832 1664 immersa.

1107 1688 1349 1730 Elegantissime
1365 1688 1568 1727 Prudentius,
1581 1687 1684 1727 perist.
1699 1696 1729 1717 x.
1744 1689 1815 1717 465.

1169 1772 1263 1802 Auras,
1274 1770 1401 1796 madentes
1410 1771 1575 1796 Persicorum
1585 1772 1739 1795 aromatum.

1108 1845 1282 1883 Ausonius,
1298 1855 1327 1884 p.
1343 1846 1392 1876 97.
1408 1843 1455 1874 ed.
1471 1842 1637 1883 Delphini:

1153 1927 1194 1952 An
1205 1928 1304 1958 vegeto
1314 1925 1434 1950 madeant
1444 1925 1555 1950 condita
1563 1923 1671 1950 obsonia
1677 1925 1768 1956 gustu:

1109 2007 1140 2032 et
1155 2000 1240 2032 idem
1255 1999 1400 2040 denique,
1417 1998 1457 2029 ad
1470 1997 1597 2038 profess.
1612 2007 1659 2027 xv.
1675 2000 1704 2028 2.

1170 2083 1221 2108 Cui
1228 2083 1292 2115 selle
1302 2082 1387 2112 nullo,
1398 2081 1468 2106 melle
1478 2080 1578 2110 multo,
1589 2087 1656 2105 mens
1668 2079 1784 2105 madens.-

1114 2158 1220 2190 Ovidii
1235 2158 1372 2199 vestigiis
1385 2158 1550 2188 inhaerens.
1594 2156 1748 2188 Heinsius
1762 2158 1834 2198 qui-

1111 2210 1183 2241 dem
1198 2211 1256 2241 hoc
1271 2216 1361 2250 pacto
1376 2209 1559 2240 Lucretium
1574 2209 1758 2250 corrigebat:

1129 2292 1233 2318 Scilicet
1242 2295 1322 2316 artem
1335 2291 1420 2316 eadem
1435 2291 1578 2316 simulacra
1587 2290 1672 2316 edocta
1683 2293 1827 2322 vagantur:

1112 2377 1181 2408 quae
1196 2366 1279 2397 infra
1293 2366 1492 2407 vulgatorum
1514 2365 1702 2406 elegantiam
1717 2370 1749 2395 et
1762 2364 1836 2396 doc·

1111 2417 1226 2448 trinam
1241 2417 1424 2458 longissime
1439 2417 1560 2457 jacent;
1583 2425 1684 2456 neque
1699 2415 1836 2446 audacu-

1111 2469 1149 2500 1ae
1163 2469 1293 2510 hujusce
1315 2468 1400 2499 modi
1423 2468 1610 2508 conjecturae
1625 2473 1699 2498 sunt
1719 2467 1753 2497 in
1767 2467 1833 2498 Lu-

1110 2523 1206 2552 cretio
1220 2521 1397 2558 tolerandae,
1420 2521 1598 2552 castissimis
1613 2526 1644 2550 et
1657 2519 1836 2560 antiquissi,

1110 2574 1171 2603 mis
1206 2573 1364 2613 scripturae
1392 2572 1596 2603 monimentis
1623 2569 1830 2602 communito:

1111 2627 1181 2658 vide
1195 2628 1431 2665 Burmannum,
1451 2625 1492 2656 ad
1507 2626 1647 2666 Propert.
1662 2624 1701 2654 iv.
1718 2626 1746 2653 7.
1763 2625 1813 2654 89.

1154 2687 1230 2717 Ver.
1247 2690 1318 2719 794.
1338 2688 1449 2727 facere
1476 2692 1527 2716 ut.-
1561 2691 1601 2715 Π.
1627 2690 1661 2715 ut
1670 2683 1835 2724 facere.—

1108 2739 1242 2778 possint:
1270 2737 1309 2767 V.
1325 2737 1372 2768 ed.
1389 2738 1427 2768 B.
1437 2742 1565 2776 possent.

1154 2798 1228 2827 Ver.
1246 2799 1317 2828 795.
1340 2808 1417 2827 uno.-
1444 2795 1495 2826 Pii
1509 2793 1630 2825 codices
1651 2793 1783 2834 antiqui,
1805 2798 1837 2823 et

1112 2854 1256 2889 spectatae
1271 2847 1355 2885 fidei,
1371 2849 1439 2877 illo:
1464 2845 1557 2882 male,
1578 2850 1613 2875 ut
1626 2844 1756 2874 videtur.

1157 2906 1228 2938 Ver.
1245 2910 1316 2939 796.
1339 2912 1390 2937 ul:
1419 2907 1479 2936 hoe
1500 2915 1623 2936 necesse
1637 2903 1732 2935 habui
1747 2911 1835 2942 repo-
