1912 3292
498 223 732 275 LIBER
779 220 1132 271 TERTIUS.

1494 224 1561 266 ‘99

265 362 336 413 Et,
358 357 551 416 quoniam
569 362 658 396 toto
678 353 874 396 sentimus
894 366 1067 407 corpore
1086 352 1216 393 inesse

94 442 176 480 <335
207 436 383 478 Vitalem
403 444 580 480 sensum,
608 436 648 470 et
666 435 802 470 totum
822 442 910 469 esse
929 426 1104 467 animale
1123 425 1306 466 videmus
1313 442 1326 474 3

209 511 255 553 Si
275 508 407 551 subito
426 504 610 546 medium
630 502 750 544 celeri
769 499 1004 557 praeciderit
1023 500 1108 540 ictu

210 584 283 624 Vis
303 581 452 637 aliqua,
474 586 520 620 ut
540 591 722 619 seorsum
741 582 902 632 partem
922 580 1106 615 secernat
1124 580 1355 627 utramque,

205 655 437 711 Dispartita
455 652 599 709 procul
618 651 745 693 dubio
765 663 929 706 quoque
948 648 1007 688 vis
1028 647 1198 697 animai,

208 731 265 772 Et
285 730 451 771 discissa
469 727 589 769 simu]
609 741 703 768 cum
724 739 914 780 corpore,
936 722 1156 764 disicietur.

97 811 180 849 640
211 805 284 856 At,
307 803 419 860 quod
439 802 655 852 scinditur,
676 808 717 842 et
735 798 886 856 parteis
906 795 1079 838 discedit
1098 795 1142 836 in
1162 793 1278 845 ullas,

64 964 92 982 U
108 961 210 993 officio
231 960 359 991 seorsim
374 958 482 1000 fungi;
505 959 543 988 ab
558 955 664 988 anima
682 966 796 995 nempe

71 1016 94 1033 ‘⁵
109 1019 295 1053 separatum.
335 1011 356 1042 J
359 1020 411 1040 am
426 1020 498 1040 vero
514 1009 653 1039 animam
665 1017 795 1038 emana-

70 1069 94 1085 “
109 1065 200 1104 visse,
217 1071 286 1095 tum
299 1069 479 1103 putrescens
494 1061 635 1098 cadaver,
653 1066 723 1090 tum
738 1058 799 1089 alia

73 1121 96 1138 “
110 1120 191 1149 bene
207 1116 307 1147 multa
322 1121 519 1156 argumenta,
543 1113 634 1143 sicuti
658 1112 692 1142 in
707 1121 799 1150 supe-

72 1173 96 1189 “
112 1169 247 1200 rioribus
260 1168 454 1208 disputatum
476 1172 531 1204 est,
555 1163 801 1196 cumulatissime

74 1225 98 1242 “
114 1221 294 1252 ostendunt:
332 1219 475 1261 ideoque,
506 1224 665 1258 utcunque
693 1225 799 1254 corpo-

77 1275 101 1293 “
115 1284 184 1304 reas
202 1272 356 1314 imagines
378 1277 409 1302 et
430 1282 479 1302 res
500 1276 602 1311 gestas
623 1268 802 1299 animarum

75 1328 98 1344 “
114 1325 247 1365 pictores
261 1322 438 1354 effinxerint
459 1328 491 1352 et
512 1321 622 1360 poetae,
645 1330 682 1349 ea
695 1318 803 1349 omnia

76 1378 100 1394 “
115 1385 171 1415 pro
195 1373 309 1405 fabulis
332 1372 476 1404 habenda
501 1377 587 1402 sunt:
614 1371 681 1400 haec
706 1369 803 1410 igitur

73 1429 98 1445 “
114 1428 223 1456 inania
240 1436 365 1465 corpora
389 1434 481 1454 sensu
496 1428 620 1460 carent3
641 1431 679 1451 eo
694 1420 803 1460 utique

72 1481 98 1498 “
113 1477 258 1514 caritura,
280 1476 330 1507 vel
346 1475 445 1506 solida
459 1485 497 1505 ex
516 1474 646 1504 materie
660 1478 804 1503 constan-

74 1531 99 1549 “
115 1529 169 1567 tia,
184 1534 350 1569 postquam
361 1528 467 1558 anima
481 1526 604 1567 effugit,
616 1535 651 1556 ac
663 1524 804 1564 deperiit,

72 1584 100 1601 ⁴‘
117 1581 196 1612 a'elris
207 1581 245 1611 'in
259 1580 342 1611 auris
356 1578 532 1619 dissipata.''

77 1633 144 1664 En!
162 1642 235 1663 vero
248 1641 383 1668 versum,
399 1641 494 1672 quem
509 1640 547 1661 ex
562 1628 687 1661 officina
702 1627 759 1659 sua.
771 1627 807 1658 in

40 1715 44 1721 ,
77 1690 260 1715 contextum
285 1682 533 1723 importaverint,
560 1680 742 1712 auctoritate
768 1679 806 1709 li-

75 1736 208 1767 brorum
229 1735 375 1767 omnium
397 1732 589 1771 conculcata,
609 1730 807 1763 audacissimi

79 1787 221 1818 vivorum
236 1786 370 1817 editores
383 1784 576 1816 Lucretiani!

109 1859 207 1891 Absque
217 1859 307 1883 animo?
318 1865 366 1890 per
377 1865 404 1883 se
414 1861 524 1890 possunt
535 1856 644 1886 sentire,
657 1863 702 1881 nec
713 1862 778 1881 esse.

125 1931 202 1962 Ver.
217 1933 289 1962 655.
311 1936 423 1962 totum:
449 1930 486 1960 L.
503 1930 551 1960 M.
570 1935 646 1964 τοίω
673 1929 692 1959 i.
708 1939 734 1958 e.
752 1926 813 1959 nisi

83 1983 164 2014 ratio
177 1992 230 2013 me
243 1982 338 2023 fugit,
353 1986 429 2017 ιοιῦ,·
456 1981 517 2020 vel,
531 1981 672 2022 antique,
687 1986 786 2011 totum.

129 2043 206 2073 Ver.
223 2046 295 2073 656.
329 2043 525 2082 praect'derit:
566 2041 603 2071 P.
626 2041 668 2071 V.
698 2040 746 2070 ed.
775 2044 811 2071 Σ.

79 2095 293 2135 proescz'derit3
334 2092 439 2124 Musis
474 2091 730 2129 reclamantibus;
770 2097 812 2121 Π.

79 2147 268 2186 ffloesiderz't.
312 2145 354 2175 In
368 2144 466 2175 Vind.
490 2149 577 2174 totus
599 2153 707 2174 versus
731 2142 812 2174 desi-

87 2196 223 2229 deratur.

130 2247 212 2278 Ibid.
230 2249 428 2288 proeciderit:
457 2249 632 2289 παρακοψῃ.
675 2247 749 2276 Vox
771 2251 816 2276 est

88 2298 218 2339 elegans
246 2305 277 2329 et
302 2298 411 2330 efficax
433 2298 467 2328 in
491 2298 618 2337 primis;
653 2297 819 2338 designans

89 2350 214 2387 vulnus,
235 2360 302 2380 non
315 2349 512 2389 profundum
527 2355 558 2379 et
578 2349 744 2387 directum,
766 2349 820 2379 sed

93 2400 338 2440 superficiarium
350 2407 442 2441 atque
452 2400 613 2441 obliquum
621 2411 631 2437 ;
652 2400 736 2440 quod
750 2410 821 2439 par-

92 2457 158 2482 tem
173 2451 312 2492 aliquam
333 2452 574 2491 prominentem,
598 2451 647 2481 vel
668 2452 703 2481 in
720 2451 822 2482 fronte

48 2498 53 2501 ’
94 2508 150 2532 aut
171 2501 367 2532 extremitate
389 2502 490 2539 sitam,
514 2501 644 2532 delibet:
678 2501 749 2532 vide
769 2503 822 2533 Ci-

93 2564 254 2592 ceronem,
277 2554 315 2584 de
338 2554 455 2584 invent.
472 2554 503 2584 ii.
525 2558 575 2585 20.
600 2555 639 2590 Q.
664 2554 823 2593 Curtium,

93 2605 137 2636 iii.
155 2608 182 2636 8.
202 2609 250 2637 15.
282 2605 450 2636 Valerium
473 2606 666 2644 Maximum,
692 2606 733 2637 ix.
750 2610 778 2637 2.
795 2609 823 2638 5.

99 2657 324 2696 Claudianum,
340 2658 379 2688 de
394 2658 466 2688 bell.
486 2659 558 2690 Get.
573 2661 646 2691 595.
665 2669 705 2688 ne
720 2658 826 2698 plures

95 2709 180 2741 locos
195 2709 352 2741 advocem.
397 2710 463 2741 Hic
479 2716 585 2741 autem
600 2711 742 2741 vocabuli
756 2721 826 2741 sen-

97 2771 149 2792 sus
171 2761 264 2792 Livio
287 2772 353 2792 non
377 2761 499 2793 videtur
522 2762 653 2793 fideliter
677 2768 826 2800 servatus,

95 2812 140 2843 ad
153 2812 215 2843 viii.
230 2816 282 2843 24.
298 2817 347 2843 14.
392 2816 414 2831 “
432 2814 482 2844 Ibi
505 2813 577 2844 feda
599 2814 744 2844 laceratio
759 2824 825 2844 cor-

103 2863 223 2902 “poris
251 2863 344 2895 facta:
382 2875 529 2906 namque,
554 2868 685 2905 prcect'so
711 2865 826 2901 medio,

103 2915 128 2933 “
142 2920 260 2954 partem
277 2916 478 2948 Consentiam
493 2917 681 2950 misere-—.”
717 2917 828 2948 Statim

838 952 979 984 intellexi
996 950 1168 991 legendum
1182 959 1259 988 esse,
1278 949 1442 988 perscz‘sso:
1468 959 1570 991 neque

841 1004 928 1035 aliud
952 1002 1081 1033 variatio
1108 1000 1223 1032 codicis
1252 999 1384 1039 volebat,
1409 1004 1568 1041 praescisso

842 1057 966 1088 scilicet.

886 1120 961 1150 Ver.
982 1122 1053 1150 639.
1076 1118 1220 1148 discissa.-
1248 1116 1296 1146 M.
1324 1118 1571 1148 discisa-disi-

843 1173 958 1202 cietur:
984 1169 1027 1199 sic
1052 1167 1297 1208 praestantissimi
1322 1167 1444 1197 codices
1469 1167 1506 1198 L.
1523 1168 1572 1198 M.

846 1229 886 1253 Π.
902 1232 959 1261 pro
974 1219 1149 1256 communi,
1166 1219 1354 1259 disjicietur:
1379 1228 1456 1248 nam
1470 1225 1573 1249 vetus-

844 1273 938 1302 tiores
964 1271 1185 1301 Romanorum
1207 1269 1242 1299 in
1267 1269 1446 1308 compositis
1473 1270 1576 1310 magis

846 1324 1041 1360 affectabant,
1058 1324 1103 1353 ico
1125 1327 1156 1351 et
1177 1323 1248 1359 z'cz'o,
1264 1331 1359 1362 quam
1375 1321 1477 1361 jacio,
1492 1321 1577 1361 quod

845 1375 963 1416 placuit
983 1373 1216 1410 recentioribus,
1239 1379 1294 1403 aut
1315 1373 1427 1403 saltem
1441 1372 1576 1403 librariis

846 1426 1069 1458 recentiormn:
1091 1432 1136 1456 Ω.
1150 1427 1339 1460 ἀίεείεἱειιιν;
1367 1424 1452 1466 quod
1466 1424 1579 1455 eodem

846 1478 938 1509 redit:
965 1477 1019 1508 sed
1035 1490 1073 1508 «τε
1089 1488 1117 1508 ss
1133 1476 1285 1517 geminati
1302 1486 1366 1506 non
1382 1476 1577 1517 indigemus3

847 1529 935 1560 aliud
950 1529 1037 1559 enim
1053 1527 1164 1559 suadet
1185 1534 1251 1558 tam
1265 1538 1334 1558 mos
1348 1527 1487 1558 Lucretii
1501 1538 1577 1558 con-

849 1580 1066 1616 stantissimus,
1079 1579 1236 1610 elemento
1248 1578 1388 1618 simplice
1399 1584 1578 1616 contentus;

849 1644 946 1675 quam
968 1632 1161 1663 consuetudo
1176 1631 1439 1672 polysyllabarum
1455 1641 1580 1669 vocum,

851 1686 972 1727 quoties
987 1695 1067 1724 opus
1080 1685 1130 1721 sit,
1152 1683 1437 1724 producendarum,
1454 1695 1471 1714 a
1490 1684 1580 1714 Grae-

851 1737 894 1767 cis
910 1737 1060 1767 derivata:
1089 1742 1124 1766 Δ.
1141 1740 1176 1767 Σ.
1191 1737 1356 1775 dissipetur
1361 1750 1372 1770 ;
1398 1735 1483 1775 quod
1497 1735 1582 1775 glos-

851 1798 919 1818 sam
935 1798 1000 1818 esse
1015 1800 1053 1817 τε
1074 1788 1235 1817 disicietur
1255 1796 1319 1816 non
1335 1786 1439 1825 inepte
1457 1786 1581 1827 judica-

853 1839 941 1868 veris.
986 1837 1108 1868 Verum
1131 1837 1218 1867 enim
1239 1847 1312 1867 vero
1327 1837 1456 1867 lectores
1477 1837 1582 1868 eradi-

854 1897 902 1922 tos
921 1891 1050 1921 fortasse
1064 1890 1256 1929 demerebor,
1280 1891 1306 1920 si
1327 1890 1458 1931 hujusce
1471 1890 1583 1921 dictio-

855 1942 905 1973 nis
920 1942 1065 1979 rationes‚
1091 1942 1167 1972 locis
1193 1952 1231 1971 ex
1250 1942 1437 1982 quibusdam
1451 1941 1583 1980 collatis,

856 1993 1052 2034 investigem,
1078 1999 1109 2024 et
1131 2003 1298 2033 persequar
1323 1992 1518 2033 diligentius:
1544 2004 1586 2023 au

856 2047 951 2086 probe
965 2046 1132 2076 subductas
1151 2046 1293 2082 habeam,
1316 2046 1453 2076 aliorum
1474 2046 1514 2076 sit
1531 2046 1585 2086 ju-

856 2097 991 2135 dicium;
1014 2107 1090 2128 nam
1105 2108 1156 2128 res
1170 2104 1215 2128 est
1237 2098 1420 2138 neutiquam
1434 2098 1469 2128 in
1484 2097 1589 2128 trivia-

856 2150 938 2180 libus
967 2155 999 2180 et
1026 2149 1170 2189 protritis.
1217 2150 1324 2179 Antea
1353 2155 1461 2180 autem
1490 2149 1587 2179 lector

858 2200 1036 2232 monendus
1060 2206 1117 2239 est,
1150 2200 1230 2230 nihil
1257 2199 1390 2231 omnino
1419 2211 1590 2231 commune

859 2252 1051 2284 intercedere
1071 2254 1167 2283 dz'sz‘co
1190 2251 1240 2282 vel
1264 2253 1382 2288 disicio,
1409 2257 1441 2282 et
1464 2254 1590 2287 disseca,

861 2305 952 2335 sicuti
967 2304 1096 2345 quidam
1110 2303 1230 2343 opinati
1245 2309 1329 2340 sunt,
1343 2302 1437 2342 prava
1451 2303 1588 2334 scriben-

863 2357 895 2387 di
910 2356 1021 2392 forma,
1037 2357 1146 2387 dissice
1162 2366 1286 2395 nempe,
1303 2356 1431 2395 decepti.

864 2416 1068 2452 Prudentius,
1082 2415 1248 2455 peristeph.
1264 2415 1295 2445 ii.
1311 2419 1384 2447 209.
1409 2413 1592 2444 Lucretium

865 2469 988 2500 videtur
1012 2470 1047 2500 in
1063 2470 1171 2500 animo
1185 2469 1342 2507 habuisse,
1369 2474 1400 2499 et
1425 2468 1521 2498 simili
1542 2477 1591 2499 or-

866 2520 1051 2561 thographia
1064 2520 1264 2551 redonandus
1279 2526 1338 2551 est:

961 2619 1052 2651 Quum
1064 2618 1173 2643 membra
1184 2618 1294 2643 morbus
1303 2616 1396 2647 disicit,

961 2667 1074 2692 Animus
1084 2668 1158 2699 viget
1171 2666 1344 2691 robustior-.

870 2759 989 2801 Vulgo,
1004 2761 1138 2801 disjicit:
1164 2766 1195 2791 et
1209 2759 1370 2801 glossator,
1393 2758 1447 2799 qui
1461 2756 1597 2788 declarat

870 2813 1011 2843 vocabuli
1037 2813 1101 2843 vim
1121 2823 1177 2852 per
1198 2819 1290 2852 secat,
1315 2814 1444 2850 lacerat,
1467 2810 1598 2842 alteram

872 2864 1056 2904 scripturam
1066 2864 1230 2901 librorum,
1245 2866 1363 2895 dissicit
1378 2863 1460 2901 dico,
1475 2866 1599 2892 secutus

872 2924 929 2957 est,
945 2924 1037 2958 atque
1051 2928 1109 2958 pro
1123 2919 1252 2951 dissecat
1267 2918 1400 2959 accepit:
1426 2913 1598 2948 mendosis-
