1912 3292
345 216 440 256 234·

838 207 899 256 Τ.
952 208 1329 258 LUCRETII

491 338 552 381 Ut
571 340 719 381 merito
737 338 842 382 celer
859 340 939 382 hiis
958 340 1079 382 rebus
1097 340 1259 382 dicatur
1277 340 1408 397 origo.

490 411 562 463 Et,
584 414 698 470 quasi
718 413 845 456 multa
863 415 976 456 brevi
997 414 1131 470 spatio
1152 414 1388 456 submittere
1410 413 1531 455 debet

490 486 672 528 Lumina
691 487 765 538 sol,
786 496 832 530 ut
851 497 1050 544 perpetuo
1069 489 1150 530 sint
1169 489 1308 530 omnia
1329 487 1463 542 plena:

493 560 561 602 Sic
582 560 634 601 ab
653 561 773 603 rebus
792 563 890 604 item
910 562 1028 603 simili
1049 561 1222 611 ratione,
1244 575 1405 602 necesse
1424 569 1500 610 est,

380 639 457 674 165
489 633 708 688 Temporis
727 635 771 675 in
791 643 946 689 puncto
965 649 1103 676 rerum
1123 634 1337 676 simulacra
1357 634 1539 676 ferantur

492 706 630 748 Multa
648 707 780 748 modis
800 707 937 748 multis
955 709 999 748 in
1019 716 1186 750 cunctas
1205 708 1387 764 undique
1405 708 1571 763 parteis:

493 779 858 835 Quandoquidem,
880 781 1090 836 speculum
1108 797 1400 838 quoquomque
1419 780 1671 822 obvertimus
1691 779 1788 830 oris,

494 851 578 893 Res
597 852 655 893 ibi
674 852 925 908 respondent
944 854 1063 895 simili
1082 854 1228 906 forma,
1250 863 1372 911 atque
1391 853 1538 896 colore.

548 925 770 977 Praeterea,
790 927 916 968 modo
936 942 1062 983 quom
1080 927 1202 970 fuerit
1219 928 1486 984 liquidissima
1504 927 1595 970 coeli

350 1089 413 1110 non
439 1079 591 1115 adhibeat.
617 1080 651 1110 in
669 1080 797 1120 proclivi
821 1087 866 1111 est
892 1081 1076 1118 existimare,

349 1133 472 1163 literam
486 1144 500 1163 s
515 1133 657 1163 vocabuli
678 1133 879 1173 praecedentis
893 1134 1073 1165 adhaesisse:

351 1184 477 1221 o.tib1·‚·
500 1183 637 1215 formula
654 1184 797 1226 elegante
821 1195 908 1224 sane,
933 1187 987 1217 sed
1008 1187 1077 1227 jam

350 1246 436 1266 nunc
450 1237 591 1278 ambigui
606 1237 723 1277 aliquid
738 1238 880 1268 habente.

396 1298 469 1329 Ver.
492 1302 562 1330 169.
586 1298 707 1340 suerit:
733 1299 830 1330 Vind.
857 1300 999 1341 suerint,-
1037 1301 1076 1332 O.

351 1351 399 1380 sit.

395 1409 477 1440 Ibid.
499 1411 703 1451 liquidissima
719 1413 788 1442 coelc‘
807 1413 986 1452 Tempestas.
1027 1413 1077 1444 Sic

352 1459 516 1501 Virgilius,
555 1471 623 1502 geo.
654 1461 673 1492 i.
704 1466 775 1493 417.
809 1469 966 1503 tempestas
995 1466 1076 1501 coeli,-

354 1511 430 1542 AEn.
449 1512 491 1543 ix.
508 1516 558 1545 19.
580 1516 665 1545 clara
689 1520 848 1555 tempestas
853 1530 864 1550 ,-
889 1525 957 1555 gen.
972 1515 1011 1545 iv.
1027 1519 1078 1548 69.

351 1570 484 1595 oescatem
503 1566 666 1605 liquidam.
716 1566 755 1596 A.
776 1566 911 1604 Gellius,
934 1567 966 1596 ii.
985 1570 1079 1597 21.—

354 1617 377 1632 “
392 1615 467 1644 anni
481 1621 578 1651 aestas,
595 1618 764 1657 coelumque
777 1619 894 1656 liquide
908 1618 1077 1648 serenum.’‘

354 1664 556 1704 Pmdenfius,
577 1667 734 1706 psychom.
751 1670 822 1697 658.

414 1749 485 1774 suda
495 1749 563 1775 redit
573 1749 655 1775 facies
665 1749 769 1781 liquide
782 1750 836 1775 sine
847 1750 919 1775 nube
929 1749 989 1774 diei.

396 1819 473 1851 Ver.
495 1823 565 1851 170.
609 1822 780 1861 Tempestas
809 1822 943 1852 turbida.
988 1819 1080 1851 Idem

355 1871 461 1910 Maro,
486 1871 561 1902 AEn.
577 1872 630 1903 xii.
647 1876 719 1903 285.

673 1964 694 1989 it
705 1967 764 1990 tota
773 1964 877 1989 turbida
889 1965 948 1990 coelo

448 2002 630 2034 Tempsam.

399 2081 481 2112 Ibid.
493 2081 577 2122 sede.
615 2082 688 2112 Vox
703 2088 748 2112 est
769 2082 802 2112 in
817 2083 876 2113 hoc
891 2092 952 2112 usu
966 2082 1082 2113 floridis

355 2132 555 2172 scriptoribus
577 2134 802 2173 acceptissima,
826 2140 863 2164 ut
888 2135 982 2164 etiam
1007 2144 1080 2176 cog-

355 2190 430 2215 nata
454 2184 541 2226 fedo.
587 2185 810 2224 Mamertinus,
848 2196 957 2227 paneg.
992 2187 1079 2216 Max.

356 2237 443 2276 Aug.
459 2236 513 2266 xii.
529 2240 559 2267 4.
585 2240 607 2255 “
624 2236 706 2267 Toto
729 2236 794 2267 fere
817 2247 913 2275 anuo,
942 2238 1082 2277 Impera-

357 2290 380 2306 ‘⁸
396 2286 607 2326 tor,—nullus
646 2287 710 2318 fere
739 2287 806 2318 dies
834 2290 928 2320 imbre
953 2288 1084 2329 fidatus

356 2342 380 2358 ‘⁸
395 2339 473 2371 δι”
519 2338 723 2378 Claudianus,
748 2339 789 2370 de
814 2345 889 2371 sext.
913 2350 996 2371 cons.
1013 2340 1085 2372 Ho-

356 2399 422 2421 nor.
439 2393 513 2422 538.
537 2389 691 2430 perpolito
705 2390 788 2421 loco:

387 2486 457 2517 lpse,
467 2484 561 2511 favens
571 2485 640 2511 votis
649 2485 782 2517 solitoque
791 2486 940 2516 decentior,
955 2486 1013 2516 a'e'r,

387 2525 519 2556 Quamvis
528 2525 639 2550 adsiduo
649 2529 760 2551 noctem
771 2525 911 2557 sedaverit
922 2525 1008 2556 ἰηιὸνὶ,

386 2563 551 2596 Principis'et
561 2564 621 2590 solis
631 2564 708 2590 radiis
718 2565 834 2596 detersa,
848 2565 966 2591 removit

386 2603 522 2628 Nubila—.

358 2682 462 2713 Fedus
476 2688 594 2721 autem,
612 2685 773 2715 sordidus:
797 2683 884 2714 unde
899 2683 974 2714 nota
988 2682 1085 2724 digna

356 2738 404 2762 ει
429 2732 592 2765 doctorum
618 2735 755 2766 virorum
781 2735 904 2766 inscitia
925 2734 1084 2766 Rutilium

357 2781 592 2823 solicitantium,
607 2786 677 2817 itin.
693 2785 714 2816 i.
731 2789 803 2818 617.
818 2786 1005 2818 scribentem
1019 2796 1084 2817 non

358 2832 523 2866 invenuste
527 2846 539 2874 ;
562 2841 594 2868 et
604 2836 818 2870 werusdorfio
832 2838 961 2878 pulchre
974 2837 1084 2870 desen-

360 2895 444 2917 sum:

1151 1082 1254 1113 Quum,
1263 1080 1355 1105 subitis
1365 1083 1453 1106 tectus
1463 1079 1572 1108 nimbis,
1581 1078 1707 1103 inmrduit
1718 1078 1816 1104 ather.

1121 1152 1232 1191 Dictys
1259 1150 1427 1189 Cretensis,
1457 1150 1476 1181 i.
1493 1154 1543 1181 21.
1570 1153 1593 1168 “
1610 1150 1730 1186 Quum,
1756 1148 1844 1180 ecce!

1121 1206 1143 1221 ‘⁶
1160 1203 1224 1233 dies
1235 1203 1356 1242 fidari,
1378 1208 1409 1232 et
1431 1201 1545 1232 coelum
1562 1200 1672 1231 nubilo
1685 1199 1761 1241 tegi,
1784 1209 1845 1230 οω-

1121 1257 1143 1272 “
1159 1253 1343 1293 pit.'’—Sed
1357 1263 1398 1283 an
1413 1252 1559 1283 adverbio
1583 1252 1656 1282 satis
1680 1251 1762 1282 inest
1783 1250 1846 1282 ele·

1119 1305 1244 1346 gantiae,
1261 1310 1292 1335 et
1306 1303 1470 1335 Lucretius
1483 1302 1605 1343 scripsit
1619 1301 1741 1342 potius?

1283 1391 1365 1416 modo
1376 1397 1459 1421 quom
1470 1389 1552 1415 suerit
1568 1388 1740 1420 liquidissima
1751 1387 1816 1414 coeli

1149 1433 1320 1463 Tempestas,
1331 1437 1378 1462 per
1389 1436 1470 1461 quam
1483 1429 1572 1454 subito
1583 1428 1615 1454 fit
1625 1428 1725 1454 turbine
1731 1427 1801 1459 seda

1153 1472 1380 1503 Undiquta—.

1164 1543 1242 1573 Ver.
1266 1545 1334 1573 171.
1369 1543 1564 1573 Acherunta:
1601 1539 1639 1571 P.
1670 1545 1716 1570 Ω.
1746 1540 1848 1571 Ache·

1121 1595 1375 1628 runte.-rearis,·
1404 1592 1441 1623 P.
1456 1591 1556 1622 vind.
1576 1590 1615 1621 O.
1638 1594 1674 1621 Δ.
1691 1596 1732 1621 1'1.
1749 1594 1784 1622 Σ.
1801 1596 1847 1621 Ω.

1121 1651 1229 1675 retecto
1235 1659 1246 1680 ‚·
1276 1643 1360 1684 quod
1388 1642 1584 1682 accepissem,
1610 1647 1647 1672 ut
1671 1640 1850 1682 elegantem

1123 1701 1154 1725 et
1168 1705 1240 1724 vero
1251 1694 1443 1724 simillimam
1455 1693 1633 1728 lectionem.
1647 1691 1674 1723 si
1689 1697 1849 1722 construc-

1122 1745 1215 1776 tionis
1237 1745 1316 1775 ratio
1340 1743 1484 1784 expedita
1497 1743 1659 1783 patuisset:
1684 1752 1760 1773 nam
1783 1743 1851 1773 utet*

1121 1799 1257 1838 liquisse,
1283 1802 1320 1827 ut
1346 1796 1493 1826 Graecum
1518 1796 1588 1830 am
1615 1802 1752 1832 ιιιλιτυν,
1777 1803 1851 1835 que

1124 1848 1258 1880 Marulli
1272 1848 1419 1889 cogitatio
1433 1854 1486 1883 est,
1501 1846 1619 1883 dubito,
1633 1857 1676 1877 an
1688 1846 1763 1877 ferri
1776 1855 1849 1886 poe-

1123 1900 1175 1938 sit‚
1198 1907 1254 1930 aut
1275 1898 1428 1939 exemplis
1452 1898 1579 1929 adstrui.
1624 1897 1777 1930 eausa-as
1798 1896 1849 1926 in-

1123 1958 1218 1990 terea,
1233 1952 1271 1982 vi.
1287 1954 1359 1982 250.

1166 2012 1242 2042 Ver.
1270 2014 1341 2042 172.
1365 2021 1494 2050 magnas
1517 2010 1666 2049 conplesse
1694 2018 1849 2040 cavernas.

1126 2063 1277 2094 Similiter
1291 2061 1456 2103 Virgilius,
1477 2060 1517 2091 ad
1533 2061 1608 2092 AEn.
1622 2060 1654 2091 ii.
1671 2063 1720 2091 20.

1443 2147 1603 2179 penitusque
1612 2153 1744 2171 cavernas

1156 2190 1278 2222 Ingentis,
1288 2192 1462 2220 uterumque,
1472 2191 1577 2213 armato
1588 2187 1674 2226 milite
1683 2186 1807 2219 tenplum

1170 2261 1251 2292 Ibid.
1274 2263 1342 2292 coeli
1364 2271 1518 2292 caaernas.
1563 2259 1614 2290 Sic
1632 2259 1736 2290 Varro
1761 2258 1852 2291 Mar-

1127 2313 1242 2353 cipore,
1257 2312 1342 2352 apud
1357 2312 1514 2343 Nonium:

1221 2398 1310 2423 Nubes
1320 2398 1411 2429 aquai,
1421 2397 1518 2430 frigido
1529 2396 1589 2422 velo
1599 2396 1682 2427 leves,

1219 2437 1278 2462 coern
1288 2444 1418 2462 cavernas
1429 2443 1521 2462 auraes
1530 2436 1732 2462 subduxerant:

1129 2517 1160 2542 et
1175 2510 1223 2542 Μ.
1239 2510 1364 2541 Tullius
1378 2510 1412 2540 in
1429 2511 1542 2541 Arato:

1220 2594 1324 2620 Dicitur
1335 2598 1362 2621 et
1374 2594 1427 2620 late
1437 2594 1492 2620 coeli
1502 2593 1614 2620 lustrare
1623 2598 1762 2625 caverna-¹.

1666 2640 1850 2674 Lambinus.

1128 2727 1206 2758 Huc
1220 2727 1335 2758 reseras
1353 2727 1450 2758 etiam
1470 2728 1539 2759 coeli
1562 2736 1703 2765 convetu,
1726 2731 1758 2756 et
1774 2736 1854 2766 pro·

1115 2778 1235 2820 funda,
1250 2777 1394 2819 Virgilii3
1417 2789 1490 2810 cava
1503 2778 1578 2814 coeli,
1593 2783 1625 2808 et
1637 2787 1713 2809 cava
1727 2777 1854 2813 coerula,

1126 2829 1242 2867 Ennii3
1271 2829 1361 2870 cujus
1389 2834 1488 2862 exstat
1515 2827 1596 2861 alius
1619 2828 1717 2860 etiam
1744 2834 1852 2860 versu!

1127 2886 1333 2921 opportunus:
