1912 3292
282 183 377 223 282

792 174 852 224 T.
905 173 1288 224 LUCRETII

435 305 616 348 Cernere
635 320 846 349 censemus
865 307 1006 358 solem,
1026 307 1246 364 lumenque
1266 306 1477 349 diurnum:

320 384 403 420 460
436 380 723 438 Conclusoque
741 381 834 424 loco
852 382 1018 434 caelum,
1040 397 1169 433 maxe,
1190 382 1377 432 flumina,
1400 382 1588 432 monteis,

437 454 622 507 Mutare,
645 464 686 498 et
705 471 872 513 campos
890 457 1065 512 pedibus
1085 458 1274 507 transire,
1296 456 1502 506 videmur3

435 527 492 570 Et
511 531 667 572 sonitus
687 531 844 581 audire,
867 546 1006 573 severa
1025 531 1184 572 silentia
1202 530 1333 572 noctis

439 601 638 660 Undique
657 620 785 661 quom
805 613 1012 655 constent3
1045 614 1086 646 et
1106 604 1278 646 reddere
1297 604 1410 646 dicta
1429 611 1620 646 tacentes.

292 754 327 785 in
341 755 518 795 promiscuo
540 765 600 785 usu
621 755 687 785 fere
708 755 859 786 djctionae
880 756 950 787 illas
967 758 1022 787 ha-

292 809 400 840 beant:
439 813 462 827 “
479 809 618 839 Immisit
645 819 721 849 ergo
750 810 911 840 Dominus
935 811 1025 841 Deus

294 863 319 878 “
334 871 466 899 soporem
482 860 516 890 in
533 859 672 890 Adam.”
719 860 781 891 Sed
796 861 863 892 dies
882 872 934 892 me
949 862 1024 892 defi-

294 917 387 947 ceret,
411 911 436 941 si
454 912 562 942 omnia
575 913 638 942 huc
659 913 831 952 spectantia
845 913 1025 944 accumula»

295 967 366 993 tum
381 963 478 1001 irem;
499 973 551 993 me
574 963 744 1003 reprimere
764 970 872 995 tamen
894 975 1026 1006 nequeo,

295 1021 333 1045 ut
354 1024 421 1045 non
445 1015 481 1046 C.
505 1015 665 1054 Nepotem
691 1016 833 1054 afferam,
866 1016 1028 1056 impendio

296 1065 528 1105 tempestivum,
544 1072 575 1096 et
586 1066 660 1097 huic
673 1066 875 1107 disputationi
891 1067 1030 1098 multum

297 1117 377 1149 lucis
408 1117 639 1157 offundentem,
670 1129 699 1149 x.
720 1123 747 1150 l.
774 1122 804 1151 5.
827 1124 849 1138 ‘⁶
867 1120 942 1156 Quo
976 1119 1030 1150 ille

298 1172 323 1188 ‘⁴
338 1175 525 1207 commotus,
562 1181 603 1200 ne
635 1171 750 1211 agendi
784 1181 858 1202 cum
891 1182 929 1202 eo
952 1178 1032 1202 esset

299 1223 324 1239 “
341 1220 441 1251 Dioni
463 1227 606 1260 potestas
638 1222 717 1261 patri
739 1234 871 1262 soporem
894 1223 1033 1254 medicos

299 1274 324 1291 ‘⁶
339 1271 414 1303 dare
427 1273 542 1313 coegit:
569 1274 628 1303 hoc
649 1284 732 1315 aeger
746 1281 881 1314 sumpto,
904 1281 940 1305 ut
953 1287 1031 1306 som-

301 1325 327 1341 “
339 1334 379 1354 no
394 1326 519 1363 sopitus,
535 1324 620 1354 diem
634 1326 713 1355 obiit
727 1326 942 1365 supremum.'’
982 1327 1032 1358 Ibi

300 1373 375 1404 Van
393 1374 540 1405 Staveren
555 1376 688 1406 omnino
703 1376 867 1416 videndus,
890 1383 933 1416 et,
955 1387 1033 1419 quos

301 1425 420 1463 laudat,
436 1427 493 1456 viri
509 1427 688 1459 doctissimi.

344 1476 426 1508 Ibid.
456 1480 545 1510 suavi
564 1490 676 1518 sopore.
721 1479 811 1510 Hinc
841 1479 1029 1519 appositissi-

300 1538 392 1559 mum
415 1539 531 1560 nomcn
563 1532 692 1561 Somnus
725 1537 835 1562 nactus
868 1537 915 1562 est
946 1531 1031 1572 apud

305 1581 434 1612 Gruteri
448 1582 597 1622 inscriptt.
614 1583 633 1613 i.
650 1593 681 1622 p.
698 1586 750 1614 67.

557 1653 630 1682 Dus
646 1663 782 1683 auximus

527 1700 635 1729 BAcuo
648 1709 688 1729 ετ
705 1700 818 1729 Somw

551 1747 705 1776 Humum:
720 1756 801 1775 vrrs:

418 1793 617 1823 Sunussnus
631 1803 927 1824 const-:nvnoiunus

599 1841 737 1871 Sicanii.

351 1906 426 1936 Ver.
442 1909 514 1937 456.
531 1906 621 1946 jacet
644 1909 752 1947 quiete.
797 1907 902 1946 Maro,
925 1906 983 1938 ecl.
999 1907 1039 1938 vi.

313 1959 363 1987 14.

381 2031 498 2056 Silenum
510 2031 587 2063 pueri
596 2039 681 2057 somno
692 2033 785 2058 videre
791 2033 929 2065 jacentem.

312 2103 481 2139 Caeterum‚
498 2105 532 2134 in
547 2104 633 2133 abest
650 2110 697 2134 Ω.

355 2160 430 2190 Ver.
446 2163 519 2192 457.
548 2162 633 2191 nobis
658 2161 743 2192 deest
765 2162 806 2192 V.
829 2162 976 2194 ed.—ac.·
1000 2163 1044 2194 ita

315 2226 356 2253 τῳ
379 2219 411 2243 ae
436 2213 679 2252 superscriptum
695 2214 728 2243 in
751 2215 798 2244 M.
814 2215 888 2251 Γαίῃ
912 2222 943 2245 et
957 2216 1043 2246 suavi

316 2263 462 2294 varietate
477 2264 728 2295 commendatur.
773 2266 893 2306 Vulgo,
908 2272 945 2297 et.

358 2316 438 2347 Ibid.
471 2319 599 2357 vigilare
636 2321 775 2349 membra.
823 2320 875 2350 Ad
912 2320 1044 2351 candem

314 2367 439 2398 dicendi
455 2369 624 2400 formulam
639 2370 661 2401 J
665 2370 815 2408 uvenalis,
832 2371 850 2401 i.
868 2374 920 2402 57.

346 2443 449 2467 Doctus
459 2446 486 2467 et
498 2443 532 2466 ad
543 2442 653 2468 calicem
666 2443 790 2476 vigilanti
802 2448 914 2470 stertere
925 2452 996 2470 naso.

316 2505 361 2535 Et
376 2505 535 2546 appositus
550 2506 584 2536 in
600 2506 708 2546 primis
725 2507 888 2545 Manilius,
908 2519 935 2539 v.
950 2512 1023 2541 655.

346 2589 511 2621 velocesque
521 2589 595 2615 dabit
607 2591 656 2615 sub
668 2590 714 2615 tali
726 2594 850 2623 tempore
861 2595 961 2624 partus,

346 2628 437 2654 Omne
446 2635 494 2661 per
504 2629 623 2654 officium
636 2629 779 2662 vigilantia
791 2630 901 2655 membra
918 2630 1045 2657 ferentes.

319 2699 427 2735 Quem
448 2703 562 2742 locum,
579 2705 793 2747 pereleganter
814 2716 847 2736 se
868 2707 1047 2744 habentem,

319 2752 448 2790 nollem,
472 2756 596 2788 Bentlei
619 2757 833 2789 dilectissime!
858 2765 922 2788 tam
937 2758 1049 2789 audaci

319 2814 431 2844 manu,
458 2812 524 2837 tam
546 2808 763 2849 intempestiva
787 2820 923 2850 prorsuS,
947 2811 1048 2841 solici-

318 2861 422 2889 tasses.
466 2858 511 2890 Et
532 2860 634 2892 multo
663 2871 737 2893 cum
763 2862 910 2893 acumine
932 2862 1049 2894 Lucre-

1067 757 1142 788 tius:
1169 760 1191 775 “
1210 757 1358 788 Membra
1376 757 1503 795 scilicet,
1526 758 1666 798 quamvis
1681 757 1794 788 altissi-

1069 811 1091 826 “
1107 818 1161 838 mo
1182 818 1290 848 sopore
1312 811 1426 846 vincta,
1458 808 1555 839 libero
1585 816 1691 840 tamen
1713 815 1795 840 motu

1070 862 1091 878 “
1108 859 1171 890 frui
1194 859 1370 890 videntur.”
1415 859 1527 894 Sentis,
1554 860 1676 899 opinor,
1699 870 1796 900 oppo-

1069 910 1191 941 sitionis
1211 911 1398 949 efficaciam
1431 921 1502 951 quae
1531 911 1670 951 profecto
1691 912 1797 943 locum

1071 968 1171 993 toturn
1189 968 1336 1002 permeat.

1114 1026 1190 1056 Ver.
1205 1028 1277 1057 458.
1299 1027 1459 1057 videntur:
1491 1025 1545 1062 sic,
1572 1026 1668 1068 longe
1688 1027 1798 1069 longe-

1071 1087 1133 1118 que
1152 1076 1378 1114 venustissime‚
1395 1077 1436 1107 V.
1453 1076 1500 1108 ed.
1525 1077 1562 1108 B.
1580 1077 1619 1108 0.
1645 1085 1686 1109 n.
1702 1083 1738 1111 Σ.
1756 1085 1801 1111 Ω..

1073 1139 1132 1159 nec
1146 1128 1294 1160 aliorsum
1309 1128 1410 1159 tendit
1427 1130 1684 1160 membranarum
1698 1135 1802 1160 vetus·

1074 1180 1267 1211 tissimarum
1280 1180 1318 1211 L.
1335 1180 1383 1211 M.
1399 1180 1558 1220 scriptura,
1572 1182 1729 1212 videatur.-
1752 1190 1803 1211 re-

1075 1235 1165 1276 liqui,
1204 1242 1240 1266 ut
1276 1235 1429 1267 editiones
1464 1236 1618 1278 vulgares,
1655 1238 1804 1268 videmur.

1078 1289 1273 1320 Crediderim
1288 1289 1443 1331 equidem,
1460 1289 1695 1331 exquisitiorem
1710 1299 1805 1321 usum

1076 1341 1161 1372 verbi
1190 1353 1305 1374 movere
1334 1343 1368 1372 in
1390 1342 1531 1373 absoluto
1552 1353 1647 1373 sensu
1674 1352 1804 1383 scrupu-

1076 1391 1145 1422 lum
1159 1392 1292 1423 librariis
1308 1393 1462 1434 injecisse:
1489 1399 1521 1424 at
1542 1394 1627 1424 enim
1643 1393 1722 1424 nibil
1737 1403 1805 1424 ma·

1077 1443 1126 1483 gis
1148 1444 1229 1483 sapit
1254 1444 1435 1474 Lucretiani
1468 1445 1620 1475 sermonis
1651 1444 1807 1482 indolem;

1073 1494 1119 1532 id,
1143 1495 1228 1536 quod
1246 1495 1430 1536 saepiuscule
1448 1495 1624 1537 legentibus
1638 1496 1807 1528 inculcavi-

1075 1556 1160 1577 mus:
1187 1547 1296 1578 redeas
1310 1547 1349 1578 ad
1365 1554 1514 1578 annotata
1537 1548 1628 1579 nobis
1647 1548 1680 1578 in
1696 1548 1739 1579 iii.
1755 1552 1808 1581 69.

1077 1597 1233 1633 --Ροη-ο,
1257 1598 1294 1628 P.
1311 1599 1351 1628 V.
1375 1598 1422 1629 ed.
1447 1599 1484 1629 B.
1506 1598 1576 1629 loco
1601 1605 1641 1637 et,
1668 1600 1809 1640 praebent

1079 1655 1130 1683 ut,-
1167 1659 1337 1688 perperam.
1381 1649 1457 1681 Jam
1478 1659 1551 1680 vero
1572 1660 1678 1681 versus
1701 1660 1808 1681 coram

1080 1700 1180 1731 oculis
1202 1701 1304 1732 multo
1325 1701 1486 1732 nitidioroe
1507 1709 1680 1739 evaserunt,
1703 1709 1735 1733 et
1756 1712 1809 1733 ex-

1080 1751 1259 1791 quisitiores
1280 1752 1531 1791 constructionis,
1560 1753 1639 1783 meis
1659 1753 1741 1784 curis
1762 1763 1812 1784 re-

1082 1801 1226 1832 formati:
1256 1812 1358 1843 neque
1381 1803 1439 1833 hac
1461 1803 1633 1840 occasione,
1656 1804 1813 1835 veteribus

1083 1852 1235 1893 exemplis
1249 1852 1335 1884 aliud
1354 1854 1569 1893 suadentibus,
1590 1855 1725 1886 imitatio
1740 1855 1815 1886 vir-

1083 1904 1201 1945 giliana
1222 1915 1281 1935 nos
1310 1905 1509 1936 absterruerit
1538 1906 1711 1946 proposito3
1736 1916 1812 1937 nam

1083 1966 1190 1986 versus
1212 1955 1260 1986 illi
1283 1956 1500 1994 laudatissimi,
1526 1957 1580 1998 qui
1602 1957 1751 1998 leguntur
1771 1956 1813 1987 ad

1085 2009 1160 2039 AEn.
1184 2008 1237 2038 xii,
1264 2011 1335 2039 910.
1366 2008 1440 2039 hinc
1467 2008 1718 2040 manifestissime
1739 2015 1814 2040 sunt

1085 2070 1175 2090 suam
1189 2060 1378 2100 peculiarem
1393 2060 1574 2097 clausulam,
1585 2060 1815 2092 felicisimm-

1085 2121 1157 2152 que,
1180 2111 1314 2142 mutuati
1321 2123 1330 2149 ;
1353 2117 1384 2142 et
1398 2112 1538 2143 oratione
1553 2112 1710 2143 consimili
1729 2112 1813 2144 colo-

1086 2167 1211 2192 rantur:

1087 2244 1137 2273 Ac,
1149 2243 1233 2269 veluti
1244 2244 1271 2267 in
1282 2243 1384 2274 somnis,
1395 2243 1487 2269 oculos
1499 2244 1544 2268 ubi
1555 2244 1681 2276 languida
1691 2243 1784 2276 pressit

1087 2286 1162 2307 Nocte
1173 2283 1255 2315 quin,
1266 2283 1450 2314 nequidquam
1462 2283 1554 2308 avidos
1564 2284 1714 2308 extendere
1723 2290 1816 2309 cursus

1088 2321 1152 2346 Velle
1163 2321 1287 2346 videmur
1293 2330 1304 2351 ;
1321 2326 1348 2347 et
1364 2322 1392 2347 in
1401 2322 1496 2347 mediis
1505 2323 1646 2348 conatibus
1655 2323 1724 2355 aegri

1089 2362 1328 2387 Subcidimus—.

1133 2433 1215 2464 Ibid.
1238 2434 1335 2464 noctis
1350 2435 1483 2474 caligine
1499 2433 1590 2465 coeclz'.
1638 2433 1689 2464 Sic
1710 2433 1816 2472 Maro,

1089 2485 1123 2515 in
1138 2485 1276 2516 versibus
1291 2485 1463 2516 incredibili
1479 2485 1641 2526 majestate
1654 2495 1816 2517 commen-

1089 2536 1180 2575 datis,
1206 2537 1281 2567 AEn.
1296 2536 1339 2567 iii.
1355 2540 1426 2568 203.
1445 2536 1514 2577 jam
1528 2536 1648 2576 positus
1660 2536 1702 2568 ad
1715 2536 1746 2567 ii.
1762 2538 1813 2568 55.

1090 2588 1134 2617 Et
1150 2588 1323 2625 Amobius,
1338 2587 1390 2618 lib.
1405 2587 1436 2618 ii.
1456 2598 1486 2627 p.
1501 2590 1622 2618 48.—“
1637 2586 1744 2625 omnia
1757 2597 1816 2617 σιε-

1091 2641 1114 2657 “
1130 2640 1174 2669 cis
1189 2640 1421 2670 obscuritatibus
1436 2637 1650 2669 involuta—.”

1134 2697 1209 2727 Ver.
1225 2701 1297 2730 459.
1331 2700 1496 2729 diurnum:
1522 2697 1563 2728 V.
1594 2696 1642 2727 ed.
1673 2697 1710 2727 Β.
1739 2698 1820 2728 divi-
1878 2690 1881 2693 ⁵

1092 2759 1176 2779 'Ulm-

1136 2808 1218 2840 Ibid.
1240 2819 1409 2840 cen-semus.-
1434 2809 1454 2840 i.
1470 2819 1496 2840 e.
1518 2808 1714 2840 arbitramur.
1751 2807 1819 2839 No-

1093 2861 1165 2892 nius
1179 2860 1360 2900 Marcellus,
1383 2861 1421 2893 iv.
1438 2864 1487 2893 88.
1518 2864 1540 2881 ‘⁸
1561 2863 1685 2894 Censere
1699 2859 1818 2902 signifi-
