1912 3292
479 259 713 308 LIBER
763 254 1140 314 QUARTUS.

1456 259 1550 302 407

206 397 346 445 Fiunt,
369 406 494 450 quam
512 391 649 439 facies,
672 396 712 430 et
732 401 920 441 corpora,
946 385 1227 440 membraque,
1248 383 1378 425 nobis.

68 475 174 512 1220
206 471 263 512 Et
282 467 479 510 muliebre
499 465 630 505 oritur
649 461 784 517 patrio
805 459 858 500 de
878 459 1031 499 semine
1052 459 1220 508 seclum3

206 544 483 596 Maternoque
502 552 636 579 mares
656 535 857 576 exsistunt
881 547 1056 587 corpore
1076 533 1212 572 cretei.

207 620 378 671 Semper
398 613 508 654 enim
528 618 670 666 partus
690 607 845 663 duplici
865 606 917 647 de
938 606 1092 647 semine
1112 611 1286 645 constat:

206 692 360 746 Atque,
381 688 464 729 utri
485 685 614 727 simile
635 691 694 725 est
713 682 843 738 magis
863 680 922 730 id,
955 679 1275 735 quodquomque
1295 684 1470 726 creatur,

205 765 308 820 Ejus
326 762 452 804 habet
470 760 561 816 plus
579 766 697 814 parte
717 754 851 811 aequa,
874 753 986 810 quod
1007 767 1173 794 cernere
1191 751 1335 807 possis,

71 845 176 883 1225
211 840 305 881 Sive
324 836 458 878 virum
479 834 652 884 suboles,
675 832 757 873 sive
777 838 837 871 est
856 827 1065 869 muliebris
1085 826 1215 882 origo.

265 912 356 954 Nec
376 911 515 952 divina
535 916 667 949 satum
687 903 906 962 genitalem
925 901 1098 943 numina
1118 899 1342 955 quoiquam

210 987 470 1033 Absterrent,
491 990 608 1037 pater
628 996 653 1021 a
671 978 805 1035 gnatis
825 991 878 1017 ne
898 974 1083 1016 dulcibus
1103 987 1300 1027 umquam

210 1059 467 1115 Adpelletur‚
490 1063 530 1098 et
550 1063 596 1097 ut
615 1052 741 1096 sterili
761 1051 923 1092 Venere
943 1048 1082 1104 exigat
1101 1060 1254 1094 aevom3

71 1238 111 1269 Ο.
126 1248 158 1274 ι’,-
175 1236 260 1266 abest
275 1233 404 1265 omnino
421 1232 460 1263 V.
476 1231 522 1262 ed.
541 1235 575 1261 Δ.
593 1237 633 1260 Π.
650 1233 684 1260 Σ.
703 1234 748 1258 Ω.
764 1231 795 1257 et

68 1288 138 1319 aliis
159 1287 297 1321 fortasse,
314 1285 339 1315 si
354 1290 445 1314 testes
459 1282 574 1313 oculati
596 1281 794 1310 membrana-

70 1350 143 1371 rum
158 1349 222 1369 non
233 1337 432 1368 cessavissent
442 1336 476 1365 in
487 1334 598 1365 officio.
622 1331 794 1365 Nimirum,

70 1392 208 1432 suspicor
223 1391 266 1421 ita
280 1389 465 1421 Lucretium
479 1386 649 1426 scripsisse:

101 1471 328 1504 Quandoquidem
341 1470 424 1494 nihilo
435 1469 514 1500 magis
526 1468 589 1492 haec
609 1465 678 1490 haud
698 1463 799 1489 semine

195 1513 272 1535 certo

103 1551 196 1580 Fiunt,
217 1556 299 1581 quam
320 1548 412 1578 facies,
433 1549 461 1572 et
479 1552 603 1578 corpora,
622 1544 798 1574 membraque

196 1591 282 1615 nobis.

115 1657 191 1686 Ver.
218 1656 312 1685 1219.
344 1663 448 1692 quam:
474 1654 509 1682 Σ.
533 1660 614 1685 cum;
638 1658 677 1678 ex
707 1646 800 1677 veteri

72 1705 224 1747 scripturi
236 1703 383 1735 breviore.

116 1768 192 1797 Ver.
218 1767 310 1795 1225.
335 1764 435 1802 Atque
462 1761 528 1791 utri
553 1759 671 1790 simile:
697 1756 734 1786 P.
759 1757 803 1785 At

74 1819 253 1853 verisimile;
269 1816 311 1846 V.
327 1814 374 1845 ed.
391 1815 428 1844 B.
447 1814 547 1852 Atque
562 1810 724 1841 verisimile
732 1823 743 1844 ,·
763 1807 801 1837 O.

76 1878 122 1903 Ω.
138 1871 239 1910 Atque
250 1868 311 1899 viri
318 1867 434 1901 simile;
453 1870 494 1894 Π.
512 1864 612 1902 Atque
625 1862 673 1891 uti
683 1860 803 1889 semine.

76 1923 360 1963 —quodquomque:
387 1915 483 1946 Vind.
513 1919 548 1946 Σ.
579 1921 806 1954 quocunque.—

79 1980 218 2007 crealur:
247 1970 343 2000 Vind.
366 1969 404 1998 B.
428 1968 465 1998 L.
494 1973 538 1997 Ω..
563 1971 697 2000 creatam
721 1961 806 1993 unde

77 2032 188 2066 putem
210 2021 357 2055 Lucretio
383 2020 534 2060 scriptum
556 2027 633 2056 esse,
659 2021 802 2048 creatam:

80 2084 118 2111 Δ.
134 2085 262 2110 teratur.

120 2138 203 2170 Ibid.
221 2137 297 2169 Huc
307 2135 382 2166 facit
393 2144 485 2174 opere
494 2132 633 2163 maximo
645 2131 805 2171 fragmen-

78 2198 149 2223 tum
163 2191 198 2221 in
213 2188 328 2221 stobaei
343 2188 400 2219 ecl.
417 2189 502 2227 phys.
515 2186 568 2217 lib.
584 2185 604 2215 i.
624 2196 652 2224 p.
668 2187 721 2214 87.
744 2183 805 2213 ὈΞ

79 2257 114 2274 αν
130 2244 346 2283 καέπξρΤΕρΙὸῃ
363 2253 396 2270 *70
411 2241 469 2280 ῥυέν
485 2250 545 2268 απὸ
568 2249 606 2267 ’73
629 2235 733 2278 αἵόρθς,
757 2247 808 2264 xoel

79 2297 205 2327 αθικτοιι
221 2305 351 2333 γενηται,
369 2304 402 2321 ‘ro
418 2303 506 2331 πατρι
522 2290 679 2328 {pompavit
700 2301 733 2317 «το
748 2290 810 2328 βρε-

81 2355 131 2388 φος
147 2343 401 2382 αποδειχθησεται·
429 2342 478 2378 ὡς,
504 2353 537 2371 ‘ro
560 2353 616 2370 oenae
639 2345 739 2373 παλιν,
763 2351 810 2368 ταν

83 2399 170 2430 αὕη-σν
189 2408 299 2439 τροπον,
326 2407 363 2436 ‘⁷3⁷
388 2405 497 2435 μητερι.
543 2397 602 2422 Ειιν
629 2404 699 2424 «τινας
728 2402 810 2431 μερες

83 2450 278 2490 καθυπὲρᾼξῖἔς
306 2457 436 2485 ΎΞΊΤΓΤΜΙ,
467 2456 531 2485 Τρθς
561 2455 643 2473 ΕΖΞΙΥΟ
673 2455 706 2472 ’ΤΟ
731 2454 810 2482 μέρῧς

83 2509 267 2541 αφομοιεται.
313 2497 379 2528 Εσθ’
394 2497 441 2526 ὅτε
455 2494 493 2531 δε,
511 2508 561 2525 και
578 2508 611 2528 εις
628 2507 742 2534 μακρας
760 2505 810 2532 γε-

85 2565 145 2586 νεας
162 2550 365 2592 παραὲαλλειν
381 2560 414 2578 ‘ro
429 2550 527 2588 βρεφος
544 2559 580 2587 τῃ
592 2552 683 2587 μορφῇ
696 2556 734 2574 τε
749 2557 812 2583 ’γεν-

85 2615 272 2637 νησαντας-.
318 2598 435 2630 Confer
458 2602 600 2628 nostrum
623 2606 725 2635 supra,
748 2605 811 2625 ver.

89 2658 181 2686 1212.

129 2713 204 2744 Ver.
222 2713 318 2743 1225.
337 2711 494 2741 muliebris
508 2710 600 2748 origo.
629 2707 726 2744 Naso,
739 2711 813 2736 met.

86 2767 110 2798 ἰ.
126 2769 199 2798 552.

117 2841 208 2871 Quam
218 2843 365 2863 commune
375 2836 443 2861 mihi
453 2842 548 2868 genus,
558 2837 586 2860 et
594 2832 717 2866 patruelis
727 2832 804 2865 origo,

119 2879 224 2904 Deinde
232 2882 318 2909 torus,
325 2877 459 2909 junxit*

130 2949 208 2991 Veia
226 2953 318 2981 1226.
340 2933 522 2991 quoiquani:
552 2947 589 2980 P.
618 2956 798 2988 quemquam
805 2959 816 2982 ,-

133 3008 224 3041 Vox..
242 3008 292 3040 11.

838 1224 876 1254 Β.
893 1229 934 1254 Π.
949 1222 1111 1262 quicquam
1120 1235 1131 1256 ,·
1156 1228 1220 1248 non
1237 1217 1410 1253 invenuste,
1424 1215 1478 1247 sed
1490 1217 1565 1247 sim-

838 1274 948 1315 plicior
964 1278 1010 1303 est
1025 1271 1164 1311 profecto
1178 1269 1305 1309 vulgata
1320 1269 1420 1299 lectio.

884 1324 965 1355 Ibid.
988 1324 1095 1354 divina
1111 1322 1259 1352 numina:
1285 1320 1304 1350 i.
1320 1330 1346 1349 e.
1362 1319 1494 1359 deorum
1510 1329 1570 1348 nu-

840 1384 904 1412 tus‚·
929 1374 1033 1405 videas
1047 1371 1264 1403 animadversa
1287 1370 1326 1400 ad
1350 1370 1383 1400 ii.
1411 1373 1484 1401 652.
1521 1368 1572 1397 Ita

841 1428 964 1458 locutus
979 1431 1025 1455 est
1041 1424 1197 1455 'Manilius
1218 1423 1251 1452 in
1278 1422 1416 1452 versibus
1442 1420 1570 1461 quibus-

843 1480 917 1509 dam
933 1476 1134 1511 nitidissimis,
1161 1475 1215 1515 qui
1231 1473 1433 1513 philosophice
1452 1472 1571 1502 Lucre-

844 1531 937 1560 tianae
954 1528 1090 1558 rationes
1099 1526 1239 1561 breviter,
1252 1530 1367 1560 ornate,
1379 1523 1572 1554 luculenter-

844 1591 912 1621 que,
929 1586 1003 1610 sunt
1017 1577 1189 1616 complexi3
1205 1576 1344 1616 adeoque
1359 1585 1464 1604 coram
1479 1573 1574 1612 positi

838 1630 1015 1672 jucundam
1030 1638 1153 1658 moram
1164 1626 1332 1657 lectoribus
1343 1625 1438 1655 lautis
1450 1623 1573 1654 facient.

844 1684 978 1713 Exstant
1008 1682 1041 1710 in
1066 1681 1086 1709 i.
1110 1683 1181 1708 485.
1204 1678 1258 1707 ubi
1291 1678 1332 1707 de
1363 1675 1577 1707 constantibus

845 1733 958 1764 mundi
992 1732 1115 1772 legibus
1152 1729 1290 1769 disputat
1325 1738 1390 1758 non
1430 1727 1578 1767 ignobilis

846 1787 953 1825 po'e'ta:

879 1860 919 1884 Ac
930 1858 997 1882 mihi
1007 1861 1065 1882 tam
1078 1861 1195 1888 praesens
1206 1853 1274 1879 ratio
1286 1859 1339 1878 non
1353 1852 1406 1877 ulla
1416 1852 1535 1882 videtur,

880 1902 939 1934 Qua
952 1905 1042 1933 pateat
1054 1900 1189 1924 mundum
1200 1897 1294 1922 divino
1305 1896 1409 1921 numine
1420 1895 1499 1925 verti,

880 1944 970 1973 Atque
980 1941 1069 1972 ipsum
1081 1946 1135 1965 esse
1146 1940 1234 1963 Deum
1243 1946 1252 1968 3
1269 1944 1318 1962 nec
1330 1938 1412 1961 Forte
1423 1936 1505 1961 coisse
1521 1942 1578 1960 ma-

975 1980 1056 2012 gistri
1067 1987 1073 2003 ε

881 2023 921 2046 Ut
931 2020 1018 2044 voluit
1029 2018 1113 2048 credi,
1124 2018 1173 2049 qui
1183 2017 1284 2049 primus
1295 2016 1399 2040 moenia
1411 2015 1508 2039 mundi

881 2059 1028 2086 Seminibus
1039 2058 1141 2082 struxit
1152 2056 1280 2086 minimis,
1291 2055 1373 2085 'mque
1384 2054 1428 2078 ina
1438 2052 1563 2079 resoluit:

880 2101 901 2124 E
915 2098 988 2130 queis
999 2102 1026 2122 et
1038 2096 1132 2126 maria,
1144 2100 1171 2121 et
1183 2099 1278 2124 terras,
1293 2098 1321 2119 et
1331 2094 1416 2118 sidera
1427 2093 1502 2122 coeli,

881 2139 1055 2168 Himeraque,
1065 2136 1203 2161 immensis
1210 2134 1388 2159 fabricantem
1399 2133 1495 2157 finibus
1504 2132 1581 2156 orbes

881 2179 1090 2207 solventemque
1101 2175 1175 2205 alios,
1187 2178 1329 2203 constare3
1343 2175 1369 2197 et
1377 2175 1477 2197 cuncta
1484 2171 1583 2196 reverti

882 2220 913 2243 In
923 2224 969 2242 sua
979 2216 1118 2249 principia,
1128 2219 1155 2240 et
1165 2221 1256 2239 rerum
1268 2216 1375 2237 mutare
1385 2212 1493 2244 figuras.

897 2292 979 2323 Ibid.
996 2298 1105 2323 satum.
1129 2289 1254 2319 Nonius
1266 2286 1448 2324 Marcellus,
1460 2285 1491 2315 ii.
1510 2289 1583 2315 806.

854 2348 876 2364 “
894 2347 968 2375 Satu
983 2343 1120 2382 positum
1135 2350 1191 2380 pro
1205 2341 1326 2371 semine.
1374 2336 1498 2372 Aecum,
1522 2336 1584 2366 Pe-

855 2402 877 2417 ‘⁶
895 2397 1020 2437 lopidis:

888 2481 906 2494 ‘⁶
919 2480 987 2503 Nam
999 2485 1046 2503 me
1062 2476 1204 2502 haeredem
1223 2481 1260 2499 ex
1277 2476 1326 2498 tuo
1346 2478 1401 2497 esse
1419 2473 1584 2502 conceptum

981 2521 1000 2533 ‘⁵
1013 2521 1081 2547 satu,

887 2562 907 2576 “
922 2561 977 2585 Tua
989 2561 1149 2591 argumenta
1159 2555 1286 2587 redigunt
1295 2553 1430 2582 mimum,
1439 2554 1467 2576 et
1476 2557 1588 2575 conmo-

949 2601 960 2612 ‘
982 2600 1002 2613 ·‘
1013 2597 1110 2623 vent.”

861 2674 911 2704 Sic
927 2672 1007 2703 forte
1021 2668 1240 2701 scribendum:
1264 2664 1371 2706 vulgo,
1396 2665 1417 2681 “
1442 2664 1480 2693 Ut
1493 2671 1586 2701 argu-

859 2729 882 2744 “
897 2723 1031 2755 menta?
1057 2721 1175 2753 Confer
1190 2717 1328 2750 eundem
1343 2714 1588 2756 grammaticum

859 2777 899 2808 ad
923 2776 967 2807 iii.
998 2778 1069 2805 258.
1107 2778 1138 2803 et
1166 2771 1309 2811 vulgares
1345 2766 1588 2807 lexicograpbOS.

862 2827 1140 2868 Glossatbrlvetus:
1167 2827 1191 2842 “
1208 2825 1309 2860 satus,
1325 2819 1414 2856 satio,
1427 2817 1546 2860 ‹rmpoel’

903 2890 979 2920 Ver.
1005 2891 1096 2920 1227.
1113 2878 1217 2928 pater}
1243 2885 1284 2916 Β.
1300 2884 1337 2915 L.
1354 2883 1402 2914 M.
1420 2886 1590 2922 premor.—

861 2957 880 2976 a
894 2946 1015 2986 gnatis:
1043 2943 1090 2975 M.
1106 2953 1142 2974 ac
1157 2942 1256 2977 mztis,-
1280 2936 1332 2970 edi
1347 2936 1433 2971 solet,
1455 2946 1472 2964 α
1489 2933 1591 2967 natis,-

811 3003 877 3035 Dd
