1912 3292
321 217 410 259 194

832 214 891 262 T.
947 215 1327 265 LUCRETII

460 343 675 386 Auxilium
695 344 810 385 tectis
831 347 947 402 quasi
977 347 1082 389 ferre
1101 348 1339 392 ardentibus
1360 349 1532 392 instansz

464 416 624 459 Oscitat
644 433 696 460 ex
715 419 885 475 templo,
907 422 1041 478 tetigit
1061 437 1187 478 quom
1206 423 1348 465 limina
1368 424 1494 474 villae;

462 491 551 533 Aut
570 492 655 533 abit
675 493 718 534 in
739 508 930 536 somnum
950 495 1101 551 gravis,
1123 504 1244 552 atquc
1264 496 1413 539 oblivia
1432 499 1596 554 quaerit:

326 568 432 606 1080
464 565 552 607 Aut
571 567 694 608 etiam
714 582 942 623 properans
963 568 1107 610 urbem
1127 571 1245 624 petit,
1268 578 1390 626 atque
1409 573 1557 614 revisit.

522 639 622 681 Hoc
643 656 684 681 sc
704 641 876 696 quisquc
896 641 1022 681 modo
1042 641 1162 697 fugit:
1196 650 1252 691 at,
1275 658 1397 698 quem
1419 645 1582 695 scilicet,
1604 653 1650 687 ut
1669 645 1732 695 fit,

461 713 665 769 chugere
685 712 797 753 haud
816 713 924 767 potis
945 721 1020 763 est,
1051 714 1236 771 ingratiis
1256 715 1401 766 haeret,
1424 724 1464 757 et
1484 717 1590 767 obit3

461 785 701 840 Propterea,
723 785 859 826 morbi
879 786 976 842 quia
997 801 1179 829 caussam
1201 803 1286 830 non
1308 797 1419 831 tenet
1438 804 1564 847 aeger:

314 941 354 972 do
377 940 499 972 levioris
521 940 686 977 momenti,
716 941 768 972 hic
794 947 902 973 autem
932 953 1044 982 pamm

314 992 499 1034 elegantem.
542 992 736 1030 Lactantius,
764 993 804 1024 vi.
830 996 928 1024 5.—“
944 1004 1042 1024 unus·

311 1047 337 1063 “
351 1045 483 1086 quisque
504 1044 679 1080 hominum,
700 1055 775 1076 cum
796 1045 907 1086 primae
921 1046 1040 1076 adoles-

310 1099 335 1118 “
351 1097 462 1128 centiae
485 1099 579 1129 limen
604 1097 776 1138 attigerit.”
837 1097 1039 1137 Prudentius,

312 1149 475 1189 peristeph.
493 1159 522 1179 x.
543 1152 611 1180 105.

630 1215 769 1240 nunquam
782 1208 831 1233 tibi

371 1249 509 1278 Dandum,
521 1253 552 1274 ut
563 1249 674 1274 beatum
685 1248 760 1273 limen
772 1249 884 1281 attingas
895 1249 972 1281 pede.

310 1308 333 1342 J
335 1318 484 1346 uvmcus,
500 1318 608 1349 evang.
624 1308 694 1339 hist.
709 1308 747 1338 iv.
763 1310 836 1339 556.

323 1379 371 1408 At,
382 1378 538 1409 quicunque
548 1377 630 1403 fidem
643 1378 707 1404 vivo
718 1380 766 1404 sub
778 1382 888 1411 pectore
898 1383 1000 1410 sumet,

325 1417 438 1443 Horrida
448 1424 503 1443 non
515 1424 635 1449 unquam
647 1418 770 1450 continget
781 1418 872 1443 limina
883 1419 987 1444 mortis.

310 1477 402 1508 Idem
418 1487 490 1507 mox
507 1477 638 1508 ibidem:

563 1548 697 1575 quantum
707 1545 810 1570 felicior
821 1548 899 1574 esset,

369 1585 395 1610 si
403 1591 543 1616 nunquam
554 1584 580 1609 in
592 1584 668 1610 terris
678 1584 795 1616 tetigisset
807 1584 896 1608 limina
909 1584 986 1609 vitaz.

350 1641 426 1672 Ver.
452 1644 542 1673 1079.
573 1643 694 1681 gravis:
732 1641 752 1671 i.
775 1651 801 1670 e.
827 1645 926 1683 βαρυς·
962 1651 1037 1671 nam

304 1692 424 1732 po'e'tice
439 1692 559 1723 dictum
574 1698 619 1722 est
631 1703 696 1731 pro,
720 1695 743 1710 “
760 1692 824 1722 abit
838 1692 871 1722 in
887 1702 1035 1723 somnum

306 1748 328 1762 “
342 1754 463 1783 gravem
474 1743 508 1774 :'’
527 1754 598 1784 quae
613 1743 728 1773 locutio
743 1743 869 1782 respicit
883 1743 1036 1774 nimirum

304 1795 523 1834 palpebrarum
552 1793 836 1835 ingravescentium
872 1794 1033 1826 demissio-

305 1856 388 1876 nem.
435 1846 484 1877 Sic
500 1845 539 1876 de
565 1855 676 1876 somno
701 1855 767 1876 non
793 1845 1034 1886 expergiscendo

305 1897 471 1938 virgilius,
491 1897 566 1928 AEn.
582 1897 620 1928 iv.
637 1900 709 1928 688.

366 1964 423 1994 Illa,
431 1964 527 1996 gravis
537 1964 619 1989 oculos
629 1968 727 1989 conata
737 1964 866 1995 adtollere,
877 1971 965 1989 rursus

365 2004 534 2030 Deficit—.

303 2061 456 2092 Conferas
485 2067 640 2099 nostrum,
670 2071 746 2091 verr.
777 2065 850 2092 466.
877 2064 948 2092 467.
972 2062 1030 2092 hoc

301 2113 389 2144 libro.
424 2112 675 2154 Elegantissime,
691 2114 717 2143 si
734 2113 804 2154 quis
817 2112 908 2152 alius,
925 2113 1028 2144 Theo-

301 2164 408 2203 critus,
427 2165 500 2196 xxii.
517 2169 589 2196 204.

586 2236 598 2262 ὅ
613 2235 634 2261 ὂ“
648 2246 676 2264 en·
691 2236 770 2270 χθωω
785 2245 851 2262 zaro
863 2244 970 2264 νενευκως

340 2285 462 2315 Λυγκως,
485 2283 540 2310 :aab
554 2283 575 2309 δ’
589 2294 641 2318 oepx
654 2283 676 2309 οἵ
687 2285 814 2317 βλεφιρων
828 2284 905 2317 [iupus
925 2282 1029 2317 εόραμεν

496 2331 572 2359 lxix.

300 2393 367 2423 Nos
393 2393 547 2424 nonnulla
574 2393 614 2424 de
640 2394 697 2423 hac
719 2403 753 2423 re
779 2393 819 2424 ad
847 2393 920 2423 Silv.
949 2392 1026 2424 Crit.

299 2449 369 2474 sect.
386 2444 651 2482 cx.-Caeterum‚
670 2451 714 2475 Ω..
731 2444 838 2480 codex,
861 2445 950 2482 absit,
974 2454 1030 2483 pro

295 2496 377 2525 abit:
403 2501 446 2533 et,
461 2495 495 2525 in
511 2501 660 2536 sequente
675 2505 773 2531 versu,
799 2502 839 2526 Π.
855 2498 963 2535 querit,
980 2495 1025 2525 lo-

297 2556 334 2576 co
344 2549 432 2586 petit.

339 2598 412 2628 Ver.
434 2602 523 2629 1080.
543 2601 727 2640 pellemque
749 2601 861 2630 recisit.
906 2599 1023 2629 Exem-

294 2648 384 2687 plum
409 2650 502 2679 habcs
525 2651 592 2690 ejus
619 2651 728 2690 copiae,
755 2657 785 2680 et
809 2649 1026 2680 redundantiae

294 2699 382 2740 quasi
399 2703 571 2738 verborum,
597 2713 692 2743 quam
708 2702 875 2733 Lucretius
899 2712 961 2731 non
977 2713 1024 2732 re·

293 2751 483 2790 formidavit,
505 2754 543 2784 ad
560 2755 716 2793 primaeva»
733 2755 939 2794 simplicitatis
956 2764 1023 2784 mo-

294 2814 368 2834 rem.
397 2803 490 2834 Alius
505 2805 641 2836 fortassis
657 2807 696 2836 ad
712 2808 797 2837 liunc
813 2807 878 2836 fere
893 2805 1024 2836 modurn

293 2856 480 2886 sententiam
497 2858 668 2887 extulisset:

292 2917 348 2942 Aut
359 2917 441 2942 etim
453 2919 669 2950 properanfpeti:
682 2920 787 2948 urbem,
801 2919 907 2951 aea'uqm
922 2918 1021 2944 revisit.

1133 944 1206 976 Ver.
1225 948 1317 976 1081.
1337 951 1391 976 at:
1417 944 1455 976 P.
1473 945 1514 975 V.
1531 945 1579 976 ed.
1606 945 1647 976 Ο.
1670 949 1705 977 Δ.
1723 951 1763 977 n.
1781 951 1815 979 Σ.

1088 1002 1135 1027 n..
1151 999 1210 1033 ad‚-
1233 996 1477 1037 male—quern.-
1503 997 1540 1027 P.
1555 999 1645 1037 quod.
1690 997 1817 1038 Nempe

1085 1047 1216 1088 hujusce
1231 1047 1386 1078 varietatis
1401 1053 1560 1078 auctorem
1574 1057 1645 1079 vera
1656 1054 1817 1080 construc-

1084 1098 1178 1129 tionis
1214 1100 1292 1130 ratio
1328 1099 1488 1140 effugerat.
1539 1102 1563 1117 “
1588 1099 1649 1130 Ille
1684 1099 1812 1138 scilicet,

1085 1155 1107 1171 “
1123 1161 1218 1192 quem
1233 1151 1318 1182 haud
1332 1151 1414 1190 potis
1424 1156 1470 1181 est
1484 1150 1631 1192 effugere,
1648 1151 1815 1191 pertinaci·

1083 1205 1107 1222 “
1122 1201 1355 1245 ῐεῄεάὴεετεῐΨ
1379 1211 1503 1241 nempe,
1514 1202 1611 1232 homo
1620 1201 1718 1242 ipsem
1728 1207 1760 1232 et
1771 1202 1812 1233 si-

1082 1254 1250 1294 bimetipsi.
1269 1253 1364 1289 Quod
1379 1253 1520 1284 viderant
1534 1253 1630 1284 etiam
1639 1253 1815 1285 Lambinus

1083 1305 1316 1345 Bentleiusque.

1125 1366 1199 1396 Ver.
1220 1369 1315 1396 1082.
1337 1366 1494 1404 ingratiis,
1517 1364 1566 1395 vel
1588 1363 1739 1405 ingratis.-
1770 1365 1814 1395 sic

1081 1417 1139 1448 viri
1161 1417 1244 1448 docti
1267 1416 1390 1448 dudum
1412 1415 1571 1447 verissime
1592 1415 1815 1456 rescripserunt

1078 1481 1135 1511 pro
1150 1473 1318 1512 ingratius,
1341 1469 1424 1510 quod
1440 1469 1535 1500 libros
1554 1478 1664 1499 omnes
1678 1479 1810 1509 occupa·-

1078 1529 1163 1554 verat
1178 1527 1289 1562 praeter
1305 1521 1342 1552 P.
1357 1521 1390 1551 in
1406 1531 1467 1561 quo
1483 1520 1610 1562 legitur,
1625 1522 1740 1552 invitus
1755 1523 1813 1552 ad-

1081 1577 1173 1606 haeret
1182 1590 1194 1611 ;
1216 1584 1254 1604 ex
1283 1573 1481 1614 glossemate,
1511 1578 1548 1602 ut
1573 1571 1711 1603 arbitror.
1756 1572 1811 1603 Li.

1080 1626 1174 1659 brarii
1188 1625 1349 1664 scriptores
1364 1624 1526 1660 nimirum,
1543 1623 1744 1655 vetustiorem
1759 1635 1809 1655 or-

1080 1676 1313 1719 thographiam,
1337 1681 1369 1705 et
1382 1675 1530 1706 Lucretio
1551 1675 1668 1714 passim
1687 1674 1808 1707 adhibi-

1078 1734 1157 1766 tam,
1186 1727 1293 1757 minus
1317 1731 1469 1764 tenentes,
1493 1725 1533 1756 de
1559 1731 1661 1756 metro
1692 1726 1808 1757 frustm

1078 1779 1243 1816 timebant,
1260 1783 1352 1817 atque
1363 1776 1440 1807 adeo
1455 1776 1609 1806 sinceram
1623 1777 1809 1816 scripturam

1078 1836 1247 1860 mutavere.
1285 1828 1358 1858 Vox
1377 1833 1483 1858 autem
1498 1830 1645 1868 ingratiis
1659 1838 1808 1869 pervaga-

1077 1882 1139 1913 tior
1153 1886 1212 1919 est,
1237 1889 1338 1921 neque
1353 1879 1393 1910 ad
1408 1879 1507 1919 ipsam
1521 1879 1739 1911 illustrandam
1754 1890 1807 1910 ex-

1077 1933 1255 1973 emplorum
1283 1931 1559 1972 indigens—obit:
1596 1932 1639 1962 ita
1668 1932 1807 1971 reposui-

1076 1994 1148 2015 mus
1170 1993 1208 2014 ex
1231 1982 1422 2024 conjectura,
1451 1982 1505 2012 sed
1530 1981 1740 2020 indubitabili,
1770 1988 1807 2013 ut

1076 2034 1205 2071 videtur,
1221 2043 1278 2074 pro
1297 2033 1430 2064 lectione
1445 2033 1545 2068 nihili,
1564 2035 1640 2072 odit,
1663 2043 1733 2074 quae
1749 2035 1803 2064 ob-

1075 2086 1170 2117 tinuit
1184 2086 1218 2116 in
1233 2085 1318 2116 libris
1329 2085 1454 2125 optimis
1464 2085 1531 2125 jam
1544 2084 1640 2126 longo
1653 2090 1808 2125 tempore;

1075 2138 1118 2169 sic
1133 2138 1218 2169 enim
1234 2147 1344 2168 omnes
1366 2143 1476 2176 praeter
1494 2136 1532 2167 V.
1548 2136 1599 2167 cd.
1620 2147 1701 2178 quae,
1727 2140 1804 2169 adit.

1073 2190 1150 2222 Jam
1165 2199 1238 2220 vero
1251 2190 1328 2219 obit:
1355 2188 1374 2218 i.
1391 2198 1419 2218 e.
1436 2189 1626 2225 obversatur,
1651 2187 1808 2224 citcumiu

1074 2251 1106 2271 se
1122 2240 1270 2280 opponit;
1291 2239 1379 2280 quasi
1395 2240 1472 2269 obbit
1488 2238 1639 2278 scriptum
1654 2244 1742 2275 esset,
1757 2238 1805 2269 di-

1073 2292 1167 2322 citur:
1193 2291 1284 2322 sicuti
1299 2296 1404 2321 noster
1418 2300 1554 2329 persaepe
1570 2290 1604 2320 in
1616 2289 1716 2320 verbis
1730 2300 1804 2320 cum

1072 2354 1104 2374 re
1119 2342 1237 2383 syllaba
1248 2341 1478 2381 incipientibus,
1492 2340 1604 2380 pedem
1616 2340 1805 2380 productum

1072 2395 1177 2432 habet,
1199 2393 1341 2434 quamvis
1356 2402 1420 2423 non
1442 2393 1622 2433 geminetur
1636 2392 1736 2429 litera,
1764 2392 1805 2423 ad

1073 2445 1358 2486 frequentissimam
1388 2444 1574 2475 Graecorum
1601 2443 1803 2477 consuetudi·

1071 2507 1158 2527 nem:
1187 2495 1457 2538 quemadmodum
1488 2493 1595 2526 Latini
1623 2500 1741 2525 veteres
1768 2495 1803 2525 in

1069 2548 1169 2578 verbis
1195 2549 1309 2584 adicio,
1337 2548 1444 2582 obicio,
1470 2547 1603 2582 subicim-
1626 2545 1666 2576 de
1684 2544 1752 2586 qua,
1768 2555 1801 2575 η

1068 2609 1126 2630 nos
1139 2598 1212 2629 alibi
1234 2598 1463 2638 disputavimus
1489 2598 1523 2627 in
1546 2596 1800 2637 praecedentibus-

1071 2651 1111 2681 In
1127 2651 1349 2680 communibus
1359 2649 1549 2680 editionibus
1559 2646 1698 2678 Lucretii
1712 2646 1798 2676 evul-

1069 2702 1135 2743 gari
1163 2702 1241 2732 solet
1265 2703 1366 2741 angit,
1390 2711 1444 2740 per
1459 2699 1616 2730 licentiam
1639 2697 1800 2737 impendio

1067 2753 1274 2788 temerariam,
1292 2759 1324 2782 et
1338 2751 1476 2782 Lucretii
1496 2749 1688 2780 amatoribus
1702 2748 1797 2779 mini-

1068 2814 1120 2834 me
1134 2802 1336 2834 tolerabilem.
1386 2802 1402 2832 1
1407 2801 1544 2831 nficetias
1559 2800 1742 2841 scribarum,
1758 2799 1798 2830 dc

1067 2861 1168 2886 metro
1194 2854 1361 2889 laborante,
1386 2853 1434 2883 uti
1461 2852 1506 2890 fit,
1531 2851 1736 2889 solicitorum,
1766 2853 1798 2881 et

1068 2906 1233 2939 suffultum
1249 2904 1350 2937 versui
1365 2903 1522 2942 euntium,
1549 2912 1658 2934 verum
1678 2903 1737 2933 οὺιῖ
1764 2901 1803 2931 in
