1912 3292
479 251 712 303 LIBER
762 257 1139 312 QUARTUS.
1474 282 1572 328 247

217 377 360 434 Usque
378 380 481 422 adeo
500 383 690 425 omnibus
710 384 763 425 ab
782 386 904 428 rebus
922 403 986 430 res
1007 405 1181 448 quaeque
1199 395 1373 441 fluenter

215 450 378 504 Fertur,
400 461 440 494 et
457 453 502 494 in
521 464 690 497 cunctas
709 457 932 503 dimittitur
949 464 1134 521 undique
1153 472 1316 523 parteis.

212 523 302 566 Nec
321 541 452 577 mora,
473 541 550 568 nec
569 531 744 585 requies,
765 533 873 575 inter
892 535 1015 578 datur
1034 539 1116 581 ulla
1133 541 1316 597 fiuundi3

208 597 413 654 Perpetuo
432 603 628 656 quoniam
648 607 860 660 sentimus,
882 618 924 652 et
944 614 1084 656 omnia
1103 630 1263 673 semper

94 673 179 711 230
212 671 405 724 Cernere,
427 675 608 729 odorari,
630 679 738 732 licet,
760 691 802 724 et
820 685 970 728 sentire
989 703 1149 732 sonare.

58 824 204 865 religiosa
219 837 293 857 cum
308 827 458 861 fidelitate
472 837 733 875 repraesentantis,
755 845 787 870 et
829 851 898 872 ron.
917 843 1004 882 epist.
1029 845 1069 876 ad
1095 846 1164 878 Att.
1179 848 1229 879 vii.
1253 852 1301 881 14.
1323 850 1392 882 init.
1416 852 1497 885 Mox
1513 855 1561 887 M.

57 875 173 906 librarii
184 879 352 909 secundam
364 882 597 924 cogitationem,
614 894 724 925 praeter
735 900 784 920 so-
828 894 991 934 mendose,
1014 900 1225 931 dimittuntur.

57 926 152 958 litum
165 930 267 968 primii
279 931 426 972 pejorem.
874 945 948 977 Ver.
966 951 1038 979 228.
1062 952 1142 981 inter·
1157 954 1270 984 datur:
1290 954 1329 985 V.
1353 955 1401 987 ed.
1417 959 1558 990 incer-da-

98 980 183 1012 Ibid.
198 984 306 1014 humor
319 986 395 1016 salsi
407 990 542 1027 saporis:
566 989 620 1020 ille
634 991 786 1023 nimirum
830 1001 882 1026 tur
890 1013 901 1034 ;
927 1005 972 1030 Ω.
998 1001 1403 1046 intercedatur.—fluundi:
1434 1016 1474 1040 Π.
1487 1012 1558 1051 flu-

55 1038 156 1070 cestus,
179 1033 218 1064 de
236 1045 298 1075 quo
313 1046 374 1067 ver.
391 1041 464 1069 220.
828 1051 908 1085 enti}
939 1052 1024 1091 quod
1046 1064 1109 1084 non
1133 1054 1270 1086 deterius
1284 1058 1559 1093 videtur.—Porro

95 1085 170 1116 Ver.
185 1090 257 1117 224.
282 1096 407 1120 contra:
433 1091 472 1122 ad
487 1096 605 1125 tuimur
620 1096 678 1126 hoc
693 1107 782 1128 voca-
826 1100 965 1138 phrasim
987 1105 1056 1134 IVec
1071 1116 1166 1142 mora,
1190 1118 1245 1138 nec
1268 1112 1394 1149 requiem,
1417 1112 1488 1151 plus
1510 1124 1558 1145 se-

54 1135 167 1166 bulum
188 1137 296 1169 referri
311 1140 414 1172 debet:
441 1143 460 1172 i.
478 1153 503 1173 e.
532 1147 554 1163 ‘⁸
572 1146 655 1175 Cum
677 1154 784 1179 contra
826 1151 889 1181 mel
912 1152 1046 1195 Virgilio
1069 1156 1143 1187 hinc
1166 1158 1365 1199 desumptam
1388 1173 1463 1202 mse,
1487 1165 1557 1205 quis

48 1189 73 1204 “
89 1193 206 1219 stantes
220 1190 380 1222 tuimur-:³³
413 1204 451 1223 ex
467 1196 607 1235 opposito
622 1198 738 1230 scilicet
752 1206 783 1231 et
826 1201 968 1242 ignorat?

51 1238 127 1269 satis
141 1241 316 1283 propinquo
331 1242 409 1275 loco.
867 1254 943 1285 Ver.
961 1259 1034 1287 229.
1049 1260 1211 1297 quoniam:
1231 1260 1280 1291 M.
1295 1264 1366 1301 q2‘10;
1382 1274 1439 1302 pro
1454 1276 1553 1305 quan-

92 1289 165 1321 Ver.
191 1295 264 1324 225.
300 1296 393 1329 Quom
421 1299 555 1328 tuimur:
583 1306 623 1331 Π.
653 1304 778 1334 Contuz'-
822 1307 873 1344 do,
895 1307 956 1337 nisi
970 1308 1126 1348 fallimur;
1149 1311 1256 1342 redeas
1270 1314 1313 1344 ad
1328 1325 1389 1346 ver.
1408 1320 1458 1348 18.

48 1351 136 1376 mian
164 1343 248 1382 quod
273 1345 406 1376 minime
431 1348 588 1387 displicet:
625 1352 696 1382 vide
719 1364 779 1385 ver.
865 1357 940 1388 Ver.
959 1362 1029 1390 250.
1052 1372 1183 1393 sonare:
1208 1364 1252 1394 sic
1267 1366 1384 1405 omnia,
1400 1375 1553 1411 quotquot

48 1394 281 1426 39.—m2'sceri:
307 1397 349 1427 V.
375 1398 422 1428 ed.
446 1402 775 1436 miseri.—absz'ntlzia.·
821 1407 885 1438 sint
911 1409 1049 1450 quolibet
1075 1422 1198 1452 genere,
1221 1421 1323 1446 vetera
1345 1420 1549 1459 exemplaria:

43 1442 83 1474 P.
108 1447 284 1484 0psinuzia;
326 1453 361 1479 Δ.
393 1452 565 1491 absynthia,
588 1460 625 1484 ut
648 1455 776 1486 alibi.—
820 1459 874 1489 sed
889 1465 994 1491 tamen
1010 1462 1153 1502 editores,
1176 1475 1254 1506 quos
1268 1467 1350 1498 nihil
1367 1471 1487 1510 terruit,
1512 1473 1551 1504 de

45 1506 187 1528 amaror:
214 1505 258 1529 Π.
271 1507 401 1532 amator.
819 1521 877 1541 suo
892 1512 982 1542 nobis
996 1515 1196 1548 obtruserunt
1209 1529 1343 1551 sonorem
1353 1535 1364 1551 .·
1390 1532 1485 1563 quam
1500 1525 1550 1555 in-

86 1548 169 1580 Ibid.
192 1551 294 1583 Hunc
319 1563 443 1586 versum
471 1556 631 1599 integrum
658 1561 775 1600 profert
818 1563 1005 1595 verecunde!
1031 1576 1127 1606 quam
1141 1567 1301 1608 imperite!
1325 1581 1421 1612 quam
1438 1582 1550 1614 praeter

44 1600 87 1631 A.
105 1601 240 1642 Gellius,
262 1604 315 1636 lib.
339 1605 358 1636 i.
383 1617 449 1647 cap.
473 1612 525 1640 21.
549 1611 700 1642 Eundem
724 1624 774 1645 re·
818 1617 1047 1651 necessitatem!
1085 1621 1167 1652 Redi
1195 1623 1236 1654 ad
1266 1625 1481 1659 animadversa
1513 1630 1546 1661 in

44 1652 146 1690 spexit
172 1654 296 1686 Servius
319 1657 360 1687 ad
383 1658 476 1689 illum
502 1660 632 1702 Virgilii
657 1663 771 1702 locum,
818 1675 880 1697 ver.
899 1672 949 1700 99.
996 1669 1104 1709 Ipsam
1118 1683 1192 1704 vero
1213 1685 1278 1706 rem
1297 1676 1458 1718 impendio
1479 1682 1547 1711 ani-

44 1712 114 1743 geo,
131 1704 164 1735 ii.
180 1709 251 1737 247.
816 1727 906 1748 mose
930 1719 1049 1751 Seneca
1072 1723 1263 1765 imaginatus
1284 1734 1343 1767 est,
1366 1730 1464 1762 Herc.
1486 1732 1546 1763 fiir.

206 1788 212 1793 .
253 1789 260 1794 .
279 1789 285 1795 .
393 1792 398 1797 .
506 1794 511 1800 .
818 1770 837 1798 7
839 1772 889 1799 90.
907 1769 948 1800 de
960 1771 1095 1804 Cerbero
1108 1774 1251 1816 loquens:

70 1784 109 1808 At
117 1792 196 1817 sapor
205 1788 336 1814 indicium
346 1790 428 1817 faciet
439 1794 607 1825 mamfoetus,
624 1800 652 1821 et
663 1804 712 1822 ora

69 1824 169 1850 Tristia
178 1829 335 1854 tentantum
346 1838 424 1856 sensu
434 1835 571 1865 torquebit
586 1842 696 1861 amaror.

1074 1855 1148 1879 sensit
1159 1859 1191 1881 ut
1200 1857 1297 1882 modus
1307 1859 1420 1891 pedum,

583 1876 768 1911 Lambinus.
874 1891 982 1916 Attollit
994 1892 1075 1917 hirtas
1086 1901 1174 1927 angue
1185 1897 1291 1922 vibrato
1303 1906 1404 1931 comas,

874 1931 1039 1962 missumque
1049 1937 1134 1965 capta!
1145 1942 1210 1960 aure
1223 1938 1347 1963 subrecta
1358 1947 1457 1971 sonum,

41 1955 236 1989 Glossarium
265 1967 369 1999 vet-uz.
409 1966 431 1982 ιι
459 1966 603 2002 dmm-or,
639 1970 767 2010 „mma-⁵¹
875 1969 972 1994 Sentire
987 1975 1015 1996 et
1025 1973 1131 1997 umbras
1141 1973 1243 1999 solitus.

37 2007 144 2048 Atque
158 2009 288 2041 iterum:
315 2016 338 2031 “
355 2018 472 2057 thpcd,
495 2018 653 2050 amaror.‘'

78 2059 152 2090 Ver.
169 2064 240 2092 226.
264 2074 330 2094 res:
351 2066 386 2095 L.
404 2066 452 2096 M.
467 2071 698 2110 re.—fluenler:
719 2072 766 2104 M.

25 2110 201 2150 ιᾔιιεηειιτης
227 2119 267 2143 Π.
273 2115 435 2154 fluertem-‚-
465 2120 608 2151 conferas
629 2122 668 2153 vi.
691 2127 764 2155 931.

35 2160 103 2192 Nec
117 2168 223 2194 tamen
245 2175 310 2196 non
325 2168 526 2200 vehementer
551 2171 702 2204 arrisisset
726 2175 765 2204 il-

812 2037 1055 2079 Integerrimam
1077 2043 1243 2076 lectionem
1269 2049 1377 2089 tragici
1400 2051 1537 2089 pruden-

809 2088 927 2120 tissime
951 2092 1108 2124 vindicant
1135 2105 1352 2129 consummata
1386 2101 1540 2134 Gronovii

809 2139 949 2172 doctrina
964 2149 995 2173 et
1009 2154 1153 2176 acumen.
1199 2147 1250 2178 Sic
1272 2149 1434 2191 Virgilius,
1461 2155 1536 2185 AEn.

34 2209 91 2242 lud
105 2215 277 2254 fluentum,
300 2217 327 2247 si
351 2219 463 2250 scirem
488 2222 595 2260 modo,
618 2224 695 2264 quid
716 2225 762 2255 fa-
808 2201 847 2221 Ν·
865 2195 934 2223 180.
1278 2273 1283 2277 .
1304 2273 1309 2277 ⁸
1382 2276 1388 2280 .

31 2262 182 2294 ciendum
207 2273 286 2297 esset
308 2268 444 2310 denique
471 2282 544 2302 cum
570 2285 630 2313 res,
653 2276 702 2306 vel
718 2288 762 2314 re,
867 2278 1146 2290 ᾖ
1161 2275 1205 2296 tot
1214 2272 1410 2305 subnguwm'

29 2323 166 2353 quoeque·
210 2317 266 2347 An
288 2318 375 2350 locus
399 2322 440 2352 sit
461 2323 655 2363 depravatus,
677 2328 763 2358 haud
850 2336 925 2368 Ver.
940 2342 1012 2369 251.
1035 2343 1176 2373 manibus
1190 2350 1336 2376 tractata.
1362 2348 1533 2386 Arnobius,

31 2368 149 2395 temere
170 2366 353 2407 dijudicem:
381 2372 430 2402 Sin
457 2380 574 2412 autem,
599 2377 688 2407 1¹0b58
711 2388 758 2407 53-
803 2386 854 2416 lib.
870 2388 902 2418 ii.
921 2399 948 2427 p.
965 2393 1016 2420 47.
1041 2394 1062 2409 “
1081 2392 1166 2428 Quid
1184 2394 1365 2436 illa,—quae
1381 2397 1536 2435 lectitatis,

28 2415 188 2454 gadorem
214 2421 447 2453 emendatOfem
469 2427 612 2463 POSWlat-
659 2430 759 2459 Caete·
803 2439 826 2455 “
842 2440 966 2470 oculata
981 2441 1100 2473 vidistis
1114 2445 1316 2486 inspectione,
1333 2455 1375 2487 et,
1392 2453 1532 2482 manibus

28 2474 112 2502 rum,
139 2467 178 2498 O.
194 2474 226 2498 et
242 2474 276 2500 Δ.
299 2471 473 2505 delicatulis
495 2477 623 2508 auribus
640 2480 758 2519 gratifi-
802 2495 826 2510 ιι
841 2499 988 2531 tractata,
1011 2495 1196 2527 tenuistis?”
1246 2499 1296 2528 Ac
1327 2510 1449 2539 semper
1480 2512 1532 2532 me

27 2524 134 2549 cantes
149 2520 276 2559 seilicet,
299 2523 399 2555 alium
422 2527 567 2559 ordinem
593 2533 758 2564 verborum
801 2543 895 2573 habui
911 2545 1193 2586 persuasissimum,
1212 2559 1278 2579 non
1294 2550 1383 2580 aliter
1392 2551 1530 2592 Virgilio

27 2570 187 2603 exhibent:

801 2594 951 2634 scriptum
967 2596 1125 2636 primitus,
1148 2600 1188 2629 ad
1211 2611 1278 2641 geo.
1302 2601 1334 2632 ii.
1360 2606 1433 2634 249.
1455 2614 1530 2635 nam

56 2653 179 2679 omnibus
189 2663 267 2689 usque
277 2658 338 2683 adeo
349 2660 382 2684 ab
392 2662 470 2687 rebus
481 2670 522 2688 res
532 2670 663 2696 quaeque:
801 2646 970 2685 proprietas
985 2647 1110 2678 lecu-oni
1125 2657 1255 2690 receptae
1271 2662 1336 2682 non
1351 2653 1443 2684 ihesu

206 2727 213 2734 .
240 2729 248 2735 .
435 2733 443 2739 .
917 2719 991 2744 haud
1003 2727 1145 2753 umquam,
1157 2724 1274 2748 manibus
1285 2728 1405 2756 tractata,
1413 2727 1526 2753 fatiscit.

25 2722 80 2754 Sed
93 2725 152 2756 hoc
168 2737 302 2760 minime
317 2731 542 2765 Lucretianum
558 2742 612 2767 est.

66 2773 147 2806 Ibid.
171 2781 324 2819 fluenter.
372 2784 535 2823 Apuleius,
569 2794 642 2819 met.
669 2789 701 2820 ii.
723 2800 752 2830 p.
798 2792 917 2832 Vulgo,
927 2793 1052 2832 jactata
1060 2809 1071 2830 ;
1099 2795 1153 2825 sed
1176 2795 1400 2829 divinationem
1422 2811 1526 2831 meam

0 2862 1 2870 ἵ
25 2825 165 2855 129.-“
179 2831 291 2869 capillo
295 2835 434 2873 fluenter
448 2837 668 2870 undante—:”
693 2841 752 2871 Vi-
801 2844 978 2875 Columella
1013 2848 1148 2885 roborat,
1181 2858 1367 2890 quocunque
1395 2851 1526 2883 demum

0 2878 1 2890 ¹
22 2882 131 2906 rorum
145 2877 309 2914 doctorum
331 2889 494 2919 sententiae
511 2901 569 2921 nos
590 2902 655 2923 non
677 2895 750 2924 sub-
795 2896 890 2926 modo
907 2897 1067 2934 scribatur,
1089 2899 1221 2940 Virgilii
1246 2901 1351 2932 locum
1378 2909 1524 2945 tangens,

0 2945 1 2956 ¹
20 2925 194 2968 scribimus,
217 2937 437 2973 reponentium
445 2942 586 2981 fluenter
601 2943 635 2974 in
660 2945 748 2975 Cice·
794 2947 833 2977 ad
858 2947 888 2977 ii.
907 2951 936 2978 2.
954 2951 1072 2980 18.—“
1087 2960 1162 2980 nam
1185 2952 1353 2993 perexigui
1377 2964 1525 2994 conspar-

64 2984 153 3017 Vor..
170 2989 218 3020 ΙΙ.
749 3004 780 3034 R
