1912 3292
495 145 727 195 LIBER
781 144 1134 195 TERTIUS.

94 285 175 323 295
209 280 292 323 Sed
311 278 429 322 calidi
447 278 538 334 plus
558 285 619 318 est
636 277 729 327 illis,
761 276 910 333 quibus
930 278 1042 319 acria
1060 278 1206 328 corda,

208 352 493 408 Iracundaque
512 366 629 394 mens
647 351 763 393 facile
783 351 1016 393 ecfervescit
1035 353 1079 393 in
1099 353 1179 394 irz‘i:

209 428 306 477 Quo
324 441 476 484 genere
494 427 539 467 in
558 426 702 482 primis
721 427 781 468 vis
802 434 862 467 est
880 426 1059 468 violenta
1077 426 1259 476 leonum,

204 501 379 543 Pectora
398 502 493 557 quei
512 500 679 543 fremitu
699 510 900 556 rumpunt
919 501 1161 557 plerumque
1180 510 1409 559 gementes;

203 576 292 617 Nec
312 591 458 632 capere
476 577 633 618 irarum
651 576 800 618 fluctus
820 576 864 617 in
883 584 1051 632 pectore
1070 584 1254 633 possunt.

88 655 170 692 300
200 650 259 692 At
279 659 449 692 ventosa
467 651 598 708 magis
618 665 837 693 cervorum
857 649 1008 708 frigida
1027 666 1144 693 mens
1165 658 1242 702 est,

56 806 149 845 iram5
174 809 274 838 iratus
287 816 372 844 vern,
395 805 449 847 qui
459 807 528 847 jam
539 807 641 848 factis
657 807 784 838 iracun-

54 857 140 889 diam
155 863 289 888 exercet:
315 857 398 896 vide,
413 864 450 888 ut
460 858 606 889 omittam
618 859 716 889 cuivis
728 860 784 889 ob-

54 911 143 942 vium
170 911 328 943 Ciceronis
349 911 468 950 locum,
497 912 625 943 Claudii
655 912 787 943 Caesaris

55 962 175 995 dictum
189 963 224 994 in
241 963 404 1002 Suetonio,
427 969 498 995 sect.
518 968 570 996 58.

99 1015 181 1046 Ibid.
203 1014 393 1055 Legendum
407 1015 500 1045 forte:

313 1074 463 1100 effervescit
473 1075 501 1099 in
511 1074 587 1100 iram.

514 1118 741 1148 Bnunmus.

55 1175 148 1207 Idem
163 1176 252 1207 nobis
274 1177 370 1207 etiam
385 1187 418 1207 se
442 1178 477 1207 in
491 1177 636 1207 animum
658 1177 783 1207 indide-

52 1234 116 1266 ταῖς
140 1228 194 1259 sed
208 1228 318 1259 dubito
332 1239 373 1258 an
385 1228 505 1259 fructus
520 1228 639 1269 aliquid
654 1238 692 1258 ex
708 1239 781 1258 mu-

50 1279 169 1310 tatione
183 1279 415 1319 decerpendum
429 1280 478 1310 sit.
524 1280 698 1318 Arnobius,
723 1280 779 1311 lib.

48 1329 70 1360 i.
85 1340 116 1370 p.
133 1334 249 1361 ll.—“
267 1335 314 1360 est
336 1331 534 1370 exploratum
549 1337 580 1361 et
601 1331 779 1372 cognitum,

49 1385 73 1401 “
88 1382 274 1424 effervescere
283 1383 358 1414 deos
368 1382 449 1414 ἰνᾶ.”
482 1383 585 1421 Idem,
602 1383 654 1414 lib.
664 1384 696 1414 ii.
711 1384 780 1414 init.

2 1429 4 1434 ⁴
51 1438 118 1459 —-“
133 1435 184 1466 vel
196 1445 275 1476 quas
296 1436 365 1476 ejus
386 1436 552 1466 continetis
574 1436 718 1473 offensas,
744 1442 782 1466 ut

2 1490 4 1496 ’
52 1489 75 1506 “
90 1486 131 1518 ad
145 1487 213 1529 ejus
233 1487 372 1518 nominis
386 1488 581 1518 mentionem
601 1490 779 1519 rabidorum

1 1537 5 1543 ⁴
50 1543 242 1579 “pectorum
263 1539 462 1582 effervescatis
477 1542 638 1572 ardoribus
647 1541 681 1571 ?”
714 1541 780 1571 De-

48 1589 156 1631 nique,
178 1590 231 1622 lib.
247 1591 285 1622 vi.
313 1602 343 1631 p.
369 1595 510 1623 190.—“
527 1602 592 1622 non
618 1591 666 1622 ἱνᾶ
693 1591 781 1632 effer-

4 1638 6 1647 '
47 1645 72 1661 ‘⁴
86 1653 164 1681 vere,
179 1653 245 1673 non
259 1643 334 1674 ullis
348 1643 569 1683 cupiditatibus
586 1644 782 1674 excitari—.”

4 1690 6 1697 ’
49 1693 114 1724 Pro
134 1693 314 1734 conjectura
340 1694 530 1725 Bentleiami
552 1695 628 1726 facit
656 1696 781 1726 Gellius

2 1766 5 1771 -
49 1744 293 1785 aliquantulum,
306 1745 358 1776 lib.
372 1749 400 1776 l.
415 1746 468 1776 fin.
485 1746 539 1786 qui
554 1747 628 1776 huic
639 1747 696 1776 toti
712 1746 782 1776 loco

47 1795 234 1826 illustrando
248 1806 375 1836 operam
390 1797 505 1827 bonam
519 1803 625 1827 navat:
654 1800 676 1815 “
696 1797 781 1827 Mihi

4 1863 7 1877 a
49 1851 72 1867 “
88 1847 216 1888 quidem
227 1858 330 1889 neque
341 1847 434 1884 oculi,
445 1848 566 1888 opinor,
578 1854 682 1879 truces
695 1855 779 1885 sunt,

49 1901 73 1917 ‘⁵
90 1909 193 1940 neque
213 1909 249 1929 os
271 1899 444 1936 turbidum,
468 1910 572 1941 neque
597 1900 780 1930 immaniter

4 1983 7 1986 Α
48 1952 72 1968 “
86 1949 200 1987 clamo,
222 1960 325 1991 neque
351 1953 384 1981 in
407 1961 559 1990 spumam,
582 1952 778 1988 ruboremve,

48 2003 72 2019 “
84 1999 399 2042 efferwscoe—neque
424 2002 556 2033 omnino
578 2003 701 2043 trepido
722 2003 779 2040 irai,

47 2055 71 2071 “
85 2059 118 2084 et
130 2053 261 2094 gestio.n
309 2053 370 2084 Sed
387 2053 509 2085 codices
524 2055 683 2086 audiendi.

86 2104 163 2135 Ver.
175 2108 249 2136 297.
260 2106 578 2137 leonum—iracunda
587 2118 714 2138 mens—
729 2118 775 2138 re-

47 2158 126 2188 nitu
138 2162 297 2196 gementes.
323 2156 492 2198 Virgilius,
509 2159 586 2189 AEn.
601 2159 652 2189 vii.
671 2162 719 2190 15.

111 2215 180 2240 Hinc
191 2215 315 2240 exaudiri
321 2216 431 2248 gemitus
443 2216 539 2249 ireque
549 2217 648 2242 leonum
657 2226 666 2243 .·

51 2263 137 2295 unde
151 2264 298 2295 Valerius
311 2266 453 2304 Flaccus,
474 2266 518 2297 iii.
535 2270 606 2298 237.

273 2325 348 2350 audit
353 2325 478 2357 fremitus
488 2325 589 2358 irasque
598 2325 708 2352 leonum.

52 2383 204 2414 Similiter
220 2384 345 2422 Statius,
367 2386 466 2417 Theb.
481 2386 520 2417 vi.
536 2390 610 2419 599.

81 2463 144 2472 —-
152 2452 247 2483 procul
257 2452 365 2485 impasti
364 2454 502 2486 fremitum
513 2461 642 2487 accepere
650 2455 737 2481 teonis.

50 2521 120 2554 Alii
134 2523 230 2554 etiam
257 2525 336 2555 bene
360 2525 462 2557 multi.
506 2527 582 2558 Non
604 2528 778 2568 invenuste,

49 2583 153 2615 neque
177 2574 404 2615 intempestive,
433 2577 587 2617 Avianus,
611 2579 652 2611 de
676 2579 780 2618 leone,

0 2615 7 2661 l
51 2625 112 2657 fab.
127 2627 241 2658 xxxvii.
260 2630 308 2658 15.

81 2716 202 2741 Protinus
212 2717 266 2748 ille,
283 2724 396 2750 gravem
404 2718 500 2750 gemitu
511 2719 640 2745 collectus
651 2721 678 2745 in
690 2721 767 2751 iram,

112 2757 203 2789 Atque
211 2758 292 2785 ferox
302 2759 396 2790 animi,
413 2760 502 2786 nobile
513 2767 638 2787 murmur
648 2763 705 2795 agit
716 2771 722 2787 :

53 2826 74 2860 i.
88 2837 114 2859 e.
137 2831 161 2849 ‘⁸
173 2837 296 2869 pectore
310 2842 456 2865 murmur
471 2834 588 2875 rumpit
594 2836 620 2872 ;‘'
643 2835 701 2872 vel,
719 2835 778 2866 im-

828 807 950 838 mutat-2⁴2
978 807 1115 839 formulii
1142 807 1320 845 locutionis,
1352 807 1391 838 ad
1420 807 1559 839 Lucretii

829 865 959 890 conatus
982 859 1191 897 sublimiores,
1225 863 1247 878 “
1264 869 1426 889 murmure
1451 866 1567 899 pectus

831 914 853 929 ‘⁴
869 911 1026 950 rumpit:'’
1050 911 1089 941 de
1109 911 1222 952 quibus
1243 910 1396 941 sermonis
1410 910 1559 946 inversio-

829 962 923 992 nibus
937 962 1076 1001 poeticis,
1092 972 1150 993 nos
1163 962 1382 1001 ampliavimus
1399 961 1473 991 alibi
1487 961 1560 1000 plus

829 1014 938 1044 semel:
961 1013 1081 1044 videad
1096 1014 1130 1044 ii.
1147 1017 1218 1044 802.
1244 1013 1346 1044 Alteri
1361 1013 1400 1044 sit
1414 1013 1558 1053 exemplo

829 1065 996 1106 Virgilius,
1021 1066 1096 1096 AEn.
1112 1066 1152 1096 ix.
1169 1069 1241 1096 455.

1207 1145 1349 1177 tepidaque
1359 1149 1481 1170 recentem

889 1184 974 1209 Caede
983 1184 1075 1208 locum
1087 1191 1094 1208 :

825 1255 895 1286 vide
921 1255 1079 1293 Servium;
1103 1261 1145 1293 et,
1170 1265 1222 1285 me
1247 1255 1429 1295 impulsore,
1451 1254 1557 1295 potius

825 1308 866 1346 ei,
890 1318 986 1348 quam
1008 1308 1150 1348 Heynio‚
1173 1308 1339 1339 auscultes.
1385 1307 1556 1344 Pindarus,

828 1360 879 1391 Ol.
895 1361 915 1391 i.
930 1363 981 1392 50.

1110 1467 1127 1484 ει
1139 1468 1163 1483 ea
1175 1468 1211 1484 τοι
1222 1458 1308 1487 necas
1321 1467 1349 1484 τε

942 1508 993 1531 Koec
1007 1507 1123 1541 Φερενικυ
1136 1517 1214 1542 xmp&

942 1556 1001 1580 Noov
1014 1554 1066 1580 ὑπο
1078 1559 1212 1585 noxus-2-

980 1613 1038 1631 ταις
1050 1601 1118 1632 εθηκε
1130 1609 1247 1638 epora-nrm
1256 1614 1263 1629 2

826 1687 904 1724 vice,
930 1700 978 1727 vogn
993 1695 1195 1727 γλυκντατας
1213 1688 1334 1721 ὖπεέηκε
1351 1687 1508 1730 φροντιδας.

867 1740 942 1770 Ver.
969 1744 1040 1771 298.
1071 1743 1201 1771 Pectora
1225 1743 1296 1781 quei
1307 1741 1443 1782 fremitu
1469 1752 1554 1772 rum-

820 1798 911 1831 punt.
956 1791 1159 1822 Deridendus
1173 1798 1218 1822 est
1233 1792 1447 1833 iniquissimus
1458 1793 1554 1824 inter-

823 1853 902 1882 pres,
930 1843 985 1883 qui
1009 1843 1133 1874 videtur
1158 1843 1199 1874 ad
1221 1843 1344 1874 literam
1368 1844 1436 1874 haec
1461 1845 1554 1874 verba

824 1894 987 1934 accepisse,
1011 1894 1050 1925 de
1064 1894 1137 1925 νει-ὂ.
1158 1895 1274 1925 scilicet
1295 1898 1402 1926 carnei
1423 1895 1556 1935 pectoris

823 1945 970 1985 τωρωι-ἂς
993 1946 1082 1987 quasi
1096 1946 1125 1976 vi
1141 1946 1286 1976 fremitus
1301 1947 1471 1986 crepuisset
1489 1954 1552 1978 sto·

823 1998 955 2027 machus
983 2004 1077 2038 atque
1105 1997 1299 2030 dissiluisset.
1349 1999 1432 2039 Ejus
1460 2001 1555 2030 verba

823 2055 912 2080 sunt:
942 2053 965 2068 ‘⁶
981 2050 1047 2086 Qui
1061 2056 1187 2090 pectora
1201 2061 1258 2081 sua
1271 2051 1401 2081 fremitu
1415 2051 1553 2082 disrum-

821 2104 845 2119 “
859 2100 970 2140 punt.'’
1018 2101 1118 2142 Atqui
1144 2102 1323 2140 Lucretius,
1347 2103 1381 2133 in
1404 2109 1554 2144 sequente

821 2162 921 2189 versu,
943 2152 1018 2183 satis
1043 2152 1164 2193 liquido
1178 2161 1273 2184 suum
1295 2154 1497 2194 interpretem
1521 2164 1554 2184 se

822 2205 925 2244 dedit3
948 2212 980 2236 et
994 2205 1130 2236 ostendit
1143 2208 1203 2237 hoc
1219 2207 1441 2238 tantummodo
1456 2207 1553 2247 signi-

821 2256 918 2293 ficari,
949 2261 972 2276 “
988 2257 1125 2298 gemitus
1148 2258 1269 2300 utique,
1291 2259 1321 2288 vi
1351 2258 1467 2289 furoris
1495 2267 1548 2288 co-

823 2313 846 2328 “
861 2315 965 2350 gente,
987 2315 1098 2349 sponte
1113 2310 1236 2350 erumpi
1258 2310 1392 2341 subinde
1414 2309 1551 2349 pectori-

823 2364 845 2380 “
860 2362 920 2392 bus
933 2360 1075 2397 leonum,
1099 2372 1132 2392 se
1146 2372 1212 2392 non
1228 2361 1364 2401 amplius
1378 2360 1552 2391 valentium

821 2415 844 2431 ‘⁴
860 2413 1049 2443 continere.''
1083 2413 1274 2454 Simpliciter
1288 2420 1319 2444 et
1333 2413 1456 2453 proprie
1471 2413 1556 2442 hanc

822 2465 985 2495 notionem
1001 2464 1156 2505 Virgilius
1171 2464 1347 2500 declaravit,
1368 2463 1408 2495 ad
1422 2463 1499 2494 AEn.
1513 2460 1554 2493 xi.

822 2520 895 2548 576.
911 2516 1053 2558 mag-istri
1067 2517 1117 2547 sui
1133 2527 1198 2547 non
1213 2516 1342 2547 oblitus:

853 2583 965 2608 Talibus
976 2584 1077 2609 exarsit
1089 2583 1165 2609 dictis
1177 2582 1304 2608 violentia
1315 2583 1418 2607 Turni:

853 2624 906 2647 Dat
914 2623 1047 2655 gemitum,
1064 2623 1213 2655 rumpitque
1224 2622 1271 2647 has
1282 2623 1337 2647 imo
1345 2625 1442 2654 pectore
1453 2628 1540 2646 voces.

823 2681 975 2711 Rationes
989 2680 1157 2711 locutionis
1174 2686 1263 2710 acute
1275 2679 1399 2711 Servius
1409 2689 1553 2720 perspex-

822 2732 857 2770 it,
881 2732 971 2772 cujus
992 2731 1236 2762 commentarius
1250 2741 1314 2762 non
1335 2731 1443 2762 minus
1458 2731 1551 2761 attin·

822 2784 869 2825 git
888 2786 986 2815 leones
1001 2785 1217 2822 Lacr-etiams,
1239 2794 1313 2815 cum
1328 2783 1374 2814 ira
1397 2783 1454 2814 suti
1469 2783 1550 2814 frus—

823 2842 871 2867 tra
885 2835 1051 2868 luctantes:
1079 2838 1102 2856 “
1119 2835 1165 2868 Ut
1175 2836 1230 2878 qui
1244 2839 1299 2868 diu
1315 2838 1458 2871 tacuerit,
1474 2834 1553 2866 dum
