1912 3292
817 197 878 248 T.
937 196 1318 247 LUCRETII

481 329 537 371 Et
557 338 721 372 revocat
739 345 909 373 raucum
930 339 1041 373 retro
1061 330 1143 372 cita
1161 329 1338 372 barbara
1357 329 1574 380 bombum

480 403 535 446 Et
555 404 646 446 valli
668 406 821 462 cycnis,
843 420 945 447 nece
964 405 1099 454 tortis,
1121 419 1175 446 ex
1199 403 1413 446 Heliconis

365 482 449 519 550
479 478 623 528 Quom
643 480 838 537 liquidam
860 480 1007 522 tollunt
1027 479 1190 537 lugubri
1210 494 1309 521 voce
1330 478 1549 536 querelam.

336 634 413 665 Pius
428 640 532 666 autem
549 637 582 667 in
600 638 793 668 Bononiensi
809 637 949 668 dederat:

365 703 397 727 Et
409 703 501 733 reflexa
513 707 577 728 retro
589 704 651 728 dune
663 712 758 729 cornua
769 705 878 730 barbara
890 706 1036 730 bombum:

333 758 410 790 dicit
424 766 528 790 tamen
544 761 577 790 in
594 762 686 799 notis,
716 766 739 780 “
759 763 840 793 Sunt
861 763 915 803 qui
939 763 1060 804 legunt,

336 813 360 829 “
376 811 447 841 fulti
463 817 603 842 veterum
619 813 846 853 exemplarium
863 814 935 845 fide:

334 878 354 890 “
364 877 397 901 Et
408 880 517 902 revocat
528 885 641 904 raucum
653 883 724 905 retro
731 880 784 906 cita
793 880 890 906 barbita
899 882 1061 907 bombum.’‘

332 933 376 963 Et
401 934 473 965 satis
497 935 594 977 liquet
618 947 707 968 voces
731 940 842 980 reflexa
872 946 951 970 retro
981 940 1061 970 nihil

332 995 399 1016 esse
414 987 474 1017 nisi
489 987 664 1020 dictionum
693 997 771 1022 retro
794 994 855 1023 σιία
880 992 1060 1033 interpreta-

334 1046 486 1071 mentum.

377 1089 459 1120 Ibid.
481 1099 616 1124 revocat:
641 1102 820 1127 mazzanam.-
845 1096 865 1127 i.
894 1108 920 1128 e.
946 1101 968 1117 “
983 1105 1063 1130 retro

333 1143 356 1159 “
376 1141 513 1183 citroque
536 1154 591 1183 per
618 1144 750 1176 flexuras
775 1147 924 1179 volutat.'’
970 1150 1063 1182 Forte

331 1202 373 1223 an
404 1193 509 1224 locum
534 1194 759 1228 Lucretianum
787 1198 929 1230 imitatus
955 1201 1005 1237 sit,
1028 1208 1064 1233 ut

333 1252 415 1278 certe
427 1248 557 1280 feliciter
567 1251 712 1291 illustrat,
725 1253 852 1290 Seneca,
864 1254 977 1287 Troad.
989 1259 1006 1287 7
1011 1260 1060 1287 81.

395 1335 453 1359 Non
466 1335 537 1362 inter
547 1343 614 1368 aras,
634 1339 726 1363 mobili
738 1340 821 1365 velox
832 1341 912 1372 pede,

396 1376 618 1407 Rcvocaneeflexo
629 1379 749 1404 concitos
759 1388 837 1405 cornu
849 1381 942 1411 modos,

395 1414 535 1441 Barbarica
546 1417 631 1449 prisco
643 1420 745 1451 templa
755 1420 852 1445 saltatu
864 1421 945 1446 coles.

376 1484 458 1517 Ibid.
481 1495 560 1520 retro
576 1492 650 1521 cita:
678 1491 697 1521 i.
721 1502 747 1522 e.
776 1498 858 1523 retro
884 1499 965 1523 acta:
992 1504 1062 1534 quae

333 1537 452 1576 phrasis
466 1541 682 1580 geminissima
705 1549 759 1579 est,
784 1550 814 1574 et
837 1545 984 1576 Lucretio
1000 1546 1063 1576 sor-

333 1594 412 1620 tasse
427 1591 602 1631 placuisset,
622 1595 724 1625 Musis
740 1606 802 1626 non
819 1597 1019 1628 obstantibus.

379 1640 459 1672 Ibid.
475 1645 595 1676 bombis.
622 1646 663 1675 In
679 1646 851 1677 notissimis
865 1653 911 1677 est
928 1648 1063 1679 Neroni-

330 1701 411 1722 anus
426 1704 541 1734 versus,
558 1697 641 1736 apud
657 1697 812 1735 Persium,
828 1705 883 1729 sat.
897 1699 917 1730 i.
935 1704 984 1732 99.

363 1769 455 1794 Torva
467 1770 644 1797 Mimalloneis
655 1773 800 1805 implerunt
812 1781 912 1800 cornua
923 1775 1023 1801 bombix.

333 1833 530 1867 Catullianos
557 1847 663 1870 versus
687 1839 742 1870 alii
768 1840 986 1881 admoverunt,
1008 1843 1061 1874 sed

330 1887 462 1926 appositi
488 1896 572 1929 sunt,
599 1897 630 1922 et
653 1892 749 1933 digni,
774 1894 830 1934 qui
856 1905 940 1925 nunc
966 1895 1061 1926 etiam

331 1938 558 1981 adscribantur,
574 1950 662 1983 nupt.
680 1945 747 1976 Pel.
762 1951 794 1976 et
809 1946 899 1977 Thet.
917 1951 988 1979 264.

362 2035 453 2062 Multis
464 2038 607 2064 raucisonos
617 2041 750 2067 ecflabant
761 2049 862 2067 cornua
873 2043 979 2074 bombos,

361 2077 533 2110 Barbaraque
543 2080 662 2106 horribili
673 2083 801 2108 stridebat
813 2084 878 2108 tibia
890 2089 988 2109 cantu:

330 2160 385 2191 ubi
411 2162 621 2195 consulendus
643 2171 690 2196 est
716 2166 750 2197 F.
769 2167 808 2197 G.
834 2167 988 2207 Doffing,
1017 2174 1058 2204 et,

331 2224 425 2254 quern
442 2216 548 2248 laudat
558 2218 621 2256 ille,
639 2220 922 2261 I-IemsterhuisiuS,
937 2223 976 2253 ad
993 2224 1058 2255 Lu-

330 2267 409 2299 cIan.
437 2269 508 2301 dial.
535 2272 618 2304 deor.
646 2275 696 2305 xii.
718 2276 808 2316 cujus
829 2276 984 2317 integram
1001 2287 1057 2308 no-

330 2324 396 2350 tam
415 2321 566 2364 perleges,
590 2325 616 2355 si
641 2326 743 2356 virum
769 2327 861 2368 longe
887 2328 1057 2359 eruditissi-

331 2382 421 2403 mum
436 2384 623 2416 cognoscere
634 2378 710 2408 velis
721 2390 753 2409 se
766 2380 885 2411 levibus
900 2381 1056 2422 conjectu-

330 2424 373 2455 ris
398 2426 625 2460 traducentem:
661 2430 757 2470 unde,
779 2432 863 2472 quod
890 2432 922 2462 in
947 2432 1059 2473 praefa-

330 2478 416 2509 tione
444 2479 589 2520 dixerim,
622 2483 749 2524 egregie
782 2486 959 2523 roboratur;
994 2496 1060 2516 esse

330 2531 449 2562 scilicet
470 2543 488 2562 e
513 2533 618 2571 doctis,
642 2536 690 2566 vel
714 2536 794 2567 duos
815 2537 863 2567 vel
886 2538 1058 2576 neminem,

329 2583 385 2623 qui
400 2584 584 2616 Lucretium
606 2587 639 2617 in
662 2594 840 2619 transcursu
863 2590 1058 2626 tentaverint,

332 2634 435 2666 felices
450 2638 717 2671 emendationum.

375 2685 447 2717 Ver.
464 2692 536 2721 549.
553 2691 672 2721 Versus
683 2697 731 2722 est
742 2691 955 2732 discrepantiis
964 2693 1058 2732 scrip-

331 2741 410 2767 turae
436 2739 595 2780 impendio
619 2746 830 2781 conturbatus,
858 2751 890 2775 et
911 2745 943 2775 in
967 2745 1061 2786 longe

328 2787 540 2829 difficillimis;
565 2795 679 2836 quique
703 2806 754 2826 me
784 2795 839 2826 diu
868 2796 982 2827 frustra
1005 2797 1059 2827 ha-

330 2841 400 2872 buit
421 2846 631 2879 exercitatum.
676 2849 822 2881 Tandem
848 2851 925 2881 mihi
954 2851 1059 2882 videor

330 2893 415 2926 haud
442 2895 607 2929 infeliciter
632 2902 762 2933 omnino
789 2913 855 2933 rem
878 2902 1058 2942 confecisse,

1104 634 1182 665 dum
1197 645 1324 665 summo
1339 645 1431 674 opere
1449 634 1616 668 studerem,
1644 639 1681 664 ut
1701 644 1720 664 a
1735 644 1834 665 mem-

1105 688 1272 717 branarum
1299 688 1552 726 probissimarum
1579 686 1714 728 vestigiis
1737 687 1834 717 inter-

1105 738 1186 768 vallo
1201 734 1297 779 quam
1320 739 1453 769 minimo
1475 739 1680 770 abscederem.
1728 738 1835 770 Codex

1106 790 1333 821 vetustissimus
1350 791 1397 821 M.
1418 791 1462 821 ita
1476 791 1566 822 nobis
1580 797 1741 822 exaratum
1756 800 1834 830 prae-

1105 848 1165 873 stat
1180 843 1382 874 versiculum:

1198 913 1230 936 Et
1240 911 1333 936 validis
1344 918 1410 936 nece
1419 912 1497 936 tortis
1506 918 1544 937 ex
1555 912 1682 937 Eliconis:

1105 974 1198 1009 atque
1214 968 1357 998 similiter
1372 978 1497 1006 prorsus
1512 968 1609 1000 Vind.
1625 969 1666 1000 V.
1683 969 1730 1000 ed.
1746 969 1784 1000 B.
1799 967 1835 1000 L.

1107 1024 1142 1051 Δ.
1160 1026 1200 1050 Π.
1226 1023 1260 1051 Σ.
1279 1026 1323 1050 Ω.
1349 1019 1410 1048 nisi
1435 1018 1520 1060 quod
1542 1019 1579 1049 L.
1603 1018 1656 1049 det
1676 1026 1757 1058 nect,
1781 1029 1837 1060 pro

1106 1082 1178 1102 nece
1184 1087 1194 1107 ,-
1214 1074 1248 1101 Δ.
1264 1081 1321 1101 nec
1335 1081 1350 1101 e
1366 1071 1452 1101 tortis
1461 1085 1472 1106 ,·
1489 1075 1523 1102 Σ.
1539 1080 1610 1101 nece
1625 1072 1746 1107 torccis,-
1766 1080 1836 1111 quae

1107 1123 1267 1153 varietates
1282 1132 1339 1163 pro
1353 1121 1452 1152 nihilo
1466 1127 1540 1152 sunt
1554 1121 1754 1153 aestimandae.
1796 1121 1838 1153 In

1109 1182 1153 1206 Ω.
1176 1185 1290 1205 manus
1316 1174 1468 1205 recentior
1492 1184 1587 1214 supra
1610 1173 1731 1214 scripsit
1756 1174 1837 1205 bovi-

1105 1229 1159 1259 bus
1175 1228 1255 1258 inter
1276 1229 1389 1259 validis
1414 1232 1446 1257 et
1471 1237 1556 1263 παῦε,-
1580 1226 1671 1267 quasi
1692 1226 1732 1257 de
1759 1225 1838 1256 vivis

1107 1280 1308 1318 animalibus,
1332 1289 1403 1320 quae
1419 1277 1597 1309 Bassai-ides
1618 1279 1775 1309 bacchatae
1789 1277 1837 1309 di-

1105 1333 1285 1369 lacerarent,
1311 1332 1398 1373 loqui
1422 1332 1609 1363 Lucretium
1631 1330 1833 1372 intelligeret:

1106 1384 1170 1421 sed,
1192 1384 1311 1423 opinor,
1335 1390 1459 1414 temere.
1510 1382 1657 1421 Numeri,
1678 1382 1734 1423 qui
1745 1382 1838 1422 plane

1106 1435 1256 1466 deficiunt
1277 1435 1310 1464 in
1333 1434 1461 1474 optimis
1482 1433 1629 1464 omnium
1651 1433 1837 1473 exemplari-

1106 1487 1177 1524 bus,
1198 1485 1396 1525 complentur
1411 1485 1445 1515 in
1462 1484 1502 1519 Ο.
1517 1483 1635 1522 codice,
1651 1485 1710 1515 hoc
1725 1490 1833 1524 pacto:

1154 1555 1186 1579 Et
1198 1553 1285 1579 validi
1295 1556 1404 1586 surgunt
1416 1559 1481 1578 nece
1492 1551 1570 1578 tortis
1580 1558 1618 1577 ex
1629 1551 1773 1577 Heliconis.

1108 1611 1189 1642 Pius
1202 1610 1300 1641 edidit
1314 1610 1354 1640 ad
1369 1611 1454 1641 hunc
1469 1619 1604 1640 morem:

1136 1676 1254 1702 Vallibus
1263 1680 1291 1702 et
1302 1677 1383 1709 cygni
1394 1683 1460 1702 nece
1470 1676 1572 1702 detorti
1581 1683 1619 1702 ex
1632 1675 1781 1701 Heliconis:

1108 1733 1164 1764 sed
1178 1743 1216 1764 ex
1231 1733 1463 1764 commentariis
1472 1733 1540 1773 ejus
1554 1732 1718 1771 discimus,
1733 1733 1767 1763 in
1782 1742 1833 1764 co-

1106 1785 1227 1816 dicibus
1242 1783 1415 1815 emendatis
1425 1783 1576 1824 scriptum
1592 1784 1648 1814 sic:

1168 1861 1284 1887 vallibus
1295 1865 1323 1887 et
1335 1861 1415 1893 cycni
1425 1861 1527 1887 detorti
1537 1867 1575 1886 ex
1587 1860 1732 1887 Heliconis.

1107 1931 1199 1962 Certe
1214 1941 1322 1962 vocem
1337 1933 1442 1971 cycnis
1457 1929 1637 1968 desiderari,
1661 1934 1693 1960 et
1719 1939 1758 1959 ex
1780 1938 1834 1960 ru-

1103 1982 1230 2013 deribus
1240 1982 1486 2022 corruptelarum
1495 1981 1666 2012 eruendam
1675 1991 1749 2016 esse,
1766 1991 1834 2011 ver-

1103 2047 1167 2074 sus,
1189 2036 1243 2076 qui
1266 2036 1416 2076 sequitur,
1439 2036 1489 2065 vix
1518 2034 1652 2065 dubium
1674 2033 1833 2074 relinquit,

1104 2093 1135 2117 et
1149 2087 1246 2127 ipsius
1263 2087 1337 2117 Cari
1351 2096 1436 2116 mos:
1467 2084 1537 2116 vide
1551 2084 1593 2115 sis
1610 2084 1642 2115 ii.
1658 2087 1730 2116 504.
1746 2084 1787 2114 iii.
1805 2087 1832 2115 7.

1103 2139 1142 2169 iv.
1163 2142 1231 2169 182.
1249 2142 1319 2170 908.
1366 2137 1460 2168 Unde
1475 2136 1553 2167 solet
1574 2135 1723 2176 evulgari,
1748 2140 1780 2165 et
1800 2134 1834 2164 in

1103 2190 1274 2231 pervagatis
1283 2189 1473 2220 editionibus
1485 2193 1639 2223 exaratur,
1653 2187 1712 2217 hoc
1721 2186 1830 2217 modo:

1134 2266 1249 2291 Vallibus
1259 2269 1286 2292 et
1299 2266 1378 2298 cycni
1389 2265 1482 2297 gelidis
1493 2265 1545 2290 orti
1556 2272 1593 2291 ex
1605 2263 1754 2290 Heliconis:

1101 2335 1191 2375 cujus
1213 2333 1357 2364 versiculi
1382 2339 1413 2363 et
1440 2332 1593 2364 Latinitas
1615 2331 1754 2363 scabiosa
1778 2336 1833 2368 est,

1102 2393 1194 2427 atque
1220 2396 1328 2426 expers
1357 2384 1536 2426 elegantiae;
1560 2383 1685 2415 numeri
1709 2383 1833 2414 confra-

1102 2438 1181 2479 gosi,
1204 2443 1235 2467 et
1250 2437 1399 2467 lectiones
1414 2436 1585 2477 prototypis
1600 2435 1666 2466 suis
1676 2436 1833 2466 membra-

1104 2499 1217 2519 narum
1234 2489 1371 2518 nimium
1382 2487 1518 2518 nimium
1530 2487 1749 2526 discrepantes.
1767 2485 1836 2516 Nos

1103 2542 1181 2573 nihil
1198 2543 1381 2573 novavimus
1403 2542 1486 2573 ultra
1506 2541 1694 2574 vocabulum
1709 2542 1831 2578 validis,

1103 2594 1226 2625 literula
1241 2594 1306 2624 una
1332 2601 1425 2635 atque
1447 2593 1558 2632 alterii,
1579 2604 1656 2635 quas
1669 2598 1702 2623 et
1714 2591 1830 2631 pedum

1103 2646 1252 2687 legitima:
1266 2646 1402 2676 rationes
1411 2651 1585 2686 poscerent,
1597 2651 1629 2676 et
1639 2643 1831 2674 constructio

1103 2696 1300 2735 desideraret,
1323 2697 1448 2728 additis:
1475 2707 1531 2727 nec
1546 2695 1684 2736 profecto
1699 2695 1832 2736 castiga-

1103 2748 1222 2779 tionem
1248 2759 1302 2788 per
1325 2748 1528 2783 licentiosam,
1555 2747 1580 2777 si
1605 2745 1831 2785 compendium

1105 2799 1278 2839 scriptionis
1293 2800 1421 2840 cogites,
1445 2805 1475 2829 et
1490 2798 1687 2829 librariorum
1705 2796 1745 2828 ad
1762 2807 1830 2828 ver-

1101 2852 1177 2881 bum
1193 2852 1296 2891 cycnis
1311 2849 1556 2890 depravandum,
1572 2855 1607 2880 ut
1621 2859 1659 2880 ex
1675 2848 1829 2889 composi-

1103 2903 1142 2934 tis
1157 2903 1232 2935 locis
1247 2903 1374 2942 patebit,
1390 2903 1637 2944 propensionem.
1662 2902 1695 2933 Si
1707 2901 1831 2933 criticus
