1912 3292
453 249 688 300 LIBER
737 247 1093 296 TERTIUS.
1462 254 1519 295 15

236 386 443 441 Denique,
464 382 667 432 avarities,
689 388 730 422 et
748 379 957 421 honorum
978 394 1087 421 eaeca
1105 379 1272 435 cupido,

95 470 150 506 60
182 464 288 512 Quae
308 460 476 501 miseros
495 457 684 498 homines
702 463 857 513 cogunt
876 455 1184 497 transscendere
1204 453 1322 495 fineis

183 536 315 585 Juris;
348 541 390 576 et
408 532 633 583 interdum,
655 531 786 573 socios
805 531 1002 572 scelerum
1023 538 1144 586 atque
1163 529 1386 580 ministros,

181 609 350 653 Noeteis
370 616 492 664 atque
510 607 596 648 dies
616 607 693 648 niti
712 613 933 662 praestante
951 605 1091 646 labore
1110 664 1113 671 Ι

179 684 251 726 Ad
272 698 449 725 summas
470 696 679 739 emergere
698 696 810 737 opes:
841 681 932 722 haec
952 681 1119 722 volnera
1136 680 1233 721 vitae

178 759 279 800 Non
299 759 528 799 minumam
547 765 707 812 partem
727 757 871 798 mortis
891 756 1110 798 formidine
1130 754 1308 796 aluntur.

95 838 149 875 65
180 833 336 889 Turpis
356 833 466 874 enim
483 831 612 874 ferme
631 839 906 887 contemptus,
929 840 969 872 et
988 831 1093 872 aeris
1112 837 1283 887 egestas,

40 995 61 1009 ‘⁶
75 999 171 1031 quam
191 999 258 1020 esse
287 989 320 1018 in
342 987 464 1019 mundo
488 986 666 1018 Christiana
686 997 764 1028 gens

39 1047 61 1061 “
76 1042 177 1081 coepit,
201 1047 353 1071 terrarum
375 1041 482 1070 orbem
497 1039 631 1078 periisse,
659 1039 766 1069 multi-

38 1099 61 1113 ·‘
76 1093 229 1123 formibus
242 1093 333 1123 malis
346 1090 487 1132 affectum
503 1100 569 1120 esse
583 1100 684 1130 genus
705 1090 766 1120 hu-

39 1150 63 1166 “
76 1144 240 1175 manum.”
285 1144 329 1174 Et
358 1143 401 1173 sic
430 1142 506 1172 alibi
536 1142 636 1172 Carus
664 1147 769 1172 noster

40 1196 169 1228 adsolet.

87 1246 161 1277 Ver.
176 1248 227 1278 51.
249 1252 368 1277 tamen:
393 1244 414 1275 i.
430 1254 455 1275 e.
479 1249 499 1262 “
514 1243 655 1285 quamvis
676 1243 771 1284 glori-

45 1303 66 1317 “
81 1303 183 1333 entur,
214 1307 246 1327 se
275 1297 354 1326 nihil
375 1306 484 1326 curare
505 1294 678 1326 mortem:''
709 1294 769 1333 vel,

45 1354 66 1368 ‘⁶
80 1349 222 1390 quamvis
243 1350 284 1378 ob
307 1349 364 1378 has
386 1347 525 1378 miserias
546 1347 669 1377 minore
683 1346 770 1377 cultu

43 1406 64 1420 ⁸⁶
80 1406 170 1431 erant
198 1400 331 1430 numina
351 1399 415 1429 illis
437 1399 684 1430 deveneranda.’'
728 1400 772 1430 Et

43 1463 98 1494 per
111 1455 258 1484 aerumnis
273 1452 395 1482 videtur
408 1452 498 1489 velle,
513 1462 565 1482 eas
573 1451 672 1482 animi
681 1452 770 1493 aeg'ri-

42 1505 180 1544 tudines,
203 1516 274 1547 quae
295 1504 512 1545 superstitiosis
531 1505 701 1536 terroribus
715 1515 770 1546 ge-

42 1562 201 1588 nerantur.

86 1609 162 1639 Ver.
192 1610 242 1639 52.
266 1609 329 1639 Et:
363 1614 407 1638 Ω.
438 1609 602 1643 Quas.-et
630 1609 770 1639 manibus

44 1661 140 1692 divis:
167 1659 302 1696 Nonius,
329 1659 368 1692 iv.
393 1663 464 1692 291.
485 1666 514 1691 et
537 1661 658 1700 ignibus
686 1662 767 1695 clivi,-

47 1711 144 1743 Vind.
164 1712 205 1743 V.
218 1711 265 1742 ed.
282 1713 319 1742 Β.
337 1712 376 1742 Ο.
395 1718 430 1743 Δ.
457 1713 657 1752 manibusque
679 1714 774 1743 divis-

46 1775 121 1805 que,·
146 1763 287 1794 similiter
301 1774 374 1794 cum
396 1771 436 1802 et,
466 1771 506 1795 Π.
524 1768 560 1796 Σ.
581 1770 610 1795 et
632 1765 718 1794 abest
740 1764 776 1794 L.

47 1815 197 1855 -Fungi
211 1815 328 1846 scilicet
340 1815 460 1845 librarii
474 1814 555 1844 nihil
577 1814 615 1845 de
636 1816 778 1845 manibus

48 1865 213 1902 callebant,
243 1865 326 1895 ultra
356 1865 436 1903 illas,
477 1866 591 1906 quibus
626 1866 779 1904 corporeis

49 1916 193 1946 homines
207 1916 337 1946 utimur.
383 1915 470 1951 Quid
485 1916 603 1945 mirum
612 1915 708 1956 igitur
722 1922 778 1954 tot,

51 1978 146 1999 omne
161 1977 272 2008 genus,
287 1974 463 1998 venustates
478 1967 532 1998 tali
544 1977 654 2008 pecore
665 1968 778 2008 passim

52 2019 230 2059 corrumpi?

96 2070 178 2101 Ibid.
201 2072 246 2101 Et
269 2072 378 2110 nigras
405 2076 540 2100 mactant
549 2072 782 2110 pecudes—In-

43 2120 156 2164 ferias.
211 2120 377 2161 Virgilius,
401 2131 468 2162 geo.
496 2121 533 2151 iv.
555 2124 627 2152 545.
648 2122 711 2152 huc
733 2132 780 2152 re-

54 2173 168 2214 spexit:

84 2250 194 2282 InJen'as
204 2250 304 2282 Orphei
315 2250 429 2277 Lethaea
440 2258 575 2283 papavera
584 2251 710 2283 mines,—

83 2293 118 2316 Ee
127 2291 228 2324 nigram
238 2292 358 2318 mactabis
368 2300 455 2317 ovem.

55 2356 141 2388 Vide
158 2357 311 2396 Servium,
332 2357 406 2389 ibid.
420 2358 452 2389 ii.
467 2362 540 2390 380.
563 2359 618 2390 sed
631 2360 699 2390 haec
713 2369 780 2390 om·

57 2407 113 2438 nia
133 2407 206 2438 trita
220 2414 294 2440 sunt
317 2414 410 2450 atque
431 2410 627 2450 permlgata:
652 2411 785 2453 ideoque

60 2458 214 2490 desinam.

102 2509 178 2540 Ver.
208 2512 259 2542 54.
282 2513 465 2544 advertunt.-
492 2512 532 2544 Ο.
554 2519 713 2551 αυεντανιις
746 2518 783 2546 Δ.

61 2562 231 2593 advertant.

106 2613 184 2644 Ver.
209 2615 260 2645 55.
282 2615 449 2646 lzominem:
475 2615 519 2646 sic
541 2615 599 2647 soli
623 2617 660 2648 L.
684 2617 731 2649 M.
747 2618 788 2654 Q.

61 2663 188 2705 reliqui,
210 2666 353 2697 homines.
398 2665 521 2706 Nempe
549 2667 680 2699 adhaesit
707 2680 722 2700 s
750 2679 788 2699 ex

61 2716 214 2748 vocabulo
228 2724 376 2759 sequente
390 2719 548 2759 scripturae
568 2721 712 2752 breviatae
734 2725 788 2754 Ιιο-

63 2773 163 2802 minE:
188 2777 220 2802 et
238 2773 433 2804 verissimam
447 2785 513 2805 esse
527 2776 607 2807 hanc
623 2777 790 2808 lectionem

63 2821 196 2853 varietas
209 2833 272 2855 ver.
289 2827 341 2856 56.
364 2834 460 2867 quam
484 2826 660 2858 avidissime
679 2829 789 2868 arripi·

67 2881 150 2912 mus,
165 2873 221 2905 tibi
235 2884 274 2906 ex
289 2876 461 2909 abundanti
475 2877 721 2912 luculentissime
735 2879 790 2911 de-

69 2926 261 2957 monstrabit.

849 987 925 1017 Ver.
942 989 994 1017 56.
1016 988 1108 1027 quid:
1133 986 1178 1015 ita
1190 985 1242 1016 Pii
1256 984 1377 1016 codices
1393 986 1533 1028 quidam,

810 1049 884 1069 cum
907 1039 949 1068 V.
964 1038 1012 1069 ed.
1028 1044 1059 1068 et
1076 1044 1119 1068 Ω.
1142 1037 1196 1067 sed
1211 1037 1321 1078 reliqui
1336 1048 1456 1078 omneS,
1479 1042 1534 1079 qui

810 1093 862 1128 sit,
879 1096 990 1130 praeter
1013 1090 1050 1121 P.
1072 1090 1105 1119 in
1127 1100 1190 1130 quo
1212 1095 1258 1119 est
1279 1092 1334 1130 qui
1358 1093 1428 1121 sint.
1474 1091 1536 1121 Sed

811 1140 883 1172 utra
911 1141 985 1171 libet
1013 1140 1105 1171 lectio
1135 1146 1240 1170 nostra
1267 1140 1362 1181 longe
1382 1141 1537 1182 longeque

813 1193 933 1224 doctior
951 1199 997 1223 est
1019 1199 1050 1222 et
1071 1192 1262 1232 exquisitior:
1290 1192 1328 1222 de
1350 1194 1408 1223 hac
1431 1201 1537 1223 autem

813 1245 954 1285 elegante
969 1244 1105 1274 formula
1128 1244 1264 1274 ubertim
1287 1250 1379 1284 atque
1405 1255 1443 1275 ex
1465 1256 1535 1284 pro-

813 1296 894 1326 fesso
909 1295 1032 1326 dudum
1047 1301 1168 1325 nosmet
1183 1295 1304 1335 egimus
1319 1296 1352 1325 in
1369 1296 1443 1326 Silv.
1461 1296 1537 1327 Crit.

813 1347 845 1379 ii.
861 1359 890 1387 p.
908 1351 957 1378 22.
972 1348 1010 1377 ἰν.
1026 1358 1055 1387 p.
1073 1350 1122 1378 19.
1141 1358 1170 1378 v,
1189 1351 1238 1378 21.

856 1401 932 1431 Ver.
949 1402 999 1432 57.
1022 1411 1118 1431 verae:
1144 1401 1185 1431 V.
1201 1400 1249 1431 ed.
1266 1407 1307 1431 Π.
1322 1412 1395 1432 vere.

858 1451 939 1482 Ibid.
953 1463 1030 1483 verae
1045 1463 1135 1483 voces.
1165 1452 1331 1493 Virgilius,
1348 1453 1423 1482 t'En.
1439 1452 1458 1482 i.
1469 1456 1540 1484 409.

1041 1529 1122 1546 veras
1133 1521 1234 1551 audire,
1242 1525 1269 1547 et
1281 1522 1403 1552 reddere,
1413 1529 1500 1546 voces.

859 1580 941 1611 Ibid.
962 1592 1043 1612 voces
1053 1586 1173 1621 pectore
1187 1582 1225 1611 ab
1241 1582 1311 1611 imo.
1347 1580 1451 1618 Idem,
1467 1580 1542 1611 ibid-

814 1634 887 1664 571.

865 1691 1028 1722 Subspirans,
1041 1690 1144 1722 imoque
1154 1690 1262 1716 trahens
1271 1698 1288 1715 a
1297 1694 1392 1723 pectore
1403 1698 1504 1716 vocem.

864 1749 936 1779 Ver.
953 1752 1002 1779 58.
1018 1755 1045 1779 et
1057 1750 1142 1779 abest
1155 1750 1350 1780 ils—manet
1362 1761 1426 1780 res:
1448 1749 1543 1780 vind.

822 1800 862 1830 V.
879 1800 926 1830 ed.
950 1801 987 1830 L.
1016 1801 1062 1830 M.
1088 1801 1126 1835 Q.
1153 1806 1186 1831 Δ.
1213 1806 1248 1831 Σ.
1273 1812 1415 1837 πωπω-ες
1441 1802 1476 1831 Β.
1503 1808 1544 1832 Π.

821 1862 943 1881 manere
951 1867 961 1888 ;
979 1851 1087 1889 procul
1103 1851 1198 1881 dubio
1212 1852 1416 1882 vitiosissime.

868 1903 947 1933 Ibid.
972 1904 1155 1934 Eliciuntur
1176 1915 1267 1935 voces.
1312 1904 1410 1943 Naso,
1434 1904 1502 1935 fast.
1527 1904 1546 1934 i.

824 1956 894 1985 256.

947 2014 1019 2038 Voce
1030 2014 1090 2039 mea
1102 2021 1180 2039 voces
1190 2014 1299 2039 eliciente
1310 2014 1370 2039 deo.

826 2061 894 2092 Nee
909 2072 973 2091 non
988 2062 1132 2093 similiter
1147 2073 1184 2093 ex
1201 2064 1290 2094 Pont.
1306 2063 1337 2094 ii.
1354 2066 1382 2094 5.
1399 2067 1449 2094 46.

868 2130 911 2154 Te
922 2129 1030 2154 dicente
1039 2130 1122 2161 prius,
1133 2129 1164 2154 fit
1175 2130 1295 2162 protinus
1306 2131 1423 2163 impetus
1432 2131 1485 2161 illi;

902 2171 1000 2201 Teque
1011 2170 1102 2201 habet,
1112 2171 1196 2196 elicias
1207 2172 1253 2203 qui
1262 2179 1309 2196 sua
1320 2172 1403 2196 verba
1412 2172 1476 2196 tuis.

825 2226 935 2257 Primo
950 2227 1067 2258 intuitu
1083 2228 1183 2269 quivis
1204 2228 1302 2270 judex
1316 2231 1430 2260 harum
1445 2228 1548 2260 litera-

824 2287 896 2307 rum
918 2277 1030 2309 lautior
1055 2279 1216 2321 intelligat,
1241 2291 1306 2311 non
1334 2282 1464 2321 probam
1486 2290 1552 2310 esse

824 2330 1055 2369 tantummodo,
1071 2331 1123 2363 secl
1139 2332 1315 2372 elegantem
1329 2332 1423 2362 etiam
1439 2332 1472 2361 in
1488 2331 1552 2370 pri-

826 2381 898 2420 mis,
927 2381 1129 2414 locutionem.
1186 2385 1308 2415 Elicere
1343 2383 1413 2414 laxe
1441 2387 1555 2422 potest,

829 2437 851 2453 ‘⁶
867 2434 943 2475 quid
957 2435 1166 2474 reconditum,
1190 2442 1222 2467 et
1245 2436 1330 2478 quod
1351 2446 1415 2466 non
1437 2440 1554 2464 temere

829 2488 852 2504 “
867 2487 1014 2528 attingas,
1038 2498 1093 2528 per
1116 2488 1272 2519 solertiam
1298 2487 1458 2529 quandam
1483 2495 1553 2525 pro-

830 2540 853 2557 “
868 2539 990 2569 trahere
1004 2539 1038 2570 in
1053 2539 1187 2571 lucem.”
1231 2539 1351 2576 Livius,
1368 2537 1407 2568 xl.
1422 2540 1473 2568 25.
1486 2540 1556 2566 1.-

831 2591 855 2609 “
870 2588 932 2619 fide
947 2590 1029 2628 data,
1043 2603 1160 2623 arcana
1177 2591 1244 2631 ejus
1257 2589 1394 2621 clz'cuz't.”
1419 2589 1458 2625 Q.
1473 2587 1553 2618 Cur-

832 2641 908 2680 tius,
934 2642 973 2673 iv.
999 2647 1028 2674 6.
1055 2640 1085 2674 5.
1112 2646 1135 2662 “
1152 2644 1227 2673 Non
1249 2648 1357 2680 metus,
1386 2650 1451 2671 non
1473 2650 1553 2679 spes,

832 2695 856 2710 “
870 2694 955 2724 elicit
978 2704 1087 2732 vocem,
1116 2693 1179 2734 qua
1201 2695 1378 2734 prodantur
1405 2691 1553 2725 occzclca.'’

833 2745 996 2781 Horatius,
1012 2752 1066 2776 sat.
1081 2745 1100 2776 i.
1117 2749 1145 2776 8.
1161 2749 1213 2778 29.

997 2826 1084 2851 Cruor
1095 2826 1122 2850 in
1133 2826 1230 2851 fossam
1243 2826 1380 2858 confusus,
1391 2830 1421 2852 ut
1432 2826 1494 2852 inde

864 2866 956 2890 Manes
966 2865 1080 2891 elicerent
1089 2865 1199 2898 animas,
1210 2873 1334 2900 responsa
1344 2868 1462 2892 daturas.

837 2931 889 2964 Ita
916 2932 1003 2967 locus
1031 2939 1077 2967 est
1114 2935 1392 2977 interpungendus
1451 2934 1559 2965 Manes
