1912 3292
486 265 720 314 LIBER
754 263 1136 322 QUARTUS.

1469 270 1532 309 40
1539 270 1558 308 1

216 391 288 445 Et,
320 394 352 435 si
371 393 475 434 bello
495 394 634 434 animo
655 401 715 434 est
734 402 774 434 et
793 406 879 433 non
900 393 1042 433 odiosa
1061 393 1250 443 vicissim,

218 465 539 509 Praetermitteie
557 466 748 506 humanis
769 465 993 505 concedere
1013 466 1146 507 rebus.

78 541 184 581 1185

274 541 364 582 Nec
384 538 531 580 mulier
551 552 710 593 semper
730 537 828 578 ficto
848 537 1051 592 subspirat
1071 552 1228 587 amore3

222 614 330 663 Quae
352 612 552 668 conplexa
571 612 647 652 viri
669 626 816 666 corpus
837 625 932 651 cum
952 625 1125 665 corpore
1138 610 1294 666 jungit,

218 687 274 728 Et
293 694 405 728 tenet
425 686 601 727 adsuctis
621 685 862 727 humectans
882 684 1019 726 oscula
1037 684 1172 724 labris.

218 761 329 802 Nam
349 760 444 802 facit
465 775 517 801 ex
538 760 676 801 animo
697 774 822 814 saepe3
856 766 911 809 et,
941 758 1162 799 conmunia
1182 772 1369 814 quaerens

74 920 100 936 “
115 915 319 946 reverentiam
334 915 523 945 minuunt:‘’
546 926 620 946 nam
642 917 723 947 risus
745 927 800 956 op-

74 968 150 998 time
163 969 336 998 reverentia:
351 967 535 1006 opponitur3
555 979 666 1008 quum,
681 968 735 1009 qui
747 968 800 999 de-

74 1018 198 1049 ridendi
223 1023 307 1055 sunt,
330 1027 493 1058 nunquam
518 1028 727 1050 revereamur:
765 1030 800 1050 ac

74 1069 219 1099 vicissim.
264 1068 329 1098 His
350 1069 394 1098 ita
408 1069 564 1108 expositis,
591 1075 622 1099 et
637 1081 706 1111 quae
721 1081 799 1110 prae-

75 1120 223 1152 cesserint
245 1120 278 1150 in
306 1120 462 1156 Lucretio,
493 1122 589 1160 probe
612 1123 803 1153 conveniunt

76 1170 239 1202 Aristoteli
270 1169 404 1207 definita,
437 1171 471 1200 in
500 1172 638 1210 po'e'ticis,
669 1179 740 1204 sect.
772 1176 800 1205 5.

76 1229 115 1254 To
131 1237 188 1265 γαρ
201 1230 311 1262 ’γελοιον
330 1235 403 1254 εστιν
427 1224 590 1265 ἇμαρτημα
614 1238 641 1255 τι
664 1238 714 1255 και
737 1237 799 1255 αισ-

74 1289 131 1316 χος
155 1274 296 1312 ανωδυνον,
320 1289 370 1305 και
395 1287 412 1305 8
434 1277 599 1317 φθαρτικον.
645 1276 801 1306 Admissis

74 1327 173 1368 igitur
194 1326 378 1357 lectionibus
400 1326 440 1357 de
461 1327 648 1358 testimoniis
666 1328 799 1367 optimo-

76 1390 149 1410 rum
161 1380 394 1419 exemplarium,
407 1380 549 1420 libenter,
567 1387 597 1412 et
611 1381 802 1412 confidenter

77 1431 184 1468 etiam,
207 1431 448 1471 acquiescimus3
475 1438 567 1472 atque
594 1432 634 1462 ad
654 1433 803 1462 immuta-

76 1483 177 1512 tiones
202 1482 377 1512 arbitrarias
399 1483 488 1513 nullo
514 1483 610 1514 modo
635 1483 802 1514 decurren-

76 1533 156 1564 dum
171 1544 236 1564 esse
249 1533 283 1563 in
305 1533 450 1573 praesenti
465 1543 498 1563 re
520 1544 669 1573 perpense
684 1534 802 1574 dijudi-

76 1596 192 1616 camus.

120 1646 195 1676 Ver.
214 1649 305 1676 1185.
328 1647 448 1676 odiosa.-
477 1645 627 1685 quoniam
648 1656 684 1676 ea
705 1646 804 1685 turpi-

79 1696 159 1733 cula,
187 1707 256 1737 quae
277 1696 442 1727 Lucretius
467 1696 560 1726 modo
586 1698 805 1733 subnotaverit,

79 1749 158 1779 dum
173 1749 253 1779 risus
274 1755 412 1787 movent,
436 1748 476 1778 ad
491 1748 600 1778 odium
615 1748 710 1778 etiam
724 1749 806 1787 pari-

79 1801 198 1831 endum
214 1807 288 1831 sunt
304 1801 399 1830 nimis
421 1806 606 1839 comparata.
650 1798 740 1830 Hinc
754 1810 810 1830 au-

79 1858 144 1882 tem
166 1858 272 1882 nostra
286 1852 346 1882 loci
371 1851 583 1891 interpretatio
605 1851 739 1882 multam
760 1851 808 1881 lu-

82 1913 162 1941 cem,
178 1909 209 1933 et
224 1903 434 1939 stabilitatem,
454 1909 624 1933 mutuatur.

121 1963 197 1994 Ver.
216 1967 307 1994 1184.
331 1963 587 1995 Praecermitte're:
615 1964 650 1994 P.
672 1966 806 1994 Praeter—

79 2017 207 2052 mz'ltite;
233 2015 272 2046 O.
304 2017 570 2051 Praetermieteret;
605 2021 645 2045 11.
674 2017 807 2045 Proeter-

80 2069 182 2098 mitto.-
208 2067 322 2107 reliqui
346 2077 455 2097 omnes
482 2066 515 2096 id
538 2067 696 2104 exhibent,
726 2066 809 2106 quod

82 2129 140 2149 nos
163 2118 332 2157 edidimus;
361 2119 487 2160 egregio
512 2129 605 2149 sensu
631 2125 662 2148 et
686 2129 810 2159 prorsus

81 2170 262 2202 manifesto:
291 2174 313 2189 “
330 2171 374 2201 Et
388 2170 468 2201 nihil
485 2177 517 2201 te
529 2171 712 2210 persuadeat
722 2181 811 2211 aequo

82 2226 106 2242 “
121 2223 228 2252 animo
245 2232 280 2253 ac
295 2222 433 2263 benigno
444 2222 518 2252 vitia
533 2223 642 2252 amicae
657 2228 720 2252 tuae
735 2232 809 2251 con-

81 2277 105 2293 “
123 2273 282 2313 templari:
322 2273 523 2314 quantumvis
551 2273 650 2303 animi
687 2273 811 2303 dotibus

83 2328 106 2343 “
122 2324 161 2354 sit
176 2323 418 2364 elegantioribus
433 2324 594 2362 instructa,
613 2325 812 2364 quantumvis

83 2376 162 2406 “iis
187 2375 343 2411 omnibus,
371 2385 441 2415 quae
463 2381 569 2405 creant
593 2375 714 2413 odium,
740 2375 811 2405 dili·

83 2431 107 2447 “
123 2433 233 2468 genter
259 2437 291 2457 se
318 2426 486 2464 abstineat;
509 2432 686 2457 constanter
705 2433 812 2458 tamen

83 2484 106 2499 ‘⁶
121 2489 255 2517 recuses,
282 2478 331 2509 vel
355 2479 492 2517 omittas,
521 2479 584 2509 illis
607 2479 702 2509 etiam
720 2481 812 2510 rebus

85 2535 108 2551 ⁰⁴
125 2531 304 2569 concedere,
321 2536 352 2561 et
366 2530 491 2561 veniam
507 2530 591 2568 dare,
608 2542 684 2571 quas
698 2532 811 2561 huma-

86 2586 108 2601 “
124 2592 167 2612 na
191 2587 304 2612 natura
327 2592 434 2612 cavere
453 2581 618 2623 nequeat.”
663 2582 717 2612 Ad
743 2582 811 2612 lite-

83 2644 165 2664 ram:
201 2636 223 2651 “
239 2632 481 2664 Praetermittere
505 2646 538 2664 ‘ro
563 2633 731 2663 concedere
752 2634 813 2663 hu·

83 2689 107 2705 “
125 2684 227 2716 manis
251 2682 385 2715 rebus:”
414 2685 434 2715 i.
461 2695 486 2715 e.
515 2687 557 2716 Te
580 2687 679 2716 mittes
704 2691 815 2725 praeter

83 2737 317 2768 concessionem
356 2736 504 2766 humanis
543 2737 646 2767 rebus:
684 2742 730 2772 ut,
760 2736 815 2777 qui

85 2789 192 2820 locum
207 2789 352 2829 praeterit,
376 2788 425 2818 vel
446 2788 690 2828 praetervehitur,
713 2788 814 2829 quasi,

86 2851 181 2882 quem
195 2841 285 2871 adeat
299 2846 330 2870 et
344 2839 499 2880 inspiciat,
520 2840 696 2880 indignum.
739 2840 815 2871 Jam

84 2900 158 2921 vero
171 2891 315 2921 futurum
328 2896 458 2930 tempus
475 2901 513 2921 ex
528 2890 815 2922 laudatissimorum

87 2942 272 2982 scriptorum
287 2953 354 2980 usu,
370 2953 435 2974 nou
446 2942 553 2975 minus
564 2942 725 2985 praeceptis
736 2943 813 2977 dan-

845 915 893 946 dis
906 915 1065 953 inservire,
1089 925 1184 956 quam
1209 914 1411 954 imperativus
1435 914 1514 954 ipse,
1536 921 1568 946 et

846 966 1061 1006 subjunctivus
1075 976 1218 1006 praesenS‚
1239 966 1317 996 adeo
1332 966 1496 1005 protritum
1512 972 1567 1006 est,

845 1024 881 1048 ut
895 1018 970 1048 huic
984 1018 1102 1048 indocti
1117 1018 1281 1058 cujusdam
1306 1017 1442 1048 fortassis
1467 1019 1569 1059 objec-

844 1071 922 1101 tioni
937 1081 1016 1110 pene
1038 1082 1094 1102 nos
1108 1071 1224 1110 pudeat
1240 1081 1407 1102 occurrere.
1438 1071 1571 1102 Horati-

845 1132 892 1158 us,
908 1121 948 1152 ad
965 1122 1051 1161 epist.
1067 1123 1087 1152 i.
1106 1126 1153 1152 18.
1169 1125 1220 1153 37.

874 1206 1012 1230 Arcanum
1024 1212 1112 1236 neque
1123 1208 1152 1230 tu
1164 1206 1314 1230 scrutaberis
1325 1206 1392 1230 illius
1403 1213 1535 1237 unquam,

877 1245 1113 1276 commissumque
1123 1249 1197 1277 teges,
1211 1249 1238 1270 et
1249 1246 1312 1270 vino
1324 1250 1420 1275 tortus,
1432 1250 1459 1271 et
1469 1246 1517 1270 ira.

845 1317 920 1353 Nos,
938 1317 1012 1347 hinc
1027 1317 1191 1357 progressi,
1211 1317 1240 1347 S.
1256 1317 1387 1353 Lucam,
1404 1327 1514 1357 evang.
1532 1317 1572 1348 vi.

847 1375 897 1402 40.
921 1376 952 1401 et
967 1371 1043 1401 alios
1065 1371 1098 1400 in
1114 1370 1252 1401 Foederis
1275 1371 1358 1400 Novi
1380 1370 1466 1400 libris
1480 1370 1574 1407 locos,

847 1422 961 1452 rectius
986 1422 1191 1460 reddidimus,
1218 1422 1251 1452 in
1276 1421 1442 1452 vernacula
1468 1421 1573 1452 nostra

847 1474 996 1504 versione.

890 1535 965 1565 Ver.
984 1537 1074 1566 1185.
1096 1537 1265 1575 subspz'rat:
1294 1542 1334 1565 Π.
1349 1537 1490 1575 respirat.

891 1593 972 1624 Ibid.
983 1596 1064 1634 ficto
1085 1595 1237 1633 subspirat
1248 1605 1361 1624 amore.
1407 1593 1576 1624 Broukhu-

848 1643 922 1680 sius,
947 1644 987 1674 ad
1007 1644 1124 1675 Tibull.
1147 1644 1167 1674 i.
1186 1648 1212 1675 7.
1236 1648 1286 1675 41.
1309 1644 1480 1686 legendum
1505 1655 1576 1683 pro-

849 1695 950 1735 ponit,
962 1697 1057 1737 fictos
1087 1706 1220 1725 amores:
1255 1695 1370 1734 oppido
1398 1695 1516 1731 inscite,
1547 1701 1578 1725 et

852 1746 992 1787 vulgaria
1003 1746 1112 1776 saltem
1128 1745 1285 1786 exquisitis
1300 1746 1475 1785 praeferens.
1499 1747 1578 1777 Pro-

851 1798 985 1828 babilius
998 1797 1107 1827 fuisset
1118 1799 1234 1839 fictum
1250 1808 1399 1828 amorem:
1425 1798 1445 1828 i.
1462 1808 1487 1827 e.
1498 1799 1580 1840 fici&

854 1852 972 1885 amore‘q
1008 1848 1071 1884 sed,
1103 1849 1163 1878 nisi
1188 1848 1286 1883 fallor,
1310 1849 1397 1879 aliud
1422 1856 1467 1879 est
1484 1852 1580 1890 fictos

852 1912 968 1931 amores
983 1903 1147 1940 suspirare,
1165 1906 1196 1930 et
1209 1900 1295 1930 aliud
1304 1903 1384 1943 ficto
1400 1913 1500 1931 amore
1516 1913 1582 1932 sus-

844 1954 963 1992 pirare.
1003 1952 1142 1991 Nempe,
1180 1954 1333 1991 suspirare
1369 1964 1496 1990 amores,
1534 1958 1580 1983 est

853 2007 875 2022 “
893 2014 967 2034 cum
991 2004 1144 2034 desiderio
1175 2004 1326 2042 cuperez'’
1348 2015 1455 2034 rursus
1480 2007 1579 2044 suspi-

852 2067 922 2087 rare
938 2067 1051 2094 amore,
1078 2055 1160 2085 valet
1185 2060 1207 2075 “
1224 2066 1288 2094 prae
1303 2055 1449 2086 violentia
1465 2056 1579 2086 amoris

854 2112 876 2127 “
888 2108 1002 2139 ducere
1011 2107 1172 2147 suspiria.”
1189 2107 1392 2146 Claudianus,
1405 2113 1481 2147 rapt.
1495 2109 1582 2139 ProS.

853 2160 897 2190 iii.
912 2163 987 2189 545.

916 2234 950 2257 Et
962 2232 1056 2264 rigidae
1068 2232 1156 2257 multo
1166 2232 1418 2264 smpirantsulmine
1427 2232 1516 2264 pelles.

855 2304 899 2335 Et
917 2303 1011 2334 Silius
1027 2303 1167 2340 Italicus,
1183 2304 1234 2334 xii.
1252 2306 1321 2334 155.

1082 2377 1169 2407 tellus,
1181 2380 1239 2401 atro
1250 2377 1408 2402 exundante
1419 2379 1517 2408 vapore

886 2417 1092 2449 Suspirans—.

857 2480 991 2515 Ovidius
1012 2479 1264 2520 praepositionem
1287 2479 1485 2518 interposuit,
1511 2479 1579 2511 fast.

855 2532 875 2563 i.
892 2535 963 2563 417.

888 2606 964 2630 Hanc
975 2605 1061 2637 cupit,
1074 2605 1142 2631 hanc
1153 2608 1230 2637 optat
1237 2613 1246 2635 ;
1263 2604 1318 2629 sola
1328 2604 1439 2636 suspirat
1448 2604 1475 2629 in
1485 2604 1545 2630 illa.-

857 2677 876 2707 ἰ.
893 2687 919 2708 e.
943 2691 978 2714 εν,
1003 2689 1089 2713 cum;
1116 2683 1152 2707 ut
1166 2677 1374 2707 instrumento
1389 2676 1516 2707 scilicet.

900 2736 974 2767 Ver.
994 2740 1084 2767 1187.
1106 2738 1242 2767 adsuctis
1253 2749 1263 2766 .·
1289 2736 1326 2766 P.
1351 2735 1447 2766 Vind.
1471 2735 1512 2766 V.
1535 2735 1582 2766 ed.

858 2787 895 2818 B.
913 2787 954 2818 O.
976 2792 1012 2818 Δ.
1037 2790 1181 2824 assuetz's,-
1205 2798 1220 2818 e
1242 2785 1332 2816 litera
1352 2795 1426 2816 cum
1446 2798 1474 2824 c,
1500 2786 1584 2828 quod

858 2839 1039 2878 saepiuscule
1054 2839 1099 2876 fit,
1122 2839 1254 2870 mutata:
1282 2844 1323 2870 Π.
1345 2841 1584 2879 assuetz'sque.—

858 2893 1055 2923 humectans:
1087 2897 1122 2923 Δ.
1153 2892 1320 2934 injectans;
1346 2895 1380 2923 Σ.
1407 2893 1580 2926 humerum!

861 2949 905 2975 Ω.
919 2945 1098 2975 humectans.
