1912 3292
451 266 686 318 LIBER
729 265 1110 325 QUARTUS.
1446 272 1538 313 305

80 405 159 442 595
191 400 258 443 Ne
277 400 380 450 loca,
402 399 560 440 deserta
579 398 631 439 ab
651 398 755 438 divis
771 411 948 452 quoque,
969 395 1075 436 forte
1094 403 1290 450 putentur

193 475 288 517 Sola
307 483 462 522 tenere3
495 472 588 512 ideo
601 472 760 526 jactant
780 468 975 510 miracula
1001 468 1133 509 dictis:

190 549 279 590 Aut
298 544 431 601 aliqua
451 545 610 586 ratione
630 543 707 586 alia
728 543 955 592 ducuntur3
987 549 1034 583 ut
1053 556 1176 583 omne

139 713 255 736 Carmen
265 709 401 734 Maenaliae
413 709 500 735 tulere
512 709 604 742 pinus3

138 750 314 781 Percussaque
325 750 412 774 modis
422 754 498 775 sonat
509 749 615 781 Lycaeis

139 790 224 815 solers
235 790 348 815 Arcadia
359 797 443 814 nomos
453 790 543 814 cicuta¹

124 828 237 855 'Pernix
247 829 355 861 semiferi
366 830 454 862 puella
466 832 559 854 Panos.

48 892 166 934 Vulgo,
181 904 302 924 nemus:
328 893 367 924 ad
382 893 466 934 quod
480 892 667 924 vocabulum
693 903 767 924 con-

44 945 246 974 structionem
261 944 406 984 expedire
421 955 485 975 non
503 955 641 984 possum,
658 950 689 975 et
700 945 769 976 aliis

45 996 283 1034 expendendam
298 996 394 1027 trado.
441 997 594 1028 Consulas
608 1007 767 1028 commen-

44 1047 139 1078 tarios
153 1048 194 1078 ad
211 1049 337 1079 Sueton.
354 1049 392 1079 vi.
408 1052 459 1079 20.

89 1099 162 1130 Ver.
179 1104 251 1132 592.
282 1103 383 1131 Unco:
409 1107 445 1131 ut
459 1111 485 1131 v.
504 1104 597 1132 1406.
624 1101 685 1132 Sed
699 1101 770 1142 lego

48 1150 124 1187 Udo,
141 1161 205 1181 non
225 1153 317 1182 Unco.
341 1151 442 1188 Plato,
458 1152 491 1182 in
508 1152 744 1193 epigrammate:

84 1237 165 1265 Avo-05
177 1246 223 1263 επει
234 1247 334 1272 συριγγι
347 1239 494 1271 μελισ-δετωι
509 1239 634 1273 ευκελαιδῳ
645 1240 711 1269 How,

112 1284 232 1310 ’ΥΓΡΟΝ
245 1284 284 1313 ἵεις
297 1284 400 1315 {tvm-m
414 1287 550 1312 ΧΕΙΛΟΣ
564 1287 619 1321 ὑπερ
632 1291 768 1320 :cahom-mv.

543 1331 571 1361 B
576 1340 592 1360 r:
599 1340 621 1360 N
627 1340 649 1360 τ
655 1341 673 1360 1.
679 1341 696 1360 E
702 1341 737 1360 ιυ
745 1341 769 1361 s.

46 1414 222 1445 Tentamen
236 1416 296 1447 hoc
309 1415 498 1455 improspere
514 1416 637 1446 cessisse
651 1426 768 1457 magno

45 1465 111 1495 viro
133 1475 190 1496 nos
214 1465 291 1496 olim
317 1465 456 1496 diximus
475 1467 515 1497 ad
541 1467 628 1507 Virg.
644 1477 712 1507 geo.
728 1468 766 1498 iv.

47 1518 116 1546 123.
142 1526 244 1557 neque
268 1516 383 1556 incepti
411 1518 548 1556 poenitet.
594 1518 767 1557 Nimirum,

43 1578 113 1608 quae
135 1575 210 1599 sunt
234 1570 372 1605 humida,
398 1570 558 1600 multoties
581 1570 769 1602 mollescunt

42 1619 128 1659 inde,
154 1627 246 1662 atque
272 1621 419 1652 flexibilia
443 1623 595 1653 evadunt:
621 1629 652 1653 et
677 1634 767 1664 aquae

42 1672 157 1702 humor
171 1672 236 1711 ipse
251 1673 406 1709 facillime,
434 1680 469 1704 ut
493 1685 562 1714 quae
584 1675 768 1705 tenuissima

41 1722 82 1752 sit
96 1723 217 1759 natura,
240 1724 273 1754 in
289 1726 473 1765 omnigenas
487 1725 621 1756 flexuras
636 1726 768 1756 ducitur.

44 1773 133 1803 Hinc
149 1775 229 1817 ὖγρος
245 1776 363 1814 optime
378 1776 540 1806 notionem
560 1777 770 1807 mollitudinis

43 1835 79 1854 ac
96 1825 294 1856 volubilitatis
309 1833 454 1857 tortuosae
470 1829 558 1867 parit.
610 1830 693 1859 Unco
710 1829 769 1869 igi-

42 1881 95 1906 tur
117 1879 201 1907 labro
222 1878 353 1908 feliciter
368 1885 476 1918 potest,
502 1880 626 1910 “labro
647 1881 770 1911 mobili-

44 1931 130 1958 “ter
144 1929 298 1968 flectente,
325 1937 355 1961 et
382 1938 554 1962 curvaturae
577 1933 770 1963 calamorum

43 1981 66 1997 ‘⁶
83 1989 115 2009 se
127 1979 302 2011 fluctuatim
313 1983 599 2013 accommodante.'’
647 1985 769 2015 Consu-

43 2031 88 2061 las
104 2043 174 2073 quae
192 2035 304 2070 notavi,
321 2035 359 2064 ad
375 2035 419 2065 iii.
438 2039 507 2067 721.
554 2037 664 2075 Porro,
691 2049 770 2078 quo·

43 2087 129 2117 niam
144 2087 195 2117 vix
209 2088 304 2126 possit
319 2089 448 2130 ambigi,
460 2091 537 2130 quin
550 2091 690 2121 Platonis
701 2103 767 2122 ver-

42 2147 95 2168 sus
131 2139 238 2169 animo
266 2140 405 2170 Lucretii
442 2148 608 2179 praesentes
639 2143 768 2182 fuerint,

45 2189 193 2220 Graecum
208 2189 247 2220 ad
264 2191 369 2221 Latini
379 2191 569 2223 locutionem
582 2195 769 2225 concinnare

45 2239 257 2271 Ruhnkenius
272 2241 463 2280 instituebat,
480 2244 513 2273 in
531 2245 617 2284 epist.
632 2246 698 2276 crit.
715 2253 769 2277 rv-

44 2306 94 2334 pov,
111 2293 136 2322 si
151 2293 210 2322 rite
219 2294 430 2333 meminerim,
441 2295 539 2326 literis
552 2297 685 2337 trajectis
695 2299 769 2328 scri-

45 2344 134 2372 bens:
162 2343 323 2383 ingeniose
338 2345 484 2384 profecto,
513 2347 567 2377 sed
589 2348 770 2387 infeliciter;

43 2401 76 2424 et
105 2394 378 2434 exquisitissimam
401 2407 507 2427 vocem
530 2399 674 2429 inornata
699 2410 770 2430 mu-

44 2451 127 2475 tans:
148 2453 272 2486 χαλκεα
283 2460 417 2488 χρυσειων
427 2449 550 2480 scilicet.
586 2450 667 2480 Sane
677 2452 767 2490 phra-

43 2506 111 2526 seos
128 2497 207 2539 ὑγρον
218 2505 320 2538 χειλος
335 2498 600 2531 luculentissimus
611 2503 770 2532 accesserit

44 2547 195 2587 interpres
211 2548 378 2585 Hesiodus,
403 2557 479 2581 scut.
496 2552 590 2582 Herc.
606 2555 679 2584 278.
701 2563 768 2583 ver-

44 2599 132 2629 sibus
147 2606 270 2631 nectare
285 2601 388 2632 tinctis
404 2608 434 2632 et
449 2603 616 2634 ambrosia:

82 2686 131 2710 Tot
144 2695 189 2718 μεν
203 2686 247 2712 ὕετο
258 2691 360 2722 hyopam
373 2697 494 2722 συριγγων
510 2689 577 2715 leam
591 2689 667 2719 αυδην

81 2734 118 2764 E}
127 2733 291 2759 ἈΠΑΛΩΝ
308 2736 529 2762 ΣΤΟΜΑΤΩΝ·
540 2747 589 2773 περι
598 2737 622 2763 δε
632 2745 710 2771 σφισιν
719 2748 770 2770 αγ-

200 2791 254 2807 νυτο
264 2792 319 2815 ἠχω
324 2789 335 2808 .·

45 2854 66 2885 i.
80 2865 105 2885 e.
128 2858 150 2874 “
165 2856 259 2888 labris
274 2858 431 2889 mobiliter
446 2858 609 2896 flexilibus,
626 2865 656 2890 et
667 2860 768 2890 omni-

47 2909 72 2925 “
85 2917 141 2937 um
156 2918 303 2941 sonorum
315 2911 476 2942 varietates
490 2912 579 2942 molli
594 2918 768 2943 commuta-

47 2961 69 2977 “
86 2959 180 2997 tione,
205 2966 237 2992 et
260 2963 401 3004 expressa
424 2964 620 3004 proprietate,
650 2964 770 2995 adtem-

818 713 840 729 “
855 707 1064 749 perantibus.”
1110 708 1157 738 At
1187 707 1230 738 sic
1257 708 1443 749 legendum:
1473 720 1538 742 non

817 763 897 793 ὕψι-αι.
944 762 1055 802 Apage
1069 760 1157 791 illam
1180 760 1320 792 odiosam
1347 762 1536 802 superstitio-

814 823 889 843 nem
904 813 943 843 de
958 819 1065 848 metro,
1091 819 1237 853 sequente
1260 812 1390 853 liquida!
1416 813 1538 844 Eadem

812 865 970 895 medicina
1000 864 1116 894 centies
1142 864 1286 894 Homero
1310 864 1452 894 facienda
1477 871 1533 895 est.

813 917 1022 956 Hippocrates
1032 917 1127 946 etiam
1137 916 1273 955 pulchre,
1283 926 1310 955 p.
1324 919 1364 947 57
1370 940 1376 946 .
1390 916 1436 947 ed.
1450 917 1537 947 Fo'e's.

811 982 889 999 -τυ
903 970 1021 1007 {oporam
1037 980 1121 1000 σωμοι
1142 968 1276 997 “rrPoN
1291 980 1421 1006 κειμενον.
1461 967 1537 997 Phi-

810 1020 955 1050 lostratus
968 1019 1086 1059 junior,
1101 1018 1180 1048 icon.
1197 1018 1312 1050 xit—h
1326 1025 1453 1057 κεφαλῇ,
1470 1031 1537 1048 σκο-

814 1079 862 1102 λιε
872 1085 921 1102 και
931 1073 994 1100 ‘TI'
1002 1076 1074 1100 POT
1085 1082 1203 1109 αυχενος
1216 1071 1320 1107 εξιεσα.
1345 1069 1433 1099 Hinc
1444 1071 1538 1109 probe

814 1123 916 1162 capias
932 1121 1120 1156 Martialem,
1137 1122 1175 1151 iv.
1192 1123 1266 1152 495.

844 1200 899 1225 Aut
907 1206 990 1231 puero
999 1198 1108 1230 liquidas
1119 1201 1257 1230 aptantem
1270 1197 1401 1222 Daedalon
1412 1198 1480 1222 alas.-

813 1268 832 1298 i.
848 1278 874 1298 e.
899 1266 1016 1302 molles,
1045 1267 1143 1307 ὑγρας,
1168 1265 1298 1295 flexiles:
1324 1265 1410 1295 unde
1433 1265 1537 1296 Hora.

813 1319 885 1356 tius,
901 1323 956 1348 art.
971 1317 1051 1356 po’elt.
1069 1319 1138 1346 165.

907 1395 993 1418 Cereus
1003 1393 1030 1417 in
1042 1392 1143 1416 vitium
1147 1391 1259 1422 flecti—.

814 1460 978 1500 Ineptiunt
991 1460 1174 1498 interpretes
1191 1458 1231 1488 ad
1245 1458 1434 1488 versiculum
1450 1459 1538 1489 Mar.

811 1511 899 1542 tialis.
947 1510 1092 1540 Valerius
1118 1510 1248 1540 Flaccus
1262 1519 1326 1539 non
1342 1510 1469 1541 aliunde
1483 1520 1536 1540 ex-

812 1561 984 1602 plicandus,
1003 1561 1042 1591 vi.
1059 1564 1130 1592 710.

940 1629 1089 1662 liquidoque
1100 1636 1193 1661 parens
1204 1629 1355 1661 signaverat
1365 1637 1441 1655 auro:

811 1699 831 1729 i.
842 1709 868 1729 e.
879 1700 961 1741 ὁιγρῳ,
968 1699 1041 1739 quia
1051 1699 1085 1728 in
1094 1698 1290 1729 tenuissimas
1301 1705 1332 1729 et
1341 1699 1538 1730 mollissimas

813 1749 946 1779 laminas
971 1749 1156 1788 perduxerat
1177 1749 1350 1780 malleator:
1378 1760 1538 1789 compares

813 1810 918 1830 meam
932 1800 1005 1830 silv.
1024 1800 1101 1830 Crit.
1117 1799 1160 1829 iii.
1170 1811 1199 1839 p.
1214 1803 1282 1831 157.
1293 1800 1331 1830 de
1340 1802 1399 1830 hoc
1411 1801 1537 1842 elegan-

814 1851 929 1881 tiarum
944 1861 1067 1891 genere,
1080 1856 1111 1880 et
1121 1852 1315 1889 obstupesces
1327 1851 1538 1883 deliramentis

815 1902 980 1932 editorum.
1025 1901 1171 1931 Valerius
1198 1902 1349 1932 nimirum
1379 1902 1418 1933 de
1448 1903 1538 1934 solito

816 1955 984 1984 Maronem
999 1963 1093 1984 suum
1108 1953 1274 1984 aemulatus
1289 1960 1345 1993 est,
1358 1955 1398 1985 ad
1416 1955 1489 1987 AEn.
1506 1966 1536 1986 x.

818 2008 888 2035 158.

948 2077 1020 2103 fusos
1030 2078 1124 2103 cervix
1135 2078 1179 2102 cui
1187 2078 1272 2103 lactea
1283 2079 1368 2104 crines

843 2117 962 2149 Excipit,
979 2121 1006 2142 et
1018 2117 1084 2142 molli
1095 2118 1255 2142 subnectens
1267 2119 1380 2143 circulus
1391 2126 1454 2144 auro
1465 2129 1473 2145 .-

812 2188 832 2218 i.
848 2199 873 2219 e.
897 2191 919 2207 ‘⁴
935 2200 954 2218 a
971 2188 1081 2228 capite,
1097 2188 1145 2219 vel
1155 2196 1222 2229 post
1237 2196 1342 2229 caput,
1358 2191 1474 2222 collum
1487 2201 1537 2222 ca-

814 2244 837 2258 “
853 2240 925 2279 pit.'’
972 2241 1024 2270 Ita
1046 2241 1227 2281 legendum,
1257 2252 1330 2272 cum
1355 2243 1539 2284 Cruquiano

814 2292 916 2322 Flacci
937 2299 1194 2331 commentatore;
1218 2304 1282 2324 non
1306 2296 1442 2334 Accipit,
1466 2305 1539 2326 cum

814 2343 1013 2374 membranis:
1050 2344 1120 2374 vide
1149 2355 1206 2374 nos
1234 2345 1274 2375 ad
1297 2345 1386 2385 Virg.
1409 2355 1476 2385 geo.
1500 2346 1538 2376 iv.

817 2397 886 2426 167.
931 2395 1076 2426 Editores
1093 2396 1251 2427 Achillem
1266 2397 1395 2426 Tatium
1411 2407 1475 2426 non
1491 2397 1540 2427 in-

812 2445 1006 2483 tellexerunt,
1029 2447 1069 2477 ad
1082 2447 1113 2478 ii.
1131 2450 1182 2479 57.
1228 2449 1336 2486 Γυναιξι
1350 2461 1401 2487 μεν
1422 2461 1462 2486 εν,
1484 2451 1538 2479 ‘T-

813 2503 906 2528 I'PON
920 2512 971 2538 μεν
995 2512 1027 2529 το
1044 2504 1167 2531 ΣΩΜΑ
1196 2513 1220 2530 εν
1240 2512 1304 2534 ταις
1331 2507 1537 2539 συμπλοκαιςε

813 2548 832 2578 i.
848 2559 874 2579 e.
899 2553 921 2567 “
937 2549 1085 2580 mollibus
1099 2560 1172 2580 cum
1181 2550 1330 2580 membris
1346 2550 1539 2582 circumfun-

815 2604 837 2619 “
854 2601 978 2632 ditur:”
994 2612 1153 2641 compares
1162 2608 1316 2640 nostrum,
1332 2602 1353 2632 i.
1371 2605 1422 2633 40.
1435 2603 1540 2643 qualia

814 2653 955 2682 membra
971 2654 1140 2689 Arnobius,
1167 2653 1219 2683 lib.
1241 2652 1278 2682 vi.
1293 2662 1323 2691 p.
1341 2655 1410 2684 197.
1433 2655 1537 2685 mollia

815 2710 984 2743 nuncupat,
1008 2711 1039 2734 et
1055 2708 1077 2723 “
1093 2707 1220 2744 liquoris
1231 2704 1367 2744 fi¹7ninei
1380 2706 1538 2736 laxitate?

813 2757 969 2797 Egregius
991 2756 1102 2787 artifex
1127 2758 1240 2787 harum
1264 2756 1474 2797 nequitiarum
1500 2758 1538 2788 P.

817 2808 1017 2844 Silentiarius,
1034 2809 1114 2849 epig.
1133 2811 1160 2839 7.

850 2889 949 2915 ’ΥΓΡΑ
964 2889 1215 2915 ΠΕΡΙΠΛΕΓΔΗΝ
1229 2889 1307 2922 ἅψεα
1317 2889 1466 2924 δησαιμενυς.

815 2962 928 2994 Finem
952 2961 1046 2993 faciet
1071 2961 1240 2999 Lucianus,
1266 2962 1306 2993 de
1330 2961 1398 2992 salt.
1425 2965 1474 2993 75.
1498 2970 1537 2990 ne
