1912 3292
311 203 400 242 128

806 193 864 242 T.
915 155 1292 243 LUCRETIi

449 325 588 375 Adde,
610 325 723 382 quod
744 326 785 366 in
807 327 945 384 nigras
964 326 1137 384 lethargi
1157 326 1356 383 mergitur
1375 324 1517 366 undas.

505 399 620 441 Nihil
638 401 765 457 igitur
784 415 895 442 mors
915 409 991 452 est,
1016 401 1069 442 ad
1089 416 1164 443 nos
1184 415 1316 456 neque
1335 401 1513 455 pertinet
1530 398 1675 450 hilum,

448 474 797 530 Quandoquidem
818 483 964 517 natura
984 475 1111 516 animi
1130 473 1312 515 mortalis
1331 473 1515 514 habetur.

333 645 420 674 Adde,
432 645 504 675 qnod
516 644 542 668 in
554 644 640 676 nigras
650 644 754 676 lethargi
766 644 896 676 mergitur
908 644 1023 669 umbras.-

301 721 372 752 quae
387 712 516 742 nomina
538 712 776 751 exscriptoribus
799 712 929 742 confusa
954 713 1026 741 sub-

299 762 373 792 inde
391 762 597 801 reperiuntur.
643 762 785 801 Ovidius,
813 769 871 793 art.
897 773 959 793 am.
984 763 1025 792 iii.

300 817 374 845 648.

365 877 494 910 Victaque
505 878 596 903 Lethea
609 878 711 904 lumina
721 883 790 904 nocte
800 884 938 912 premunt.

304 936 432 968 Addam
447 937 632 978 Virgilium,
648 938 724 969 AEn.
739 939 778 969 vi.
794 943 866 971 267.

465 1019 506 1040 res
517 1014 571 1039 alta
582 1013 654 1040 terra
665 1017 694 1039 et
705 1014 810 1046 caligine
821 1021 924 1039 mersas.

301 1080 377 1112 Alia
399 1081 546 1121 cogitatio
568 1081 703 1111 subierat
727 1080 965 1118 Marklandum,
987 1080 1028 1111 ad

302 1132 381 1162 Stat.
399 1132 464 1162 silv.
480 1132 526 1163 iii.
543 1135 571 1162 2.
593 1135 663 1164 119.
678 1132 732 1173 qui
747 1132 790 1162 sic
805 1131 1026 1173 corrigendum

301 1189 460 1214 autumat:

325 1251 412 1282 Adde,
424 1252 496 1283 quod
506 1251 532 1276 in
541 1251 627 1284 pigras
638 1251 751 1284 lethargi
762 1252 894 1284 mergitur
901 1252 994 1277 undas.

301 1312 382 1348 Quae
401 1323 475 1343 sane
490 1312 640 1343 divinatio
651 1313 754 1343 virum
769 1313 890 1353 ingenii
901 1312 1026 1354 elegan-

301 1364 342 1394 tis
357 1364 449 1403 sapit:
476 1364 623 1394 novimus
638 1364 744 1401 etiam,
758 1365 814 1394 has
829 1374 918 1394 voces
933 1363 1027 1394 libra-

302 1415 355 1445 riis
370 1415 540 1454 permutari
562 1415 602 1446 ad
627 1414 789 1446 Claudian.
815 1415 847 1445 in
874 1414 980 1445 Rufin.
997 1416 1028 1446 ii.

300 1469 373 1498 3⁶25.
391 1467 424 1496 in
439 1467 508 1497 loco
523 1467 619 1497 etiam
635 1467 771 1497 maxime
786 1468 926 1506 apposito
939 1467 1028 1497 Mar-

301 1518 394 1557 tialis,
412 1529 441 1548 x.
456 1522 488 1549 2.
506 1523 534 1550 7.
557 1519 726 1550 lectionum
742 1519 852 1549 similis
867 1526 915 1549 est
930 1519 1026 1550 varie-

302 1575 361 1600 tas:

332 1635 409 1667 Pigra
423 1643 469 1667 per
481 1636 552 1661 hunc
564 1635 649 1668 fugies
660 1636 893 1669 ingrataestumiua
906 1638 1000 1662 Lethes.

302 1704 381 1741 Alii,
400 1706 500 1744 nigra.
549 1705 731 1736 Marklandi
754 1707 941 1747 conjectura>
957 1707 1026 1737 Sta-

300 1756 364 1786 tius
378 1756 475 1787 etiam
489 1757 634 1788 nonnihil
649 1758 742 1795 t'avet,
758 1758 799 1789 ad
814 1759 913 1790 Theb.
929 1770 958 1790 x.
976 1763 1026 1792 89.

332 1833 428 1859 Limon
439 1841 523 1866 opaca
534 1835 615 1866 Quies
625 1838 653 1860 et
662 1835 735 1867 pigra
747 1835 854 1861 Oblivia
865 1840 983 1862 servant.

303 1899 344 1929 Ϊη
363 1900 452 1930 Statii
468 1901 568 1931 Theb.
586 1901 617 1931 ii.
634 1905 662 1932 2.
678 1911 734 1940 pro
743 1904 857 1941 pigrce,
880 1902 920 1932 ad
947 1913 1029 1933 mar-

302 1951 409 1991 ginem
425 1953 524 1991 nigrae
540 1951 667 1990 ponitur
682 1952 714 1981 in
741 1952 808 1983 cod.
831 1963 888 1983 sec.
904 1953 971 1984 xiii.
995 1954 1029 1984 in

308 2002 422 2033 Museo
439 2003 631 2034 Britannico.
679 2003 741 2034 Sed
755 2004 841 2035 locus
856 2011 960 2036 noster
981 2006 1030 2036 in-

302 2054 487 2095 tegerrimus
518 2061 573 2091 cst,
604 2060 634 2085 et
658 2055 745 2086 nulla
767 2056 805 2086 de
826 2056 886 2087 levi
908 2057 1028 2097 caussa,

303 2105 388 2136 libris
417 2112 524 2136 contra
554 2107 715 2145 stantibus,
751 2107 895 2138 solicitari
930 2108 1028 2139 debet.

305 2157 393 2194 Quid
419 2159 503 2188 enim
527 2158 685 2197 epitheton
715 2173 756 2200 τῳ
781 2161 888 2199 nigras
918 2161 1030 2192 melius

304 2209 467 2239 conveniat
497 2209 649 2250 lethargo,
684 2211 749 2248 ubi,
779 2211 892 2241 clausis
920 2212 1029 2249 oculis,

305 2260 397 2300 (verr.
413 2263 486 2291 466.
502 2261 590 2301 467.)
605 2261 639 2291 iu
653 2261 842 2292 oblivionem
851 2262 1028 2302 condimur,

304 2315 410 2351 atque,
426 2317 462 2341 ut
477 2310 530 2341 ille
544 2311 598 2350 ait,
614 2312 719 2343 divino
734 2313 885 2352 carmine,

496 2389 601 2414 tenebris
611 2389 754 2422 nigrescunt
765 2391 855 2415 omnia
866 2391 982 2416 circum?

304 2456 399 2492 Quid,
415 2456 499 2496 quod
514 2463 583 2488 atra
596 2457 711 2489 Lethes
719 2457 851 2489 flumina
863 2459 1029 2489 Lucretius

305 2507 389 2538 haud
405 2507 500 2539 dubie
515 2508 673 2541 alluserit?
690 2520 761 2551 quae
775 2516 880 2541 tamen
893 2511 1029 2542 vidimus

304 2564 337 2588 et
345 2562 437 2599 pigra
453 2560 618 2602 aliquoties
641 2561 757 2593 audire.
800 2563 947 2594 Lucanus
972 2563 1027 2594 ad-

305 2617 476 2650 moveatur,
499 2613 608 2644 Phars.
625 2613 667 2644 iii.
684 2616 755 2646 735.

335 2696 394 2720 Non
407 2696 535 2729 lacrymae
547 2700 668 2726 cecidere
678 2701 763 2733 genis,
779 2707 834 2727 non
845 2706 955 2734 pectora
966 2705 1027 2727 tun-

429 2737 468 2761 dit
476 2746 484 2767 ;

332 2775 464 2801 ‘Distentis
475 2780 534 2802 toto
545 2779 627 2810 riguit
635 2781 681 2806 sed
693 2788 807 2814 corpore
816 2782 920 2814 palmis:

335 2817 395 2840 Nox
413 2816 496 2879 εὲὼὶῑ,
515 2820 596 2850 atque
614 2820 704 2846 oculos
716 2825 800 2848 vastae
813 2822 953 2849 obduxere
963 2826 1029 2848 tene-

442 2862 487 2881 rs.

1072 644 1132 680 Ibi,
1147 653 1204 682 pro
1228 648 1330 680 vastae,
1356 641 1434 672 liber
1456 652 1540 672 unus
1561 644 1634 673 latae
1658 639 1790 673 exhibet.

1071 697 1218 728 Profecto
1232 703 1415 736 transponas
1429 696 1550 727 literam
1562 696 1671 737 jubeo,
1698 702 1730 727 et
1742 705 1790 727 re-

1071 748 1184 779 scribas
1198 759 1304 788 ocyus:

1325 817 1415 842 oculos
1426 817 1485 841 αἶα
1495 816 1634 845 obduxere
1645 816 1762 842 :embre-

1073 877 1176 908 Voces
1189 879 1269 908 allus
1285 883 1315 907 et
1328 879 1409 908 latus
1420 881 1638 915 permutantur
1649 875 1683 905 in
1694 874 1798 914 Livio,

1072 937 1099 957 v.
1119 931 1165 958 12.
1182 932 1213 959 6.
1233 929 1287 958 ubi
1310 927 1379 958 vide
1405 925 1620 958 doctissimum
1645 925 1797 957 editorem

1073 978 1380 1014 Drakenborchium,
1409 984 1440 1009 et
1466 989 1522 1009 nos
1544 978 1582 1009 de
1608 979 1666 1008 hoc
1684 977 1799 1009 erroris

1073 1039 1199 1069 genere,
1224 1029 1264 1060 ad
1279 1039 1340 1059 ver.
1356 1032 1429 1061 795.
1444 1030 1574 1070 hujusce
1589 1029 1669 1059 libri.
1714 1028 1796 1059 Haec

1070 1079 1241 1110 scribarum
1276 1079 1438 1118 aberratio,
1485 1079 1589 1110 minus
1624 1084 1796 1120 perspecta,

1071 1130 1160 1162 valde
1171 1131 1323 1162 cruciatos
1331 1131 1441 1162 habuit
1451 1130 1714 1161 animadversores
1725 1140 1797 1161 eru-

1071 1181 1151 1212 ditos
1167 1181 1207 1212 ad
1222 1181 1364 1220 Florum,
1386 1181 1429 1212 iii.
1447 1187 1474 1214 9.
1491 1185 1589 1213 5.-“
1603 1192 1674 1222 quae
1688 1192 1736 1213 res
1750 1184 1797 1214 la-

1074 1236 1095 1251 “
1112 1235 1174 1264 eius
1190 1233 1333 1263 aerarium
1349 1232 1456 1273 populi
1473 1232 1623 1271 Romani,
1638 1243 1733 1274 quam
1743 1233 1794 1264 ul-

1072 1287 1095 1302 “
1110 1284 1160 1314 lus
1175 1284 1361 1323 triumphus,
1377 1283 1541 1324 implevil.”
1584 1283 1798 1315 Rosci-ibimus

1071 1335 1344 1374 confidentissime,
1369 1338 1390 1354 ‘⁴
1407 1346 1477 1376 quae
1499 1345 1548 1365 res
1571 1337 1665 1367 altius
1685 1335 1798 1376 imple-

1073 1391 1095 1407 “
1111 1387 1184 1418 vit.’'
1230 1387 1329 1418 Haud
1353 1386 1413 1417 alia
1435 1397 1484 1417 res
1509 1386 1668 1418 fedissime
1690 1393 1796 1418 conta·

1072 1439 1172 1470 minat
1188 1440 1394 1476 Priscianum,
1410 1438 1523 1480 perieg.
1541 1442 1612 1471 782.

1103 1516 1194 1541 Altera
1205 1516 1238 1540 ad
1250 1522 1369 1544 occasuS,
1379 1515 1439 1539 allae
1449 1515 1497 1539 sub
1509 1514 1646 1539 montibus
1657 1515 1726 1545 ldae,

1102 1558 1213 1586 Lasaquc
1224 1554 1276 1585 qua
1287 1554 1385 1578 cecidit
1395 1554 1524 1585 praeclaro
1539 1553 1648 1579 nomine
1659 1554 1752 1585 TroJ'a.

1074 1622 1192 1662 Vulgo,
1217 1624 1338 1659 Alccm,
1361 1621 1409 1652 vel
1432 1622 1568 1662 Altaque
1575 1637 1587 1658 ,·
1609 1631 1664 1660 per
1692 1621 1799 1653 insua-

1071 1673 1228 1703 vissimam
1243 1672 1473 1713 repetitionem.
1518 1673 1692 1711 Homerus,
1712 1672 1751 1704 ll.
1769 1679 1798 1704 Β.

1075 1728 1146 1755 141.

1109 1798 1145 1822 Ov
1157 1807 1208 1832 γαρ
1222 1805 1255 1822 ert
1271 1798 1403 1822 TPOIHN
1418 1796 1549 1832 αἱρησομεν
1565 1796 1795 1823 ΕΥΡΥΑΓΥΙΑΝ.

1074 1856 1166 1887 Idem
1183 1857 1341 1896 Lucanus,
1369 1856 1410 1887 ad
1435 1867 1462 1887 v.
1478 1860 1552 1888 220.
1575 1858 1638 1888 huc
1659 1857 1800 1890 multum

1073 1908 1159 1939 facit:

1392 1987 1491 2012 mediae
1504 1993 1602 2012 venere
1609 1987 1733 2013 tenebra-.-

1135 2024 1239 2048 Inmisit
1250 2025 1361 2057 slygiam
1371 2028 1451 2050 Paean
1463 2026 1489 2051 in
1501 2027 1602 2052 viscera
1612 2027 1714 2052 Lethen.

1073 2087 1141 2118 Nec
1157 2087 1264 2118 minus
1277 2088 1341 2127 ille,
1358 2089 1398 2119 ad
1421 2089 1462 2120 ix.
1479 2093 1550 2121 817.
1574 2090 1713 2121 Lucretii
1728 2090 1808 2121 vul-'

1072 2145 1152 2179 gatae
1168 2140 1293 2170 lectioni
1305 2140 1495 2172 stabiliendae
1510 2147 1619 2172 contra
1634 2142 1800 2173 Marklan-

1073 2190 1150 2220 dum
1173 2191 1310 2229 inservit,
1338 2192 1526 2223 nonnullam
1543 2193 1661 2224 interea
1677 2193 1798 2225 divino-

1074 2242 1152 2272 tioni
1167 2252 1246 2273 meae
1261 2243 1393 2284 „matiam
1411 2243 1593 2275 concilians:

1483 2329 1611 2362 nulloque
1621 2330 1713 2356 dolore
1724 2316 1727 2321 .

1102 2370 1230 2393 Testatus
1241 2376 1354 2399 morsus,
1365 2369 1453 2394 subita
1462 2369 1568 2402 caligine
1579 2373 1698 2395 mortem

1102 2409 1218 2440 Accipis,
1229 2413 1257 2434 et
1269 2409 1365 2441 Stygias
1376 2416 1460 2434 somno
1471 2410 1608 2435 descendis
1617 2409 1652 2435 ad
1663 2409 1775 2436 umbras.

1071 2481 1190 2513 Videas
1205 2482 1322 2512 ibidem
1350 2482 1623 2523 Oudendorpium.
1669 2483 1806 2525 Agmen.

1071 2540 1164 2575 cogat
1181 2534 1305 2570 Statius,
1322 2534 1420 2565 Theb.
1436 2535 1476 2566 vi.
1495 2538 1567 2567 498.

1450 2611 1508 2636 Non
1519 2610 1585 2636 illud
1594 2610 1692 2642 janitor
1701 2613 1767 2636 aere

1102 2649 1245 2680 Inpavidus
1257 2651 1352 2680 Lethes,
1363 2657 1417 2675 non
1428 2651 1504 2682 ipsae,
1514 2650 1625 2676 horrore
1633 2651 1690 2676 sine
1698 2650 1765 2681 alto,

1101 2688 1262 2713 Eumenides
1272 2689 1367 2714 vidisse
1377 2693 1487 2721 queant.

1116 2751 1198 2782 ibid.
1223 2755 1371 2792 mergitur
1400 2755 1434 2784 in
1463 2755 1575 2784 undas.
1620 2752 1794 2792 Arnobius,

1072 2803 1123 2835 lib.
1139 2802 1170 2833 ii.
1186 2813 1215 2842 p.
1231 2807 1353 2834 46.-“
1369 2803 1482 2845 quibus
1499 2803 1613 2835 caussis
1624 2814 1797 2844 mergamur
1831 2816 1834 2822 ·

1073 2861 1096 2879 “
1111 2860 1145 2890 in
1160 2858 1306 2890 somnos.”
