1912 3292
341 183 401 225 {g

407 186 433 224 to

841 173 901 221 Τ.
955 171 1335 221 LUCRETII

487 307 707 363 Corporeis
727 322 749 348 e
767 305 993 363 principiis,
1024 312 1070 346 ut
1089 304 1238 345 laedere
1251 304 1419 359 possint.

542 382 631 423 Nec
652 390 692 422 te
711 380 810 422 fallit
829 380 943 429 item,
975 377 1075 435 quid
1095 378 1277 433 corporis
1297 376 1466 426 auferat,
1502 385 1542 418 et
1561 378 1660 434 quid

372 461 453 497 540
484 455 690 498 Detrahat
709 469 761 496 ex
780 453 995 495 hominum
1016 452 1165 502 nervis,
1187 467 1234 493 ac
1255 451 1407 493 viribus
1427 452 1537 507 ipsis,

482 531 709 586 Perpetuus
729 544 877 578 sermo,
900 528 1036 584 nigrai
1055 527 1185 568 noctis
1206 526 1258 568 ad
1279 527 1468 568 umbram

486 606 663 647 Aurorae
682 603 903 659 perductus
923 601 975 643 ab
995 601 1207 642 exoriente
1226 600 1377 651 nitore3

337 763 500 803 utrobique
537 758 1060 796 Drakenborchium.—Caeterum,

339 813 501 844 Bentleius
515 813 600 842 hunc
615 817 646 841 et
661 815 841 851 sequentem
851 819 973 840 versum
989 820 1061 849 spn-

336 867 399 897 rios
414 863 542 895 censuit.

378 928 453 959 Ver.
479 932 550 960 556.
590 928 793 960 Desideratur
821 929 872 959 hic
901 938 1006 958 versus
1027 927 1060 956 in

338 979 433 1010 Vind.
452 979 490 1010 V.
506 979 553 1010 ed.
577 980 614 1010 Β.
633 980 671 1010 O.
689 985 723 1011 Δ.
743 987 782 1011 Π.
801 986 835 1011 Σ.
853 986 898 1010 Ω.
923 978 975 1009 sed
998 988 1061 1018 quo

333 1031 429 1062 modo
439 1031 544 1062 deesse
553 1031 656 1071 possit,
672 1042 736 1062 non
749 1031 947 1062 videa—viis
958 1032 1056 1060 loedz'e:

336 1083 374 1114 P.
389 1086 451 1115 suis
466 1086 584 1115 reddit:
611 1083 676 1122 sed,
692 1084 718 1113 si
733 1089 838 1114 tecum
852 1088 976 1122 reputes
990 1091 1058 1121 per-

333 1141 460 1174 petuam
484 1136 701 1166 confusionem
728 1136 889 1166 literarum
917 1136 946 1165 L
973 1140 1003 1164 et
1029 1136 1059 1164 R

334 1186 388 1228 (de
415 1186 478 1227 quai
504 1186 780 1217 Drakenborchius
801 1187 840 1217 ad
866 1187 932 1217 Liv.
956 1185 1059 1215 xxviii.

331 1241 383 1269 36.
400 1239 447 1278 7.)
463 1240 543 1269 redit
555 1244 586 1268 et
595 1240 667 1269 ledit
679 1238 768 1269 facile
783 1237 953 1277 permutari
969 1243 1059 1276 potu-

333 1290 393 1320 isse
407 1290 534 1320 senties:
561 1300 625 1320 non
641 1290 809 1330 amplectar
823 1290 920 1331 igitur
934 1295 1059 1329 egomet

332 1340 385 1372 Pii
414 1341 652 1380 divinationem,
689 1344 790 1378 radie;
829 1341 883 1381 qui
912 1340 1059 1371 meminit

330 1392 426 1422 etiam
446 1399 559 1423 nostrae
574 1393 715 1423 lectionis
738 1395 795 1423 viis
811 1393 844 1422 in
865 1398 1056 1423 commenta-

329 1444 385 1475 rio.
411 1445 528 1475 Confer
543 1455 620 1475 varr.
636 1445 704 1475 lect.
720 1445 824 1475 versus
837 1444 957 1484 prioris.

372 1505 448 1536 Ver.
464 1508 536 1537 557.
560 1507 617 1536 Est
634 1505 753 1543 vocula,
777 1515 847 1546 quae
868 1507 993 1536 dubium
1009 1514 1055 1534 se-

327 1557 435 1598 quitur
444 1557 476 1587 in
486 1557 665 1598 vulgaribus
676 1557 875 1594 editionibus,
891 1568 955 1588 non
970 1567 1055 1588 com-

326 1615 414 1649 paret
429 1609 462 1639 in
479 1610 514 1641 P.
532 1609 570 1640 V.
587 1610 634 1640 ed.
656 1611 692 1640 B.
715 1616 807 1651 atque
829 1610 868 1640 ad
891 1610 965 1640 talia
987 1620 1055 1649 pas-

328 1664 387 1694 sim
402 1664 588 1695 inculcanda
610 1664 745 1694 nimium
768 1664 858 1703 proni
873 1670 947 1694 sunt
961 1664 1053 1694 libra-

327 1716 379 1746 rii:
406 1716 513 1746 confer
537 1715 628 1746 Ovid.
653 1722 726 1746 met.
754 1727 784 1746 x.
803 1719 874 1747 658.
897 1726 935 1746 ex
960 1716 1052 1746 Pont.

326 1767 365 1797 iv.
382 1770 410 1798 7.
427 1770 476 1798 25.

367 1820 443 1850 Ver.
463 1820 649 1862 559.sallit:
669 1819 940 1861 P.fallc1t.—qzcicl
951 1819 1050 1860 prius:

325 1870 367 1901 V.
382 1870 430 1901 ed.
446 1873 533 1911 quod.

366 1929 443 1959 Ver.
464 1932 538 1961 541.
555 1932 768 1970 nigra'inoctis
779 1933 820 1961 ad
831 1932 976 1961 umbram.
1003 1929 1052 1960 Sic

327 1979 490 2021 Virgilius,
507 1992 577 2022 geo.
594 1981 613 2012 i.
628 1985 700 2013 566.
719 1984 814 2012 noctis
830 1992 884 2020 per
896 1983 1032 2011 umbram
1038 1996 1050 2017 ‚-

323 2037 355 2062 et
372 2031 446 2062 AEn.
463 2032 513 2063 vii.
534 2037 605 2064 414.
627 2032 718 2073 nigra
740 2033 1050 2070 nocta—Cancrum,

324 2083 481 2114 suaviores
503 2095 608 2115 versus
630 2085 662 2115 in
686 2085 772 2115 tenui
789 2085 929 2122 materie,
955 2094 1051 2125 quam

322 2136 434 2177 quibus
450 2137 508 2167 hoc
522 2143 642 2167 constat
657 2136 810 2167 distichon
826 2138 924 2176 po'e'tae
942 2136 1048 2174 nostri,

323 2193 354 2217 et
369 2193 434 2218 tota
449 2198 523 2218 sane
538 2188 690 2228 periodus
715 2199 870 2229 nusquam
886 2188 956 2229 legi.

363 2247 441 2278 Ver.
459 2251 530 2279 542.
547 2251 715 2288 perductus
729 2260 832 2280 sermo.
870 2249 968 2279 Recte
977 2260 1050 2289 per-

321 2300 443 2338 ductus,
465 2300 504 2330 ab
521 2310 586 2330 uno
612 2311 710 2341 usque
730 2300 792 2330 fine
807 2299 924 2330 scilicet
946 2300 986 2330 ad
1002 2300 1047 2330 al·

318 2354 434 2387 terum,
458 2350 501 2381 ita
516 2357 552 2381 ut
567 2362 661 2381 omne
677 2351 877 2382 intervallum
892 2351 1047 2390 complea-

322 2406 381 2432 tur.
428 2402 545 2439 Cicero,
563 2413 662 2433 somn.
681 2402 763 2442 Scip.
787 2408 857 2432 sect.
874 2403 964 2432 i.—“
980 2408 1049 2442 post

322 2457 345 2472 ‘⁶
361 2461 467 2485 autem
482 2456 569 2497 regio
581 2462 729 2495 apparatu
742 2455 867 2495 accepti,
883 2467 1047 2487 sermonem

322 2510 344 2525 “
360 2507 394 2537 in
410 2508 543 2538 multam
558 2514 680 2539 noctem
691 2508 923 2548 produximusl'
940 2508 1048 2539 Etiam

320 2559 416 2597 bene;
438 2559 502 2596 sed,
525 2560 550 2590 si
574 2570 750 2590 sermonem
772 2559 811 2590 ad
823 2562 924 2602 finem
948 2560 1047 2591 noctis

319 2611 565 2650 continuassent,
587 2612 753 2651 scripsisset
769 2611 821 2642 ille
830 2614 1043 2652 perduximus:

320 2662 390 2692 vide
404 2673 460 2693 nos
474 2663 514 2694 ad
529 2664 560 2694 ii.
588 2667 678 2695 1116.
722 2663 824 2702 Idem,
852 2670 964 2694 senect.
995 2667 1042 2694 14.

321 2712 472 2744 diversam
497 2715 671 2746 dictionum
693 2715 954 2757 significationem
975 2715 1046 2755 pul-

321 2764 393 2794 chre
408 2765 542 2796 declarat
552 2770 630 2797 :—“
646 2778 716 2808 quae
731 2767 860 2808 quidem
875 2767 908 2797 in
925 2767 1047 2798 Sabinis

321 2817 345 2832 “
361 2815 454 2845 etiam
471 2818 609 2857 persequi
626 2818 721 2857 soleo,
743 2819 985 2859 conviviumque
999 2818 1044 2848 vi-

320 2868 342 2884 “
359 2866 502 2897 cinorum
530 2869 668 2908 quotidie
697 2870 850 2909 compleo,
886 2870 971 2910 quod
1005 2869 1045 2901 ad

1107 761 1129 777 “
1146 757 1278 789 multam
1295 765 1425 796 noctem,
1449 770 1542 801 quam
1567 761 1702 791 maxime
1721 772 1826 801 pussu-

1107 812 1128 828 “
1144 821 1218 846 mus,
1252 811 1335 840 vario
1363 822 1496 842 sermone
1521 815 1720 852 producimus
1728 811 1763 842 .·‘’
1801 812 1828 842 si

1105 872 1177 892 cum
1193 862 1304 901 seipso,
1327 862 1399 893 ibid.
1430 867 1476 894 17.
1496 870 1705 903 comparetur:
1737 867 1759 882 “
1780 864 1827 894 M.

1105 913 1272 953 “quidem
1298 913 1461 944 Valerium
1490 913 1627 945 Corvum
1652 914 1831 954 accepimus

1105 966 1127 981 “
1144 963 1184 993 ad
1209 964 1413 994 centesimum
1437 975 1556 995 annum
1578 965 1673 996 vitam
1694 968 1827 1006 perdux·

1105 1017 1127 1032 “
1144 1015 1274 1045 isse—-.”
1319 1015 1450 1054 Nempe,
1473 1015 1506 1045 in
1531 1017 1590 1046 hoc
1614 1016 1684 1047 loco
1705 1023 1829 1057 tempus

1103 1065 1268 1096 definitum
1284 1066 1460 1103 exhibetur;
1485 1066 1517 1096 iu
1540 1066 1595 1097 illo
1616 1073 1735 1106 autem,
1757 1067 1828 1098 nul·

1103 1116 1141 1147 lis
1156 1115 1246 1147 certis
1259 1116 1412 1147 limitibus
1433 1117 1709 1158 circumscriptum.
1742 1118 1830 1149 Hinc

1103 1167 1188 1198 enim
1204 1178 1276 1198 vero
1287 1174 1412 1208 paratus
1423 1169 1584 1199 accesseris
1593 1168 1633 1199 ad
1641 1169 1828 1200 sententiam

1103 1219 1142 1249 de
1158 1219 1218 1249 illis
1233 1220 1308 1250 locis
1322 1220 1592 1259 interponendam,
1615 1230 1706 1260 super
1716 1221 1829 1262 quibus

1103 1271 1351 1312 disquisitionem
1367 1272 1465 1302 movit
1479 1272 1765 1311 Drakenborchius,
1787 1273 1828 1304 ad

1103 1323 1171 1354 Liv.
1186 1324 1314 1354 xxxviii.
1333 1327 1384 1356 50.
1402 1328 1431 1354 1.
1456 1334 1531 1354 nam
1554 1325 1739 1364 paucissima
1754 1330 1827 1356 sunt

1102 1376 1161 1405 hoc
1176 1385 1290 1415 genere
1304 1375 1454 1414 profecto,
1483 1385 1638 1406 remoram
1662 1375 1827 1406 lectoribus

1100 1426 1181 1456 meis
1193 1426 1326 1464 factura,
1343 1437 1402 1456 nee
1410 1428 1572 1457 obscuram
1587 1437 1661 1457 sane
1675 1437 1754 1465 rem,
1769 1437 1827 1458 nec

1100 1477 1349 1517 perplexabilem,
1373 1478 1416 1508 sic
1441 1479 1629 1510 tenentibus.
1671 1480 1827 1510 Accurate

1100 1529 1285 1570 glossarium
1300 1535 1398 1560 vetus:
1428 1533 1448 1548 “
1466 1532 1617 1568 Perduco,
1641 1530 1742 1570 διαγω,
1759 1529 1824 1572 διερ-

1102 1585 1124 1600 “
1140 1594 1245 1621 χομαι.
1278 1583 1440 1619 Producit,
1463 1594 1584 1617 εκτεινιι,
1608 1582 1727 1621 εξοιγει.”

1144 1636 1218 1666 Ver.
1235 1640 1306 1668 543.
1324 1636 1469 1677 prcfitsus
1482 1648 1586 1668 sermo.
1619 1637 1667 1667 M.
1686 1635 1824 1675 Tullius,

1098 1687 1131 1716 in
1147 1687 1241 1718 Tusc.
1263 1687 1362 1726 dispp.
1387 1687 1418 1718 ii.
1442 1692 1492 1718 22.
1510 1687 1632 1718 fin.—“
1648 1687 1681 1718 in
1692 1687 1824 1728 ywqfun-

1098 1742 1120 1756 “
1135 1738 1235 1769 dendti
1262 1750 1329 1770 voce
1344 1749 1437 1769 omne
1452 1749 1563 1778 corpus
1577 1738 1825 1769 intenditur—.”

1098 1791 1142 1821 Et
1156 1790 1196 1821 de
1211 1796 1273 1821 nat.
1289 1791 1371 1821 deor.
1387 1790 1418 1822 ii.
1434 1794 1484 1823 59.
1514 1794 1537 1809 “
1554 1791 1604 1822 Ea
1619 1790 1759 1832 (lingua)
1774 1803 1824 1823 vo·

1100 1845 1121 1859 “
1136 1853 1198 1873 cem
1215 1842 1408 1873 inmoderate
1420 1842 1580 1883 profusam
1597 1841 1698 1883 fingit,
1715 1849 1747 1873 et
1761 1848 1822 1874 ter-

1098 1897 1121 1912 “
1136 1894 1309 1925 minat—.’'
1329 1894 1451 1925 Similes
1466 1894 1616 1925 formulas
1627 1894 1820 1925 Groecimul-

1095 1947 1185 1977 toties
1205 1947 1421 1978 adhibuerant.
1467 1947 1554 1978 Testi
1579 1947 1619 1978 sit
1643 1946 1820 1987 Euripides,

1098 1999 1191 2038 Supp.
1209 2002 1279 2030 775.

1151 2095 1219 2135 ’ᾼδε
1229 2104 1256 2121 τε
1270 2097 1422 2122 ΜΟΛΪῙΑΣ
1438 2096 1558 2122 ΕΚΧΕΩ
1573 2095 1732 2130 δακρυρροκς.

1137 2196 1211 2227 Ver.
1223 2199 1294 2228 545.
1320 2198 1440 2227 Multa:
1468 2196 1507 2226 V.
1527 2195 1575 2226 ed.
1599 2197 1820 2236 Mam—quo-

1093 2252 1196 2280 niam:
1214 2250 1255 2280 V.
1271 2249 1321 2280 ed.
1337 2261 1426 2290 qum‚·
1448 2254 1482 2281 Δ.
1494 2251 1657 2290 quomodo;
1676 2255 1716 2280 Π.
1731 2259 1817 2288 cum;

1093 2303 1113 2333 i.
1123 2313 1149 2333 e.
1164 2298 1222 2341 ([ἦῖ.

1135 2353 1216 2385 Ibid.
1231 2355 1344 2385 amittit
1360 2356 1397 2385 dc
1411 2364 1532 2394 corpore
1539 2359 1668 2394 partem.
1699 2353 1818 2390 Cicero,

1092 2405 1131 2437 ad
1146 2403 1242 2435 famil.
1265 2405 1352 2444 epist.
1367 2404 1417 2435 vii.
1433 2409 1483 2435 26.
1508 2407 1530 2424 “
1546 2405 1618 2446 Ego
1641 2404 1692 2435 hic
1713 2404 1817 2446 cogito

1091 2461 1115 2477 ⁴⁴
1130 2456 1324 2492 commorari,
1339 2455 1442 2497 quoad
1457 2466 1508 2486 me
1523 2455 1675 2486 reficiam:
1697 2465 1771 2486 narn
1785 2461 1817 2486 et

1092 2513 1114 2528 “
1130 2509 1208 2539 vires
1232 2514 1263 2539 et
1285 2518 1393 2548 corpus
1419 2506 1541 2538 amz'si.’‘
1565 2505 1684 2537 Videas
1709 2512 1815 2537 autem

1090 2560 1132 2590 ad
1147 2560 1166 2590 i.
1185 2563 1274 2590 1058.
1290 2565 1405 2590 notata.
1709 2598 1713 2600 -

1093 2613 1258 2648 Caeterum,
1289 2611 1441 2642 editiones
1469 2610 1574 2651 plures
1593 2614 1716 2650 ponunt
1736 2618 1813 2638 verr.

1090 2667 1162 2695 555.
1178 2666 1250 2695 556.
1265 2669 1335 2702 post
1348 2664 1434 2693 huuc
1447 2671 1586 2698 versum;
1601 2658 1689 2690 nulla
1703 2658 1742 2689 de
1757 2669 1812 2689 ne-

1090 2715 1228 2746 cessitate
1258 2714 1475 2745 auctoritatem
1499 2711 1643 2743 omnium
1673 2716 1812 2740 veterum

1089 2766 1313 2806 exemplarium
1328 2764 1553 2796 conculcantes.
1589 2762 1656 2793 Nos
1669 2761 1812 2792 ordinem

1089 2828 1183 2849 suum
1211 2817 1402 2848 camlinibus
1435 2815 1578 2856 religiose
1610 2813 1810 2844 restituimus.

1089 2869 1255 2900 Distichon
1270 2877 1345 2898 sane
1359 2867 1490 2898 omnino
1504 2865 1590 2897 deest
1606 2871 1644 2896 Π.
1661 2863 1767 2897 codici.
