1912 3292
384 146 447 187 46

886 143 948 192 T.
1001 143 1383 196 LUCRETII

587 273 662 316 Est
681 275 804 317 etiam
824 275 935 317 calor
954 275 1020 317 ille
1039 276 1194 329 animo,
1224 293 1348 335 quem
1368 281 1492 324 sumit
1511 283 1555 323 in
1575 283 1653 335 ire,

412 349 497 387 290
527 346 670 397 Quom
689 348 893 400 fervescit;
925 358 967 391 et
986 364 1039 392 ex
1059 351 1186 394 oculis
1205 354 1330 396 micat
1351 355 1513 398 acribus
1533 357 1671 400 ardor.

525 422 603 464 Est
621 432 661 465 et
681 423 830 483 frigida
849 425 992 476 multa,
1024 441 1160 469 comes
1183 427 1450 481 Formidinis,
1480 446 1601 483 aura;

525 496 622 546 Qus
643 499 722 540 ciet
741 498 958 542 horrorem
978 500 1192 553 membris,
1218 511 1260 544 et
1279 504 1462 546 concutit
1481 513 1606 548 artus.

525 571 601 613 Est
620 573 744 615 etiam
764 589 928 631 quoque
947 575 1086 630 pacati
1106 583 1233 618 status
1253 578 1357 620 ae'ris
1377 579 1459 629 ille,

524 645 698 689 Pectore
717 649 937 706 tranquillo
956 649 1005 692 fit
1024 650 1112 707 qui,
1144 651 1338 709 voltuque
1357 667 1517 695 sereno.

378 803 515 834 Pulchre
540 804 727 842 Columella,
750 806 800 837 vii.
826 810 878 838 12.
905 812 934 840 4.
957 814 987 839 et
1009 819 1104 849 appo-

376 854 433 884 site
458 855 619 886 Lucretio:
648 859 671 875 ‘⁴
794 858 893 899 nigris
914 859 964 889 vel
986 859 1107 900 glaucis

377 908 399 923 ‘⁶
414 907 522 944 oculis,
544 908 614 937 acri
627 908 743 939 lumine
759 911 1030 942 radiantibus-‚²⁸

416 956 491 987 Ver.
508 961 582 989 292.
611 957 678 993 Quc‘i
691 972 701 989 :
726 969 851 999 nempe,
883 964 906 980 “
924 961 986 992 Per
1007 972 1104 1003 quam

374 1011 397 1026 ‘⁴
413 1008 564 1040 Formido
578 1009 668 1041 ciet.''
708 1010 760 1041 Ita
773 1011 889 1053 legitur
902 1011 937 1042 in
952 1012 988 1044 P.
1004 1013 1102 1046 Vind.

374 1058 414 1089 V.
430 1059 478 1090 ed.
494 1060 532 1091 Β.
548 1066 580 1091 et
594 1060 705 1092 eodem
720 1061 802 1093 redit
821 1064 945 1098 Quatiet
959 1063 992 1094 in
1010 1071 1051 1096 Π.
1068 1069 1103 1097 Σ.

371 1122 388 1142 ι·
404 1116 459 1142 ett
473 1111 589 1151 passim
597 1113 794 1152 permutatis:
813 1114 917 1145 caeteri
928 1115 1012 1154 libri,
1029 1118 1105 1151 Quae

370 1165 635 1194 ciet—concutit:
662 1163 706 1194 sic
731 1174 829 1195 ausus
853 1176 926 1196 sum
952 1167 1104 1208 castigare

370 1214 521 1246 librorum
550 1216 697 1246 omnium
732 1216 912 1256 lectionem,
949 1221 1101 1257 concitat,-

370 1277 468 1308 quam
482 1267 563 1297 nihil
576 1266 749 1308 adjuvabit,
765 1268 894 1300 alterius
907 1271 1038 1301 omnino
1052 1281 1101 1301 ra-

368 1318 473 1355 tionis,
496 1328 571 1349 mox
586 1319 714 1351 veniens
728 1330 789 1352 ver.
804 1324 877 1352 301.
913 1321 1016 1353 Voces
1029 1333 1104 1355 con-

369 1373 429 1402 cito
445 1377 477 1402 et
491 1374 630 1404 concutio
652 1372 893 1405 confunduntur
907 1374 1038 1406 librariis
1060 1377 1102 1408 ad

371 1423 464 1454 Ovid.
488 1424 556 1455 fast.
583 1424 603 1455 i.
629 1428 702 1456 436.
737 1428 860 1458 Concita
885 1433 987 1467 potest
1014 1431 1036 1447 “
1052 1438 1102 1460 res

368 1479 392 1494 “
407 1475 513 1516 plures
534 1476 575 1508 ad
596 1487 699 1508 unum
721 1478 829 1509 locum
854 1478 946 1516 ciere,
969 1480 1018 1511 vel
1032 1491 1100 1512 rem

369 1531 390 1547 “
406 1539 505 1560 unam
520 1529 561 1560 ad
575 1529 690 1560 alias:”
707 1531 762 1571 qui
774 1541 884 1562 sensus
892 1532 1043 1564 Lucretio
1053 1540 1101 1564 est

365 1579 583 1611 alienissimus
628 1581 794 1623 Virgilius,
818 1583 894 1614 AEn.
908 1583 960 1615 xii.
973 1588 1045 1616 468.

384 1651 441 1675 Hoc
451 1657 569 1675 concussa
581 1655 648 1676 metu
659 1656 794 1684 mentem,
809 1654 925 1685 Juturna
941 1654 1073 1687 vimgo—.

368 1717 572 1756 Claudianus,
588 1717 628 1748 de
642 1718 713 1749 bell.
731 1719 801 1750 Get.
816 1722 891 1751 572.

424 1792 538 1818 Conscia
547 1793 647 1818 servilis
655 1794 798 1826 praecordia
808 1795 918 1821 concutit
931 1796 1028 1822 horror.

365 1859 568 1900 Prudentius,
584 1862 747 1902 peristeph.
764 1864 783 1894 i.
805 1867 873 1895 115.
889 1863 984 1906 longe
999 1875 1095 1906 appo·

365 1912 523 1943 sitissime:

391 1981 498 2014 Algidus
509 1989 594 2014 quum
606 1984 745 2010 decoloros
755 1985 844 2010 horror
853 1990 927 2011 artus
938 1989 1058 2013 concutit.

362 2047 460 2078 Vides
487 2048 629 2089 singulas
653 2049 804 2081 dictiones
832 2051 1028 2085 Lucretianis
1049 2054 1094 2085 ita

359 2100 551 2130 examussim
576 2101 752 2139 convenire,
782 2109 819 2133 ut
845 2103 920 2134 inde
945 2104 1093 2137 derivatae

360 2150 458 2181 videri
480 2152 608 2191 possint.
652 2153 725 2193 Ipse
743 2153 842 2185 Carus
856 2162 962 2186 autem
977 2157 1026 2188 sui
1041 2169 1090 2189 as-

359 2208 458 2234 sertor
472 2209 518 2233 est
532 2203 678 2234 omnium
693 2206 875 2246 acerrimus,
891 2207 932 2238 ad
943 2209 982 2239 vi.
994 2213 1066 2242 594.

374 2281 462 2313 Frigus
471 2282 540 2312 utei,
555 2285 660 2308 nostros
669 2283 776 2315 penitus
786 2291 870 2316 quom
881 2286 994 2312 venitin
1005 2291 1089 2319 artus,

373 2321 485 2347 concutit
495 2322 605 2354 invitos,
620 2330 720 2356 cogens
730 2328 848 2352 tremere
856 2331 940 2358 atque
949 2334 1071 2354 movere.

359 2388 529 2428 Caeterum,
552 2389 685 2422 libenter
710 2391 844 2423 dixerim
871 2393 912 2424 ad
931 2395 1017 2426 hunc
1041 2395 1087 2426 lo-

357 2450 431 2470 cum
460 2441 599 2482 Virgilio
627 2443 784 2484 conjectos
816 2455 883 2476 esse
911 2446 1018 2477 oculos
1047 2449 1086 2478 ab

356 2492 432 2523 AEn.
447 2493 491 2524 iii.
517 2497 567 2526 29.
594 2493 673 2526 adeo
694 2496 844 2538 utrinque
863 2505 1015 2530 consonat
1036 2499 1085 2531 di-

356 2544 448 2575 cendi
463 2551 567 2577 tenor:

755 2625 822 2651 Mihi
824 2626 941 2659 frigidus
951 2628 1039 2653 horror

370 2660 486 2685 Membra
496 2662 590 2693 quatit,
596 2663 750 2697 gelidusque
757 2665 813 2691 coit
816 2666 960 2698 formidine
966 2668 1082 2701 sanguis.

354 2725 462 2757 Adeas
485 2727 620 2769 denique
650 2731 814 2771 Senecam,
847 2733 922 2764 OEd.
948 2736 1021 2766 576.
1053 2739 1086 2766 et

356 2779 493 2809 Statium
507 2779 581 2811 hinc
596 2781 765 2824 intelligas,
789 2784 889 2816 Theb.
905 2785 944 2817 vi.
960 2789 1036 2819 595.

385 2849 530 2876 Concurrit
538 2856 660 2878 summos
670 2853 812 2880 animorum
814 2854 905 2887 frigus
916 2854 946 2882 in
955 2858 1028 2882 artus
1038 2864 1045 2881 z

1149 811 1190 841 ob
1204 811 1363 851 trepidum
1384 812 1532 842 timorem
1555 811 1594 843 de
1609 812 1751 845 victoriis:
1777 814 1882 847 videas

1148 867 1252 892 totum
1267 862 1373 893 locum
1388 862 1422 893 in
1438 863 1520 894 notis
1535 863 1648 894 nostris
1662 865 1816 905 superius,
1839 867 1881 898 ad

1148 913 1180 944 ii.
1199 913 1270 945 263.

1192 965 1268 996 Ver.
1295 969 1370 998 293.
1400 968 1494 998 etiam
1519 978 1652 1008 quoque.-
1687 968 1830 1000 conferas
1852 979 1880 1002 v.

1151 1018 1222 1048 154.
1271 1017 1322 1048 Sic
1338 1017 1484 1058 Plautus,
1508 1019 1626 1059 Amph.
1641 1020 1717 1060 prol.
1732 1024 1784 1052 30.

1179 1083 1269 1114 Atque
1279 1090 1330 1116 ego
1340 1091 1437 1118 quoque
1446 1086 1534 1117 ellam,
1550 1087 1597 1118 qui
1607 1087 1681 1119 Jovis
1690 1095 1750 1113 sum
1761 1088 1830 1124 filius
1839 1096 1848 1114 t
1901 1106 1905 1111 ·

1147 1146 1184 1172 nt
1200 1141 1378 1184 frequenter
1398 1142 1483 1174 alibi.
1527 1143 1707 1184 Terentius,
1730 1145 1814 1177 Hec.
1838 1146 1878 1177 iv.
1900 1186 1904 1196 v

1146 1194 1166 1225 i.
1182 1198 1233 1226 28.

1261 1255 1319 1286 jam
1330 1255 1429 1286 oderit,
1448 1263 1476 1281 se
1485 1263 1583 1289 quoque
1593 1257 1669 1282 etiam
1680 1265 1765 1290 quum
1777 1259 1877 1286 oderit.
1901 1269 1903 1276 ¹

1149 1303 1303 1334 Consulas
1333 1303 1451 1335 ibidem
1478 1306 1739 1339 VVesterhovium.
1786 1309 1877 1349 Apu-
1902 1301 1903 1317 ³

1145 1353 1237 1392 leius‚
1251 1361 1324 1386 met.
1336 1356 1378 1387 ix.
1393 1358 1452 1387 sub
1468 1356 1520 1388 fin.
1539 1368 1568 1397 p.
1587 1362 1658 1390 811.
1683 1363 1706 1378 ‘⁶
1722 1360 1874 1400 Prohinc,

1147 1408 1169 1424 “
1184 1416 1235 1436 me
1250 1418 1367 1448 quoque
1381 1408 1445 1448 peti
1460 1419 1578 1450 magno
1588 1412 1681 1441 etiam
1697 1410 1756 1442 deo
1770 1411 1875 1444 famu-

1145 1461 1167 1476 “
1185 1457 1265 1496 lum,
1287 1460 1402 1490 sentire
1421 1459 1599 1492 deberem.'‘
1646 1462 1736 1494 Hinc
1750 1463 1874 1496 videtur
1900 1460 1902 1470 '

1144 1518 1236 1547 porro
1259 1509 1379 1540 Lucius
1397 1510 1564 1550 Ampelius
1585 1511 1618 1541 in
1635 1521 1700 1552 cap.
1715 1517 1745 1544 8.
1768 1524 1876 1546 emen.

1143 1559 1275 1592 dandus:
1305 1565 1328 1580 “
1340 1562 1434 1599 Item,
1449 1562 1629 1594 Palamedis
1639 1564 1771 1597 cithara:
1786 1567 1877 1598 Mar.

1144 1614 1166 1630 “
1182 1613 1206 1642 ti
1220 1615 1313 1644 etiam
1336 1625 1453 1654 quoque
1468 1614 1589 1645 corium
1606 1616 1684 1646 remi
1702 1617 1872 1658 Argonau-

1143 1669 1166 1686 “
1182 1673 1297 1705 tarum,
1320 1675 1352 1699 et
1365 1669 1571 1710 gubernaculi
1586 1670 1779 1702 brachia—.''
1816 1672 1875 1704 Li-

1136 1719 1194 1755 bri,
1216 1726 1319 1751 autem
1335 1731 1463 1761 quoque.

1179 1770 1254 1807 ver.
1271 1774 1342 1803 294.
1355 1773 1400 1815 fic
1415 1774 1486 1813 μιν
1505 1772 1543 1803 Β.
1563 1772 1604 1804 ο.
1621 1775 1750 1814 siequ1·‚·
1767 1773 1806 1806 P.
1815 1777 1874 1816 qm·
1898 1770 1901 1791 ³

1128 1827 1184 1866 fit.

1185 1877 1266 1909 Ibid.
1281 1879 1362 1910 voltu
1377 1888 1492 1910 sereno.
1517 1877 1728 1918 Mantuanus,
1746 1879 1821 1912 AEn.
1837 1879 1874 1912 ii.

1139 1932 1213 1961 285.

1393 1997 1464 2028 Quae
1475 2002 1566 2022 caussa
1576 1996 1686 2030 indigna
1697 2005 1794 2023 serenos

1168 2035 1279 2060 Fedavit
1291 2035 1382 2060 voltus
1390 2036 1403 2060 ?

1179 2094 1254 2125 Ver.
1270 2098 1342 2126 295.
1364 2103 1405 2127 est
1422 2106 1487 2126 non
1502 2096 1620 2138 legitur
1631 2097 1665 2127 in
1684 2104 1724 2129 Π.
1737 2103 1768 2129 et
1782 2098 1873 2130 idem

1134 2145 1231 2176 codex
1247 2147 1341 2178 habet
1355 2151 1521 2188 quondam,
1537 2148 1606 2180 loco
1619 2151 1724 2181 corda.

1180 2197 1261 2228 Ibid.
1277 2201 1381 2235 corda,
1397 2205 1434 2230 ut
1448 2210 1522 2230 mox
1537 2202 1676 2232 leonum:
1694 2200 1739 2231 sic
1751 2211 1777 2231 v.
1793 2203 1866 2233 862.
1895 2197 1897 2203 ¹

1133 2260 1246 2280 canum
1272 2253 1377 2282 corda.
1425 2251 1520 2283 Unde
1546 2252 1618 2283 viris
1643 2252 1773 2283 eruditis
1798 2262 1865 2283 non
1894 2267 1897 2298 Ξ

1133 2301 1278 2341 equidem
1294 2313 1408 2334 manus
1422 2303 1572 2341 dederim,
1595 2303 1635 2335 ad
1648 2304 1780 2336 Anthol.
1794 2305 1869 2337 Lat.
1892 2306 1896 2324 ³

1133 2353 1243 2384 Burm.
1259 2354 1302 2385 iii.
1318 2357 1369 2386 65.
1385 2357 1415 2386 7.
1894 2362 1896 2366 “

1192 2429 1265 2454 Ante
1275 2429 1327 2454 feri
1337 2430 1422 2455 cervis
1432 2430 1595 2457 submittent
1606 2431 1684 2456 corda
1695 2431 1797 2462 leones,

1223 2471 1356 2502 Saevaque
1366 2471 1486 2498 dediscet
1497 2472 1592 2505 praeiia
1602 2476 1695 2499 torvus
1704 2479 1785 2505 aper:

1129 2545 1196 2566 uno
1210 2545 1364 2567 consensu
1380 2538 1613 2570 rescribendum
1630 2549 1696 2570 esse
1711 2538 1864 2570 edicenti-

1129 2588 1188 2618 bus
1204 2589 1293 2626 colla,
1309 2589 1379 2620 loco
1393 2593 1496 2622 corda.
1890 2624 1892 2626 .

1171 2638 1244 2670 Ver.
1257 2643 1328 2672 296.
1345 2652 1427 2673 mens
1442 2641 1529 2673 deest
1542 2641 1582 2673 V.
1599 2641 1862 2684 ed.—-O.ferve³-
1890 2671 1893 2678 .

1127 2693 1179 2722 cit.
1892 2690 1895 2697 ⁴

1173 2741 1254 2773 Ibid.
1271 2745 1430 2775 Iracunda
1446 2756 1547 2776 mens:
1573 2745 1700 2786 qualem
1715 2745 1864 2784 Flaccus,
1890 2775 1898 2791 ,ἱ

1127 2794 1166 2826 de
1181 2804 1213 2825 se
1228 2794 1297 2834 ipso
1307 2794 1450 2836 loquens,
1462 2796 1590 2835 vocitat,
1605 2799 1702 2828 irasci
1705 2796 1865 2844 facilemaep
1889 2803 1892 2841 ζ

1129 2856 1206 2879 nam
1226 2848 1397 2879 iracundus
1419 2847 1541 2889 utique,
1562 2847 1726 2889 proclivior
1747 2853 1795 2880 est
1815 2844 1863 2886 a&
1890 2851 1896 2883 ἰ,
