1912 3292
315 179 411 219 214

814 167 876 216 T.
929 161 1312 214 LUCRETII

456 300 513 342 Et
533 300 652 357 volgo
671 298 826 342 faciunt
844 298 888 340 id
907 298 1015 340 lutea
1034 310 1228 352 russaque
1246 293 1348 345 vela,

453 374 509 416 Et
528 374 752 432 ferrugina,
773 387 914 430 quom,
936 371 1098 430 magnis
1117 370 1276 412 intenta
1294 367 1478 417 theatris,

314 530 366 562 De
381 530 535 562 coloribus
548 536 654 561 autem
670 532 749 561 luteo
764 540 921 571 russaque,
938 529 985 560 vel
1001 540 1039 560 ex

313 582 478 613 tritissimis
491 582 652 622 poetarum
667 581 751 617 locis,
763 587 856 622 atque
870 581 1040 622 lexicogra-

313 633 393 673 phis,
417 633 524 664 omnia
551 639 624 664 sunt
648 632 783 673 vulgata.
827 632 970 663 Paucula
993 639 1039 662 ta-

314 695 388 715 men
403 689 606 725 apponentur.
651 684 774 713 Vocem
795 693 900 713 russas
919 682 1040 712 Ennia-

313 745 393 766 num
407 736 619 776 fragmentum
635 735 728 764 habet
742 732 827 772 apud
844 732 986 763 Ciceron.
1001 732 1041 763 de

313 787 374 818 div.
390 788 420 818 ii.
437 791 486 818 26.
509 787 553 816 ita
567 785 737 826 legendum
753 791 783 815 ct
797 784 1041 824 disponendum;

315 849 389 870 nam
403 838 499 879 vulgo
513 837 628 878 legitur
637 827 751 877 plausu
768 842 799 867 et
813 839 898 868 alas:

539 910 633 936 favent
647 909 765 935 saucibu’
777 910 855 934 russis

406 951 507 980 cantu,
514 949 689 982 plausumque
699 952 828 982 premunt
839 949 901 974 alis.-

313 1023 332 1053 i.
345 1033 370 1053 e.
395 1025 417 1041 “
433 1034 503 1054 cum
514 1022 657 1053 faucibus
671 1022 778 1052 favent
794 1021 908 1058 cantui,
929 1027 961 1052 et
975 1033 1044 1054 cum

313 1078 322 1093 ‘
330 1078 338 1093 ‘
354 1074 412 1106 alis
421 1080 568 1115 premunt
577 1072 914 1114 plausum:”—tacent
923 1083 1045 1112 nempe,
1059 1080 1069 1085 ”

316 1133 348 1157 et
362 1127 540 1168 quiescunt.
587 1128 689 1157 Russa
712 1131 795 1161 sunt,
811 1126 903 1155 rubra
928 1124 1044 1165 utique,

316 1178 364 1209 vel
392 1180 558 1218 sanguinei
578 1176 704 1208 coloris:
730 1176 816 1207 unde
839 1175 1045 1214 Prudentius,

316 1229 419 1269 pei-ist.
434 1239 463 1260 x.
481 1233 553 1261 908.

376 1303 439 1328 Pers
439 1309 483 1327 usa
491 1302 605 1334 pulcher
615 1306 708 1327 menta
719 1309 789 1326 russo
799 1305 946 1327 stemmate

378 1345 452 1374 Fert,
463 1348 491 1368 et
501 1343 599 1368 cruenti
612 1342 727 1375 pectoris
737 1346 841 1374 spectat
852 1343 950 1373 decus;

378 1385 505 1415 ostroque
507 1383 613 1415 fruitur
624 1383 715 1413 vestis,
726 1386 757 1407 ut
765 1384 821 1414 jam
832 1383 925 1415 regiae.

318 1447 369 1478 Sic
385 1447 504 1488 legam,
520 1447 648 1478 vocibus
662 1446 867 1486 transpositis,
883 1447 916 1477 in
931 1446 1046 1477 ultimo

317 1508 418 1535 versu,
445 1499 587 1538 proxime
607 1498 646 1529 ad
660 1497 812 1539 quosdam
828 1498 958 1529 codices.
1002 1498 1047 1528 Et

318 1550 427 1580 omnia
437 1550 587 1580 assimilat
600 1549 799 1589 imperatorio
809 1550 932 1580 ornatui
944 1550 1050 1589 po'eta;

319 1600 501 1639 diademati,
516 1601 630 1639 balteo,
639 1600 869 1641 laticlavioque:
889 1601 975 1632 unde
985 1611 1049 1631 non

321 1652 498 1684 audiendus
507 1659 552 1683 est
565 1652 734 1683 Salmasius
745 1652 968 1683 subtilissimus
976 1663 1050 1683 cum

321 1713 379 1734 suo
400 1704 559 1741 acumine,
585 1709 756 1739 scammate,
780 1703 800 1733 i.
824 1713 852 1734 e.
880 1709 1051 1744 stagmate3

322 1755 388 1786 vice
402 1754 728 1789 stemmata—Porro,
742 1759 835 1784 navet
845 1764 974 1794 operam
985 1754 1051 1785 Lu-

322 1807 418 1837 cretio
434 1806 627 1837 Ammianus
650 1805 869 1843 Marcellinus,
891 1816 941 1836 xx.
959 1809 1054 1836 11.—

324 1862 348 1878 “
363 1869 494 1900 sequens
524 1858 656 1900 (species
687 1857 790 1898 iridis)
813 1858 918 1899 fulva,
948 1857 982 1889 id
1011 1864 1057 1889 est

325 1912 348 1929 “
364 1910 471 1950 paullo
493 1910 654 1940 excitatior
675 1919 772 1949 quam
792 1911 873 1940 lutea
879 1925 890 1946 ;
919 1911 1056 1950 punicea

327 1965 351 1982 “
366 1962 534 1992 tertia—.”
581 1964 681 1993 Russa
699 1971 813 2000 nempe
827 1961 960 2003 ῥυσιωδη.·
986 1961 1058 1992 vide

327 2012 422 2044 schol.
442 2012 482 2043 ad
498 2013 597 2043 Hom.
623 2012 683 2043 Od.
709 2018 732 2042 1.
751 2015 822 2043 125.

370 2065 447 2095 Ver.
462 2068 512 2096 74.
523 2064 728 2105 ferruginea:
755 2064 792 2094 B.
818 2064 866 2094 M.
891 2064 930 2095 Ο.
955 2068 990 2095 Δ.
1015 2070 1057 2095 Π.

325 2115 680 2157 ferruginem—intenta
690 2129 700 2145 .·
728 2120 762 2146 Δ.
778 2122 872 2146 tensa.

371 2166 452 2198 Ibid.
465 2167 654 2208 jer-ragina:
672 2167 693 2197 i.
708 2177 734 2197 e.
747 2166 888 2202 caerulea,
903 2167 1057 2203 subfusca,

331 2219 539 2260 hyacinthina.
585 2218 750 2259 Virgilius,
765 2228 835 2259 geo.
853 2219 891 2249 iv.
910 2222 958 2249 18.

362 2288 396 2312 Et
407 2287 535 2320 pinguem
547 2286 644 2316 tiliam,
656 2289 683 2311 et
686 2286 850 2318 ferrugineos
860 2286 1013 2318 hyacinthos.

332 2349 355 2364 “
373 2347 511 2385 Ferrugo
527 2345 638 2376 coloris
659 2356 759 2386 genus
783 2352 837 2381 est,
864 2345 918 2385 qui
941 2345 1061 2375 vicinus

333 2401 356 2416 “
373 2404 419 2428 est
442 2408 595 2438 pur-patrm
624 2397 821 2437 subnigroe:‘’
861 2397 986 2428 Servius
1021 2396 1062 2426 ad

333 2449 424 2490 virg.
441 2450 515 2479 AEn.
530 2449 571 2480 ix.
589 2452 660 2481 582.
682 2451 863 2480 “Ταν.ινθινον·
887 2449 1062 2488 ὑπομελαν-

334 2501 390 2541 ζον,
408 2500 580 2542 παρφυριζον·
599 2499 787 2540 Hesychius.
827 2499 979 2530 Conferas
995 2499 1062 2529 No-

335 2551 426 2581 nium
447 2551 650 2589 Marcellum,
666 2551 728 2581 xvi.
745 2554 773 2582 7.
821 2550 881 2581 Sed
896 2550 983 2581 enim
997 2549 1062 2580 dic-

335 2603 429 2634 tionis
454 2610 593 2644 etymon,
619 2603 674 2645 qui
689 2602 774 2634 color
797 2602 847 2640 sit,
869 2601 988 2644 liquido
1010 2601 1065 2632 de-

338 2653 442 2685 clarat.

381 2706 456 2736 Ver.
472 2710 522 2738 75.
544 2709 660 2739 trabes:
687 2706 784 2737 Vind.
800 2706 854 2737 dat
868 2707 1066 2737 tabes—tre-

338 2758 469 2787 mentia:
496 2758 623 2797 quidam
648 2758 699 2789 Pii
726 2758 855 2792 codices,
879 2759 1069 2788 tenentia.—

329 2808 485 2846 fluceant:
511 2807 554 2837 sic
573 2809 620 2838 M.
643 2809 780 2839 breviata
805 2819 886 2844 voce,
912 2815 950 2839 ut
972 2807 1067 2839 modo

330 2858 513 2898 ferrugina,
539 2869 596 2898 pro
618 2860 736 2900 vulgari
755 2861 953 2901 ferruginea.
999 2860 1066 2890 De·

1083 526 1197 557 derunt
1210 524 1344 555 editores
1359 521 1505 554 nonnulli
1509 524 1644 563 flutant,
1658 531 1717 562 pro
1726 523 1808 565 flui-

1085 584 1161 612 tant,
1185 583 1222 607 ut
1247 576 1287 606 ad
1309 575 1354 606 iii.
1373 579 1442 607 190.
1466 574 1519 604 sed
1534 574 1567 604 in
1582 573 1724 604 hocloco
1746 574 1814 604 sine

1083 629 1176 663 libris,
1189 637 1267 668 quos
1282 637 1346 657 non
1361 626 1434 656 licet
1449 625 1540 657 nobis
1554 625 1747 665 contemptui
1759 626 1815 656 ha·

1083 681 1168 717 bere,
1183 678 1354 718 prasertim
1370 677 1403 707 in
1420 678 1468 707 his
1482 677 1617 707 tenebris
1632 675 1737 707 Latini
1748 685 1812 706 ser-

1084 731 1186 761 monis
1202 729 1419 771 antiquissimi.
1465 728 1564 759 Nulla
1580 738 1637 758 vox
1654 732 1814 767 comparet

1083 782 1117 812 in
1134 782 1173 813 V.
1189 781 1237 812 ed.
1260 782 1298 812 B.
1314 781 1351 812 L.
1372 786 1406 812 Δ.
1424 787 1465 811 n.
1491 786 1591 821 atque,
1617 786 1654 810 ut
1675 779 1812 816 videtur,

1084 833 1264 864 Vitat-P.
1280 839 1385 864 autem
1397 832 1452 864 dat
1460 834 1593 872 pendent
1601 847 1612 868 ,·
1630 831 1670 862 Ο.
1685 837 1729 862 Ω.
1740 840 1814 861 cum

1085 884 1271 925 quibusdam
1287 884 1336 914 Pii
1352 883 1520 919 codicibus,
1535 885 1651 914 circum
1657 897 1668 918 ,·
1696 887 1731 914 Σ.
1755 884 1814 912 du-

1086 947 1148 967 ras.
1193 936 1269 966 Non
1284 935 1403 965 mirum
1418 941 1464 966 est
1478 935 1597 965 interea
1611 935 1741 965 verbum
1765 944 1814 964 ra-

1087 986 1247 1017 rissimum
1259 988 1400 1028 fluctant
1415 985 1459 1015 ita
1473 985 1607 1016 librariis
1621 985 1765 1022 indoctis,
1787 989 1819 1015 et

1089 1037 1181 1075 nihil,
1204 1036 1264 1067 nisi
1280 1036 1447 1071 tritissima,
1472 1034 1667 1071 callentibus,
1689 1045 1819 1075 scrupu-

1089 1089 1157 1119 lum
1172 1087 1322 1128 injecisse,
1349 1092 1385 1117 ut
1406 1087 1459 1116 alii
1476 1086 1643 1116 lectionem
1659 1091 1820 1116 mutatum

1089 1139 1226 1177 ivissent,
1252 1144 1284 1169 et
1305 1137 1457 1168 omissum
1479 1137 1544 1167 alii.
1592 1137 1626 1166 Si
1651 1136 1685 1166 in
1696 1138 1821 1178 fluctus

1090 1192 1312 1233 velflucturus,
1337 1190 1455 1220 formas
1478 1190 1624 1230 antiquas
1636 1199 1694 1228 pro
1708 1191 1820 1230 flua-us

1090 1250 1121 1275 et
1126 1246 1286 1285 fluxurus,
1312 1243 1371 1272 hoc
1385 1252 1480 1282 pecus
1495 1241 1681 1279 inciderant,
1708 1239 1820 1280 procul

1090 1295 1186 1326 dubio
1202 1306 1266 1325 non
1283 1294 1493 1334 pepercissent
1510 1293 1616 1334 aliquo
1631 1292 1743 1323 saltem
1753 1302 1822 1323 mo-

1089 1347 1130 1378 do
1144 1347 1372 1378 contaminare:
1394 1345 1464 1376 vide
1482 1345 1692 1380 Priscianum,
1708 1343 1761 1374 lib.
1777 1344 1821 1375 ix.

1090 1410 1119 1439 p.
1135 1403 1207 1430 871.
1251 1399 1295 1429 Et
1309 1397 1412 1435 fallor,
1429 1403 1484 1428 aut
1498 1396 1627 1432 librarii,
1639 1395 1681 1426 ad
1695 1395 1822 1436 ingeni.

1089 1461 1145 1481 um
1174 1450 1347 1485 redeuntes
1377 1450 1437 1479 hoc
1467 1448 1636 1490 antiquarii
1667 1448 1823 1479 sermonis

1091 1501 1324 1532 monimentum
1334 1499 1472 1541 Virgilio
1486 1499 1676 1536 inviderunt,
1689 1499 1731 1530 ad
1745 1499 1821 1530 AEn.

1092 1564 1119 1584 v.
1136 1557 1207 1585 867.
1230 1552 1416 1584 Lucretium
1435 1562 1491 1592 pro
1506 1561 1594 1583 more
1609 1551 1761 1583 intuenti:

1125 1637 1217 1667 Quum
1227 1639 1304 1667 pater
1314 1635 1410 1660 amisso
1413 1635 1566 1665 fluceamem
1577 1640 1666 1660 errare
1677 1634 1809 1666 magistro

1126 1679 1222 1709 Sensit,
1232 1683 1260 1704 et
1270 1677 1327 1710 ipse
1338 1681 1425 1704 ratem
1436 1678 1575 1702 nocturnis
1586 1677 1659 1703 rexit
1669 1677 1696 1702 in
1707 1675 1795 1702 undis.

1099 1757 1150 1788 Sic
1179 1757 1277 1788 codex
1307 1756 1531 1787 Dorvillianus:
1560 1756 1667 1798 vulgo,
1686 1757 1827 1798 fluitan-

1096 1814 1164 1839 tem.

1144 1859 1225 1890 Ibid.
1247 1861 1384 1899 volgata:
1410 1859 1430 1889 i.
1454 1869 1480 1889 e.
1502 1857 1651 1894 volantia,
1682 1856 1732 1888 vel
1755 1858 1830 1889 obe-

1100 1911 1205 1942 untia:
1233 1910 1340 1941 confer
1356 1911 1399 1940 sis
1415 1920 1444 1940 v.
1459 1913 1531 1940 428.
1555 1909 1651 1948 infra,
1679 1918 1742 1940 ver.
1758 1912 1831 1941 209.

1101 1963 1131 1994 ii.
1158 1966 1227 1994 165.
1248 1966 1324 1994 546.
1353 1968 1385 1992 et
1411 1962 1486 1992 hinc
1514 1961 1644 1992 forsitan
1673 1959 1831 1991 derivatur

1102 2014 1228 2053 phrasis,
1244 2013 1329 2054 quod
1343 2023 1389 2049 ea.
1405 2023 1476 2054 quae
1490 2013 1606 2054 vulgus
1620 2012 1717 2048 novit,
1733 2011 1830 2043 celer·

1101 2066 1181 2096 rime
1195 2076 1249 2105 per
1264 2065 1373 2096 omnia
1386 2064 1543 2096 didantur.
1575 2063 1741 2106 Virgilius,
1755 2064 1831 2095 AEn.

1103 2118 1155 2148 xii.
1170 2121 1243 2148 608.

1133 2185 1201 2210 Hinc
1210 2188 1288 2210 totam
1299 2184 1395 2211 infelix
1407 2185 1532 2217 volgatur
1542 2183 1616 2209 sama
1624 2187 1670 2217 per
1680 2183 1780 2208 urbem.-

1104 2244 1123 2274 i.
1140 2254 1168 2274 e.
1193 2245 1378 2275 celebratur:
1404 2243 1497 2274 adeae
1511 2248 1619 2273 notam
1632 2242 1666 2272 in
1681 2241 1702 2272 i.
1718 2244 1749 2272 4.

1150 2294 1232 2325 Ibid.
1243 2296 1385 2336 fluctant
1408 2296 1481 2326 vela.
1525 2292 1770 2334 Elegantissima
1791 2297 1837 2322 est

1105 2346 1230 2377 locutio.
1275 2346 1350 2377 Pari
1383 2356 1456 2376 cum
1485 2351 1659 2383 venustate,
1695 2342 1837 2386 quidam,

1105 2407 1177 2428 cum
1194 2397 1306 2437 amplis
1321 2397 1515 2427 vestimentis
1529 2396 1689 2436 spatiatus,
1703 2393 1840 2426 Afranio

1106 2449 1222 2479 dicitur
1235 2451 1420 2490 fluctuatim
1437 2451 1490 2485 ire,
1516 2447 1601 2488 apud
1624 2446 1780 2483 Nonium,
1806 2445 1839 2475 ii.

1106 2504 1178 2531 5:33.
1219 2501 1380 2532 Arnobius
1413 2501 1509 2531 etiam
1539 2499 1654 2540 oppido
1682 2497 1841 2539 speciosus

1108 2559 1163 2588 est,
1187 2552 1240 2583 lib.
1256 2553 1301 2583 iii.
1316 2563 1344 2592 p.
1365 2557 1435 2584 108.
1460 2556 1481 2571 ‘¹
1501 2551 1676 2593 Siquidem,
1702 2559 1777 2581 cum
1791 2548 1840 2579 fa-

1111 2607 1133 2623 “
1147 2603 1215 2634 citis
1230 2610 1323 2645 atque
1338 2603 1517 2634 informatis
1531 2603 1617 2642 deos,
1634 2604 1692 2633 hos
1707 2599 1841 2632 crinitos

1111 2658 1133 2673 “
1150 2655 1306 2695 effingitis,
1335 2655 1412 2686 alios
1426 2651 1766 2693 laeves,-seminudos,
1789 2651 1839 2681 in-

1112 2709 1134 2725 “
1151 2712 1258 2743 tectos,
1276 2713 1340 2744 aut,
1357 2717 1397 2737 ne
1408 2707 1509 2747 frigus
1521 2703 1747 2741 incommodet,
1757 2703 1842 2744 flui-

1115 2761 1137 2776 “
1151 2760 1262 2789 darum
1278 2761 1404 2789 vestium
1427 2756 1651 2798 superjectione
1671 2753 1842 2796 perfusos-⁰

1113 2808 1262 2840 Similiter
1281 2809 1443 2848 Apuleius,
1462 2814 1535 2838 met.
1551 2808 1592 2838 xi.
1608 2818 1638 2847 p.
1655 2810 1727 2838 759.
1743 2811 1780 2836 ut
1794 2810 1842 2836 est

1110 2871 1232 2901 semper
1245 2862 1359 2892 harum
1374 2861 1557 2892 deliciarum
1572 2857 1840 2891 ambitiodssimus
