1912 3292
299 212 394 254 326

803 205 865 255 T.
915 204 1298 256 LUCRETII

447 338 616 395 Quippe
636 346 677 381 et
697 339 808 382 enim
827 339 958 381 multo
977 339 1112 396 magis
1130 338 1221 381 haec
1241 344 1338 381 sunt
1356 339 1497 380 tenuia
1516 344 1652 392 textu,

446 413 587 463 Quam
608 428 701 469 quae
720 414 954 469 percipiunt
972 413 1127 464 oculos,
1149 414 1362 470 visumque
1382 414 1606 464 lacessunt;

446 487 644 544 Corporis
664 487 755 530 haec
774 488 970 545 quoniam
990 496 1208 544 penetrant
1227 503 1301 544 per
1321 503 1430 539 rara,
1463 489 1654 545 cientque

329 562 409 603 735
442 562 632 604 Tenuem
651 563 778 605 animi
798 571 990 604 naturam
1009 563 1135 612 intus,
1165 576 1410 618 sensumque
1430 563 1652 605 lacessunt.

444 637 674 679 Centauros
693 638 846 694 itaque,
869 646 910 678 et
933 636 1160 692 Scyllarum
1181 637 1382 687 membra,
1415 637 1618 688 videmus,

449 711 754 766 Cerbereasque
773 726 924 752 canum
945 711 1101 760 fauces3
1135 711 1434 767 simulacraque
1455 726 1616 762 eorum,

446 784 656 836 Quorum,
679 792 812 826 morte
832 784 960 835 obita,
982 784 1097 826 tellus
1118 785 1381 840 amplectitur
1402 800 1510 828 ossa:

305 940 389 983 quod
404 940 483 971 nihil
498 946 544 971 est
558 941 619 972 nisi
634 943 799 982 z'scguntur:
823 942 843 973 i.
861 954 887 973 e.
892 943 1037 984 jungun-

304 1000 369 1028 tur,·
389 998 420 1023 et
428 1003 513 1023 error
522 993 596 1033 ejus,
606 994 661 1034 qui
670 994 848 1033 procuravit
856 994 1036 1031 editionem,

305 1055 407 1085 neque
422 1045 536 1076 codicis
551 1045 737 1085 scripturam
752 1046 865 1077 tenuit.
905 1048 985 1077 Mox
1002 1053 1037 1080 Δ.

309 1104 353 1128 Ω.
370 1098 487 1128 bratea:
512 1104 544 1128 et
560 1098 696 1129 aliorum
711 1099 897 1138 scriptorum
917 1100 1039 1131 codices

307 1149 387 1179 hanc
403 1150 659 1190 orthographiam
674 1150 885 1191 adgnoscunt;
909 1162 967 1182 nec
978 1152 1038 1182 mi-

307 1211 369 1232 nus
382 1200 535 1241 glossator
549 1208 653 1232 vetus:
681 1206 704 1221 ‘⁶
722 1206 864 1241 Bratcea,
877 1204 1038 1236 rea-azor?

310 1252 362 1283 Sic
376 1252 483 1284 scribe.
514 1253 686 1294 Exemplar
696 1255 782 1285 enim
793 1266 902 1286 meum
913 1258 1041 1288 τεταέον

308 1305 410 1335 habet.

351 1356 427 1386 Ver.
452 1359 523 1387 731.
546 1363 597 1388 ut:
624 1368 750 1397 nempe,
774 1361 796 1377 “
813 1364 849 1389 ut
871 1369 985 1390 aranea
1010 1366 1041 1392 et

310 1411 334 1426 “
349 1408 418 1438 auri
432 1409 567 1445 bractea,
592 1409 683 1440 facile
705 1410 917 1450 implicantur,
941 1418 973 1442 et
991 1423 1039 1443 re-

311 1463 333 1479 “
349 1461 409 1490 hus
423 1461 520 1491 obviis
535 1461 789 1493 adhaerescunt:”
808 1463 893 1504 quod
908 1474 1040 1494 monen-

310 1511 389 1542 dum
413 1512 521 1550 habui,
551 1522 592 1543 ne
616 1514 803 1552 particulam
826 1514 1042 1545 similitudinis

309 1563 349 1593 ad
364 1565 543 1594 tenuitatem
558 1564 812 1604 simulacrorum,
838 1575 903 1595 non
919 1566 957 1596 ad
968 1577 1041 1606 per-

305 1616 486 1654 plexabitem
503 1622 650 1646 naturam
665 1616 790 1646 referas.
836 1617 933 1654 Nam,
960 1618 987 1647 si
1002 1618 1042 1647 si-

311 1666 462 1702 mulacra,
478 1677 548 1707 quae
563 1674 711 1697 moveant
725 1669 881 1706 animum,
901 1669 1044 1700 subtilio-

312 1727 347 1747 ra
362 1723 435 1747 sunt
445 1718 517 1754 illis,
533 1729 603 1758 quae
618 1718 770 1749 lacessant
784 1719 904 1750 oculos:
924 1726 1043 1761 quanto

312 1771 413 1810 magis
428 1771 562 1809 araneis,
585 1777 617 1801 et
631 1772 700 1801 auri
715 1771 864 1803 bracteis?

354 1823 431 1853 Ver.
445 1825 516 1853 732.
531 1826 631 1863 magis
642 1825 729 1854 abest
741 1824 911 1856 M.—lzaec.·
925 1825 962 1856 Β.
975 1827 1041 1856 hac.

356 1874 430 1905 Ver.
447 1877 520 1905 755.
545 1877 662 1906 oculos:
689 1876 726 1907 P.
750 1879 832 1907 oculi
837 1892 848 1912 ,·
875 1877 959 1917 quod
974 1887 1044 1907 cor-

312 1926 422 1957 rectori
438 1925 576 1966 cuipiam
598 1927 764 1957 temerario
787 1934 818 1958 et
832 1928 958 1959 indocto
974 1928 1044 1960 red-

312 1977 455 2008 dendum
484 1983 541 2015 est,
579 1978 804 2009 Lucretianum
836 1991 931 2010 usum
959 1981 1045 2012 verbi

309 2031 489 2069 percipiunt
503 2039 569 2059 non
584 2029 724 2060 callenti:
744 2031 785 2061 V.
801 2031 849 2062 ed.
866 2033 903 2063 B.
919 2035 1022 2064 oculis.

359 2081 442 2111 Ibid.
460 2083 637 2121 percipiunt
647 2095 656 2111 :
675 2082 695 2111 i.
711 2092 737 2112 e.
752 2082 933 2121 percellunt,
948 2094 1043 2123 pene-

315 2138 400 2163 trant
414 2137 446 2162 et
467 2132 647 2171 impellunt:
674 2134 852 2164 committas
877 2141 984 2165 notata
1007 2135 1047 2166 ad

314 2184 361 2215 iii.
389 2187 439 2215 29.
469 2183 638 2214 Leniorem
666 2190 698 2214 et
726 2186 832 2216 minus
861 2187 1048 2227 exquisitam

318 2236 452 2266 formam
490 2237 634 2275 phraseos
664 2238 820 2278 Virgilius
851 2239 974 2276 maluit,
1007 2240 1047 2271 ad

318 2289 393 2318 AEn.
409 2288 461 2318 vii.
477 2292 552 2320 556.
569 2290 623 2330 qui
637 2289 725 2321 locus
734 2296 841 2321 tamen
851 2292 916 2322 vim
928 2292 1045 2323 Lucre-

316 2339 411 2370 tianae
426 2339 594 2371 locutionis
608 2341 737 2381 pulchre
752 2341 900 2373 declarat:

482 2431 569 2463 prima
580 2431 646 2461 lues,
658 2432 712 2457 udo
722 2433 842 2458 sublabsa
853 2440 969 2464 veneno,

316 2471 447 2494 Pertentat
457 2477 558 2501 sensus,
575 2475 657 2503 atque
669 2472 768 2497 ossibus
780 2473 891 2505 inplicat
903 2474 1011 2506 ignem5

318 2511 373 2534 Nec
385 2511 451 2535 dum
463 2511 569 2536 animus
580 2515 640 2537 toto
647 2513 757 2545 percepit
767 2518 878 2546 pectore
889 2515 1038 2540 flammam.

360 2599 435 2630 Ver.
455 2603 523 2632 754.
542 2613 600 2641 per
623 2613 717 2633 rara:
745 2602 839 2633 Vind.
867 2604 907 2635 V.
935 2603 982 2634 ed.
1012 2604 1049 2635 Β.

321 2650 363 2681 0.
383 2657 416 2682 Δ.
433 2659 473 2683 Π.
495 2659 528 2685 Σ.
547 2660 591 2685 Ω.
611 2666 668 2695 per
683 2658 774 2686 affra:
802 2656 955 2686 nimirum
979 2670 1012 2688 ‘ro
1033 2668 1050 2686 r

319 2702 360 2732 ad
376 2703 470 2734 finem
486 2706 596 2744 prioris
610 2707 751 2738 vocabuli
773 2707 896 2739 eliserat
915 2709 1051 2740 similem

320 2753 443 2785 literam
458 2759 621 2798 sequentis,
637 2766 669 2790 et
678 2760 822 2791 telletum
833 2767 899 2791 erat
908 2772 966 2802 per
981 2774 1050 2798 ara;

320 2805 403 2835 sicut
425 2807 517 2845 plane
532 2810 683 2850 scriptum
703 2817 750 2842 est
772 2812 805 2841 in
830 2812 866 2843 L.
892 2812 989 2852 unde,
1013 2823 1053 2843 ne

322 2858 355 2887 in
381 2861 600 2898 grammaticas
636 2862 721 2903 leges
750 2871 936 2903 peccaretur,
970 2865 1052 2896 illud

321 2912 407 2949 η’ἑνα,
423 2912 611 2943 vocabulum
626 2914 734 2955 utique
748 2916 918 2947 scribarum
933 2917 1050 2947 Lucre-

1080 942 1238 972 tianorum
1250 952 1340 972 aures
1350 952 1472 981 semper
1481 942 1727 982 circumsonans,
1735 953 1810 975 mox

1081 1000 1226 1024 exortum
1242 999 1297 1023 est.

1125 1045 1199 1075 Ver.
1227 1047 1301 1075 735.
1328 1046 1478 1075 Tenuem:
1513 1050 1559 1075 Ω.
1593 1046 1814 1078 Tenui.—sen-

1081 1108 1166 1128 sum:
1193 1097 1230 1127 B.
1246 1108 1344 1128 sensu.

1125 1148 1200 1178 Ver.
1218 1151 1290 1179 736.
1313 1150 1504 1189 Scyllarum:
1530 1154 1571 1179 Π.
1586 1150 1745 1187 silvarum,·
1768 1149 1817 1181 uti

1083 1200 1185 1231 solent
1204 1201 1314 1232 scribae
1328 1200 1363 1230 in
1385 1200 1518 1240 propriis
1539 1200 1722 1233 nominibus
1743 1211 1816 1242 peo-

1083 1263 1163 1283 care.

1129 1304 1209 1336 Ibid.
1237 1307 1409 1346 Scyllarum
1425 1307 1569 1336 membra.
1606 1305 1728 1343 Cicero,
1755 1311 1819 1338 nat.

1083 1356 1169 1387 deor.
1185 1356 1207 1386 i.
1225 1359 1276 1387 38.
1304 1359 1326 1374 “
1344 1356 1441 1392 Quid,
1464 1356 1552 1397 quod
1577 1366 1688 1387 eamm
1709 1367 1817 1388 rerum

1085 1411 1108 1426 “
1126 1408 1295 1449 (imagines
1310 1408 1478 1438 incurrunt
1498 1408 1533 1438 in
1552 1409 1726 1449 animum),
1748 1419 1820 1450 quae

1086 1462 1108 1478 “
1125 1470 1301 1500 numquam
1315 1460 1447 1490 omnino
1461 1460 1602 1498 fuerunt,
1629 1471 1732 1502 neque
1754 1471 1820 1493 ωδε

1086 1517 1109 1532 “
1125 1519 1305 1553 potuerunt,
1328 1520 1364 1544 ut
1381 1515 1505 1555 Scyllae,
1522 1520 1558 1544 ut
1575 1514 1741 1546 Chimaerae
1749 1514 1783 1546 ?''

1129 1575 1204 1605 Ver.
1222 1578 1291 1606 737.
1304 1576 1436 1616 fauces:
1466 1575 1510 1605 ita
1534 1575 1571 1606 Β.
1599 1575 1767 1613 verissime,
1789 1582 1822 1608 et

1088 1627 1131 1657 sic
1153 1627 1188 1656 in
1210 1627 1279 1657 aliis
1299 1627 1458 1658 codicibus
1481 1628 1632 1666 scriptum
1656 1638 1723 1658 esse
1744 1628 1822 1660 dicit

1089 1677 1180 1708 Pius:
1207 1688 1310 1718 neque
1335 1678 1426 1708 aliter
1449 1678 1483 1708 in
1509 1678 1648 1709 editione
1673 1679 1820 1717 Juntina,

1086 1729 1163 1759 anni
1187 1731 1280 1759 1512.
1307 1728 1424 1759 offendi
1447 1729 1601 1768 positum3
1624 1729 1746 1770 reliqua
1767 1741 1822 1761 ex-

1088 1779 1238 1819 emplaria
1263 1779 1340 1810 dant
1359 1780 1479 1820 faciem
1516 1781 1619 1811 multo
1647 1780 1754 1812 minus
1781 1781 1824 1814 ad

1088 1841 1169 1861 rem:
1196 1841 1296 1872 quum
1321 1833 1361 1862 ob
1383 1833 1531 1863 latratum
1557 1832 1720 1874 trg'f'aucem
1747 1834 1822 1866 Cer-

1088 1884 1180 1913 berus
1195 1883 1310 1922 passim
1332 1882 1431 1923 po'e'tis
1451 1883 1638 1922 celebretur;
1662 1890 1694 1916 et
1708 1896 1821 1921 ,exem-

1089 1935 1141 1974 pla
1151 1934 1271 1965 diversa
1286 1935 1441 1966 rariorum
1452 1936 1641 1967 animalium
1656 1937 1823 1969 Lucretius

1089 1986 1174 2017 haud
1189 1986 1285 2017 dubie
1306 1988 1442 2026 praebere
1457 1987 1562 2018 vellet:
1591 1992 1659 2018 tam
1680 1987 1818 2026 illorum,

1088 2050 1159 2081 quae
1168 2043 1337 2072 commistis
1345 2043 1473 2072 artubus
1485 2041 1707 2079 inclaruerunt,
1724 2052 1821 2083 quam

1090 2103 1160 2133 quae
1175 2095 1314 2132 congerie
1329 2094 1487 2124 similium.
1514 2092 1659 2132 Ovidius,
1671 2100 1744 2125 met.
1760 2095 1820 2126 xiv.

1089 2146 1142 2174 65.

1120 2240 1153 2264 Et
1164 2245 1261 2270 corpus
1277 2243 1402 2270 quaerens
1419 2238 1569 2269 femorum,
1585 2245 1761 2270 crurumque,
1776 2246 1822 2272 pe-

1199 2278 1331 2309 dumque,

1121 2318 1246 2343 Cerbereos
1258 2317 1335 2342 rictus
1347 2325 1396 2350 pro
1407 2317 1527 2350 partibus
1538 2317 1642 2344 Invenit
1653 2318 1712 2343 illis.

1095 2397 1156 2428 Sed
1166 2397 1241 2439 quid
1257 2397 1357 2428 verbis
1372 2408 1450 2438 opus
1465 2397 1528 2429 est?
1556 2397 1688 2434 Quoties
1701 2397 1741 2429 de
1755 2399 1825 2431 Cer-

1092 2450 1159 2480 bero
1190 2455 1306 2480 veteres
1335 2449 1531 2480 mentionem
1564 2449 1696 2488 faciunt,
1733 2449 1825 2481 toties

1092 2501 1321 2541 propemodum
1336 2501 1376 2532 de
1390 2502 1542 2543 faucibus
1556 2512 1681 2543 quoque
1698 2502 1824 2533 Cerberi

1093 2556 1256 2595 oribusque
1271 2556 1377 2585 tribus.
1425 2555 1591 2590 Caeterum,
1614 2554 1747 2595 editores
1757 2554 1823 2584 Lu-

1093 2605 1222 2636 cretiani
1253 2606 1381 2636 tertium
1411 2605 1509 2636 solem
1539 2615 1646 2636 casum
1669 2604 1824 2644 pluralem

1093 2657 1372 2699 scriberefauceis;
1399 2667 1570 2697 perperam,
1586 2663 1653 2687 tam
1667 2655 1822 2696 analogia,

1094 2720 1189 2751 quam
1205 2710 1468 2741 emendatioribus
1489 2709 1574 2740 libris
1593 2708 1682 2738 aliter
1698 2707 1823 2738 edicen-

1096 2764 1192 2793 tibus:
1220 2763 1253 2793 in
1276 2762 1339 2804 qua
1360 2774 1394 2794 re
1409 2773 1480 2794 sum
1502 2767 1627 2803 egomet
1648 2761 1823 2802 incogitan-

1096 2814 1146 2844 tiae
1162 2814 1341 2854 arguendus
1356 2814 1396 2846 ad
1410 2814 1452 2845 iii.
1469 2815 1822 2854 608.—simulacraque:

1098 2873 1141 2897 Ω.
1156 2867 1333 2897 simulacra.

1141 2916 1221 2947 Ibid.
1247 2917 1403 2948 Cerbereas
1418 2917 1656 2958 canumfauees.
1681 2917 1763 2948 Haec
1778 2920 1824 2946 est
