1912 3292
423 242 660 291 LIBER
710 238 1094 296 QUARTUS.

1438 243 1466 283 (Ω

1471 240 1532 285 2}

62 379 148 423 970
178 377 230 419 In
250 376 402 419 somnis
421 374 580 415 animos
600 371 818 412 hominum
837 360 1031 409 frustrata
1050 374 1203 408 tenere:

179 453 236 495 Et
255 451 570 508 queiquomque,
593 445 679 485 dies
699 442 865 492 multos,
888 455 942 481 ex
962 440 1108 481 ordine
1127 441 1232 482 ludis

178 525 384 569 Adsiduas
406 519 598 563 dederint
616 531 776 572 operaS,
798 515 1039 570 plerumque
1058 514 1258 564 videmus,

183 597 425 651 Quom'jam
445 593 689 635 destiterunt
708 606 757 631 ea
775 589 959 631 sensibus
979 601 1193 642 usurpare,

183 671 377 728 Reliquas
396 678 536 711 tamen
557 681 642 709 esse
656 665 741 707 vias
761 664 805 706 in
825 671 963 706 mente
983 661 1199 718 patenteis,

84 862 159 893 Ver.
177 863 248 893 969.
271 864 368 889 artes.-
396 856 437 886 V.
452 855 499 886 ed.
523 865 607 886 arces
614 870 625 891 ,-
649 853 688 884 de
710 862 772 894 quo

41 918 166 960 peccato
182 910 361 944 scribarum,
374 907 443 937 vide
456 916 519 936 var.
534 906 617 936 lectt.
629 905 668 935 ad
681 905 771 945 Virg.

44 975 112 1007 geo.
128 964 159 994 ii.
176 965 249 994 172.
274 959 439 992 claudian.
454 963 525 989 tert.
541 967 626 988 cons.
649 957 774 987 Honor.

45 1020 96 1048 61.
111 1021 143 1046 et
157 1013 275 1054 praefat.
289 1012 323 1041 in
339 1012 470 1050 Eutrop.
485 1009 517 1040 ii.
531 1019 592 1039 ver.
607 1011 660 1039 21.
683 1007 775 1038 Ovid.

45 1068 113 1098 fast.
138 1066 181 1096 iii.
206 1067 279 1095 521.
326 1062 375 1092 Sic
404 1061 479 1092 alibi
501 1060 614 1100 saepius
639 1063 778 1089 erratum

47 1124 102 1149 est.

92 1176 166 1206 Ver.
183 1179 255 1208 970.
268 1174 448 1216 frustrata:
474 1173 496 1203 i.
516 1182 542 1203 e.
566 1171 717 1209 fallentia,
729 1170 778 1200 lu·

48 1227 217 1262 dificantia,
233 1226 267 1256 in
286 1225 411 1255 somnis.
457 1224 546 1254 Hinc
567 1228 638 1262 apte
664 1227 695 1252 et
716 1221 778 1251 ele-

48 1284 160 1322 ganter
175 1276 352 1307 Stilichonis
363 1273 670 1305 commendationem
683 1272 778 1303 Clau-

50 1330 163 1360 dianus
184 1327 323 1368 profecto
343 1325 445 1365 petiit,
469 1324 509 1355 de
532 1323 640 1354 laudd.
666 1322 734 1353 Stil.
749 1321 780 1352 ii.

55 1384 124 1411 140.

83 1461 455 1473 ——-—-—-——
465 1449 523 1473 Non
534 1454 618 1480 prava
627 1446 708 1471 libido

84 1492 186 1523 stupris
197 1488 341 1521 advigilat:
355 1494 411 1512 non
421 1490 546 1518 tempora
558 1493 659 1511 somnus
669 1484 766 1518 agendi

49 1540 52 1543 ·
83 1533 272 1556 stus-tratur*

55 1613 122 1644 Ubi
135 1611 233 1642 miror
249 1609 422 1640 Heinsium
436 1612 619 1644 tentantem,
624 1606 767 1648 furatur.

98 1663 172 1694 Ver.
189 1664 261 1694 971.
283 1663 363 1691 dies:
392 1666 432 1690 Π.
455 1660 609 1689 homines:
634 1667 748 1696 nempe
763 1658 783 1686 d

54 1717 92 1747 in
114 1727 130 1746 ο
153 1714 358 1754 migraverat3
385 1710 500 1742 deinde
530 1710 662 1741 accrevit
691 1708 786 1738 etiam

53 1767 193 1809 spiritus:
218 1767 290 1801 dies,
306 1769 380 1802 οῖεε,
396 1763 662 1794 holca—multos:
690 1760 727 1790 P.
744 1760 785 1790 V.

57 1819 110 1850 ed.
128 1819 165 1849 B.
183 1822 217 1848 Δ.
235 1823 275 1846 Π.
293 1820 328 1847 Σ.
350 1816 477 1850 multas‚·
503 1812 557 1843 sed
579 1813 702 1842 obstant
720 1821 786 1841 ma-

59 1869 149 1912 gistri
163 1873 294 1898 veteres:
315 1871 346 1896 et
357 1865 437 1896 forte
453 1875 494 1894 an
508 1873 618 1894 vocem
632 1862 672 1892 ad
683 1872 789 1902 operas

59 1923 179 1954 librarii
209 1921 381 1952 retulerint.
437 1919 528 1954 Sane,
559 1917 600 1948 ad
632 1915 791 1947 Ciceronis

57 1981 136 2008 orat.
152 1985 208 2015 pro
226 1975 284 2005 Cn.
302 1972 445 2010 Plancio,
464 1976 536 2001 sect.
553 1973 604 2000 41.
630 1972 652 1987 “
670 1968 700 1999 O
716 1969 789 1999 reli-

62 2031 85 2048 “
101 2038 174 2068 quos
184 2036 295 2057 omnes
304 2025 378 2060 dies,
388 2029 556 2063 noctesque
566 2020 694 2052 eas—!”
710 2029 790 2050 non-

58 2078 143 2111 nulli
158 2077 288 2115 codiccs.
305 2082 336 2106 et
347 2076 380 2106 in
393 2075 432 2105 iis
445 2073 641 2105 Oxonienses
651 2071 791 2113 quidam,

63 2131 181 2162 habent
194 2130 338 2169 reliquas.
384 2126 497 2166 Neque
516 2124 661 2165 equidem
676 2130 793 2154 temere

65 2179 296 2217 affirmaverim,
333 2180 397 2209 dies
431 2177 578 2208 feminini
608 2175 731 2216 generis
759 2175 793 2204 in

67 2242 199 2263 numero
214 2229 426 2261 multitudinis
440 2238 505 2258 non
521 2238 585 2258 esse
601 2237 638 2257 ex
659 2225 793 2257 archais-

67 2285 129 2315 mis
143 2282 353 2314 Lucretianis:
379 2291 436 2311 nec
459 2279 548 2311 aliter
569 2280 620 2309 hic
645 2278 795 2317 scriptum

70 2334 274 2374 reliquissem,
293 2333 318 2362 si
333 2332 524 2361 membranae
539 2329 707 2360 Leidenses
722 2338 796 2358 con-

71 2386 239 2422 sentirent;
260 2395 331 2425 quae
353 2383 498 2413 videntur
519 2381 646 2412 lectioni
667 2386 798 2420 receptae

71 2436 246 2478 suffragari.

118 2497 200 2529 Ibid.
222 2498 285 2528 dies
308 2498 416 2528 multos
433 2508 468 2527 ex
490 2497 606 2526 ordine.
652 2491 801 2523 Similiter

76 2549 243 2590 Virgilius,
258 2558 327 2588 geo.
345 2548 388 2578 iii.
403 2550 475 2577 541.

106 2654 169 2663 ——
179 2641 256 2670 diem,
272 2642 447 2670 noctemque,
464 2642 491 2664 et
502 2642 581 2663 mum
592 2643 626 2662 ex
637 2636 724 2662 ordine
734 2643 802 2661 men·

198 2687 259 2704 sem.

120 2767 196 2797 Ver.
215 2770 286 2799 972.
301 2768 458 2797 dederint.-
480 2764 520 2795 O.
534 2771 574 2795 Π.
587 2765 721 2799 dederim
738 2761 804 2792 edi-

77 2825 159 2848 tores
173 2817 326 2853 audacter,
349 2819 517 2851 ‹lcclerunt5
543 2820 651 2846 contra
677 2813 806 2844 codices.

81 2869 227 2900 Gifanius
242 2881 315 2901 sane
331 2869 406 2900 dicit
427 2868 516 2899 scribi
531 2869 681 2899 dederunt
698 2866 732 2896 in
754 2875 806 2896 ve-

77 2920 196 2952 teribus
209 2921 310 2961 libris;
326 2927 358 2953 et
370 2920 501 2961 Apellis,
517 2929 572 2960 per
581 2929 632 2950 me
643 2918 725 2955 licet,
739 2927 810 2957 per-

816 851 944 883 suadeat
958 851 1018 881 hoc
1040 862 1127 883 αυτος
1145 855 1218 888 epm:
1243 857 1301 878 nos
1322 846 1454 878 minime
1475 857 1547 879 aus-

816 904 979 935 cultamus.

860 956 935 986 Ver.
951 958 1021 987 975.
1036 955 1234 984 destiterunt.-
1255 949 1298 981 sic
1310 951 1346 982 L.
1362 951 1412 982 M.
1425 949 1548 992 reliqui,

819 1012 1002 1046 destiterint;
1026 1014 1062 1038 ut
1077 1006 1198 1048 vulgari
1214 1005 1301 1036 solet.

864 1062 941 1092 Ver.
956 1063 1028 1093 974.
1055 1061 1221 1098 Relz'qiias:
1248 1057 1288 1087 P.
1314 1056 1356 1087 O.
1383 1062 1427 1086 Ω.
1453 1056 1550 1086 Rellz'·

821 1114 926 1153 quz‘as;
952 1117 993 1142 Π.
1012 1112 1180 1150 Relliquas.

867 1162 947 1193 Ibid.
974 1163 1131 1201 Reliquas.
1185 1159 1282 1189 Hanc
1306 1162 1490 1197 potestatem
1512 1154 1550 1185 li-

822 1215 926 1256 quidae
940 1213 1047 1248 literae,
1071 1211 1159 1252 quasi
1181 1210 1362 1250 geminatae,
1384 1208 1552 1248 saepissime

823 1265 978 1303 adhibuit,
1008 1273 1095 1294 more
1126 1262 1277 1296 veterum,
1304 1260 1486 1296 Lucretius;
1509 1258 1552 1294 id,

823 1315 909 1358 quod
923 1325 980 1355 per
1000 1324 1034 1345 se
1060 1318 1197 1344 arrectus
1222 1311 1318 1341 lector
1341 1308 1553 1341 observaverit.

825 1367 979 1407 Apposite
996 1364 1129 1403 Matius,
1146 1362 1185 1394 11.
1196 1372 1245 1392 xx.
1256 1361 1340 1401 apud
1352 1359 1554 1394 Diomedem,

824 1429 853 1459 p.
873 1423 945 1450 586.

873 1487 920 1512 Ille
930 1486 1035 1512 hietans
1046 1485 1158 1510 herbam
1168 1482 1332 1508 moribundo
1343 1481 1423 1506 tenuit
1434 1487 1490 1506 ore.

831 1547 1040 1589 Liquidarum
1069 1555 1143 1575 vero
1177 1544 1339 1573 literarum
1368 1538 1556 1581 geminatio-

830 1612 916 1640 nem,
932 1607 964 1632 et
977 1601 1110 1631 aliarum
1126 1597 1364 1634 nonnullarum,
1381 1594 1511 1629 videtur,
1523 1598 1560 1623 ut

828 1663 892 1683 non
914 1652 1070 1687 maluisse,
1097 1651 1141 1680 ita
1163 1650 1198 1679 in
1228 1647 1326 1688 po'etis
1348 1656 1412 1676 non
1434 1653 1559 1685 prorsus

830 1703 1061 1743 improbavisse,
1085 1700 1302 1735 Cassiodorus;
1327 1707 1422 1738 quem
1448 1705 1560 1726 consu-

831 1754 888 1790 las,
906 1754 931 1784 si
947 1753 1027 1783 tanti
1042 1753 1092 1790 sit,
1108 1752 1142 1781 in
1157 1761 1222 1789 cap.
1234 1760 1263 1780 x.
1280 1749 1319 1779 de
1330 1744 1561 1787 orthographia.

835 1806 918 1836 Cum
936 1804 992 1835 illo
1014 1803 1088 1834 facit
1114 1801 1236 1832 Marius
1251 1799 1442 1834 Victorinus,
1465 1797 1517 1827 lib.
1539 1796 1559 1826 i.

833 1867 861 1896 p.
878 1859 947 1887 248.
981 1854 1029 1885 Ηί
1044 1860 1163 1891 tamen,
1179 1858 1215 1882 ut
1229 1856 1348 1890 putem,
1364 1847 1563 1890 grammatici

833 1907 1045 1939 voluntatibus
1059 1905 1162 1945 potius
1177 1903 1346 1944 aequalium
1360 1910 1492 1931 suorum
1513 1904 1560 1930 at-

835 1969 896 2000 que
911 1959 1038 1989 auribus
1054 1955 1318 1989 obsecundabant,
1341 1962 1437 1993 quam
1458 1960 1563 1982 veram

834 2011 1054 2051 proprietatem
1069 2017 1228 2050 germanae
1243 2004 1435 2045 antiquitatis
1448 2012 1565 2034 assere-

835 2064 922 2100 bant,
952 2061 1056 2092 literas
1078 2070 1142 2089 non
1165 2057 1363 2099 geminantiS‚
1393 2060 1429 2085 ut
1451 2053 1564 2084 alicubi

837 2114 1037 2146 disertissime
1051 2113 1164 2143 Festus
1177 2115 1305 2140 testatus
1321 2113 1375 2138 est.

879 2167 954 2197 Ver.
971 2167 1042 2197 975.
1061 2164 1195 2204 possint:
1214 2161 1251 2191 L.
1262 2165 1564 2200 possunt.—rerum:

838 2221 880 2252 V.
895 2220 942 2251 ed.
958 2220 995 2250 B.
1018 2220 1115 2249 rebus.
1148 2223 1234 2258 mes
1250 2224 1330 2250 vero,
1347 2213 1439 2244 lectio
1453 2221 1566 2241 venus-

838 2271 970 2302 tissima!
995 2269 1086 2300 lectio
1101 2267 1274 2298 verissima!
1299 2266 1379 2306 χωρ’
1395 2267 1479 2297 auem.
1518 2263 1567 2292 Si-

839 2325 978 2354 mulacra
995 2323 1098 2352 eadem
1113 2321 1217 2351 rebus:
1242 2318 1262 2348 i.
1274 2328 1302 2348 e.
1327 2320 1349 2334 “
1366 2315 1477 2346 eadem
1493 2323 1568 2343 cum

842 2378 865 2393 ‘⁶
881 2374 994 2403 virtute
1016 2378 1048 2402 et
1062 2370 1211 2409 efficacia,
1223 2379 1258 2399 ac
1273 2368 1299 2398 si
1310 2377 1358 2397 res
1372 2366 1446 2405 ipsae
1462 2373 1569 2395 coram

844 2429 866 2445 ‘⁶
883 2423 1144 2456 obversarentur.”
1211 2420 1382 2453 Nimirum,
1427 2415 1570 2456 regimen

843 2476 1024 2518 exquisitius
1042 2474 1186 2505 librarios
1199 2471 1318 2506 fefellit,
1334 2475 1366 2500 et
1380 2465 1571 2498 immutandi

843 2528 1039 2569 pruriginem
1052 2525 1207 2557 excitavit:
1235 2529 1267 2554 at
1294 2521 1379 2552 enim
1402 2519 1483 2550 nihil
1497 2517 1570 2549 novi

844 2581 946 2621 magis
960 2578 1194 2610 Lucretianum.
1241 2574 1291 2605 Sic
1307 2573 1370 2609 ille,
1381 2572 1427 2602 iii.
1443 2572 1538 2602 1051.

877 2649 986 2678 Sceptra
994 2645 1106 2677 potitus,
1115 2642 1203 2668 uidem
1213 2640 1271 2665 aliis
1281 2639 1382 2670 sopitus
1390 2637 1481 2669 quiete
1492 2639 1542 2662 est.

848 2706 915 2738 Ubi
931 2716 988 2736 nos
1002 2706 1083 2735 hanc
1097 2701 1287 2743 elegantiam
1308 2697 1443 2729 ubertim
1465 2704 1570 2726 exem-

849 2758 908 2798 plis
933 2755 1075 2787 adductis
1097 2753 1329 2787 illustravimus,
1352 2749 1430 2780 adeo
1458 2754 1495 2778 ut
1514 2748 1574 2777 hac

850 2810 1011 2842 occasione
1025 2808 1135 2839 saltem
1150 2805 1240 2837 otiari
1255 2804 1354 2835 liceat.

894 2864 969 2894 Ver.
983 2864 1054 2894 976.
1079 2863 1141 2892 Per
1156 2861 1281 2890 multos:
1308 2856 1352 2887 sic
1366 2854 1462 2886 divise
1484 2853 1520 2883 P.
1537 2850 1577 2881 V.

852 2915 901 2946 ed.
919 2914 959 2946 O.
976 2919 1011 2946 Δ.
1029 2919 1073 2944 Ω.
1089 2917 1120 2942 et
1133 2910 1234 2951 placet
1250 2910 1289 2940 ob
1303 2917 1364 2939 ver.
1380 2908 1454 2939 971.
1468 2901 1580 2942 ‘vulgo-
