1912 3292
543 229 775 279 LIBER

828 234 1214 290 QUARTUS

96 353 178 389 ‘240
210 349 333 394 Nunc
353 368 414 403 ea,
436 368 529 409 quae
549 357 657 408 dico,
679 374 819 402 rerum
839 364 1058 408 simulacra
1078 369 1266 414 feruntur

208 423 418 481 Undique,
439 435 480 467 et
498 429 541 468 in
563 439 728 473 cunctas
741 435 952 488 jaciuntur
971 439 1102 482 didita
1121 447 1288 498 parteis:

204 497 374 548 Verum,
395 514 470 540 nos
490 502 616 544 oculis
635 507 732 562 quia
752 508 844 550 solis
865 525 1035 554 cernere
1055 516 1235 570 quimus,

203 570 428 625 Propterea
446 573 508 624 fit,
531 578 628 627 utei,
653 581 829 634 speciem
851 598 936 639 quo
957 588 1173 640 vortimuS,
1196 607 1340 636 omnes

202 642 284 683 Res
303 643 360 684 ibi
381 660 472 686 eam
492 657 636 691 contra
655 651 804 695 feriant
822 655 973 708 forma,
996 668 1120 716 atque
1140 664 1291 708 colore.

82 717 164 754 245
195 715 265 765 Et,
287 727 488 773 quantum
509 737 682 780 quaeque
702 727 754 768 ab
775 729 894 771 nobis
914 747 978 773 res
998 735 1119 786 absit,
1142 738 1282 797 imago

195 788 357 841 Ecficit,
385 802 431 834 ut
450 795 674 849 videamus,
697 809 737 842 et
758 802 1038 847 internoscere
1057 818 1186 851 curat.

196 861 320 915 Nam,
343 880 469 921 quom
488 871 679 922 mittitur,
703 889 754 915 ex
774 877 927 932 templo
946 881 1140 934 procudit
1160 885 1329 942 agitque

191 935 317 988 Aera,
339 941 410 995 qui
429 941 536 984 inter
556 960 597 986 se
617 961 824 1005 quomque
843 960 903 993 est
922 953 1142 1011 oculosque
1162 957 1348 1013 locatus3

90 1090 164 1123 Ver.
180 1096 251 1126 245.
274 1098 312 1127 ab
320 1112 331 1128 .·
356 1099 502 1142 editores,
526 1117 563 1142 α,-
586 1107 648 1148 qua
669 1116 776 1142 contra

0 1153 1 1156 ¹
45 1140 140 1173 libros
153 1137 274 1186 omnes,
300 1150 362 1189 qua
375 1152 515 1186 Lucretii
530 1157 627 1196 ipsius
641 1171 772 1194 consue-

46 1194 199 1228 tudinem.
239 1199 304 1231 Res
318 1212 395 1234 sane
408 1205 540 1239 levicula
549 1217 609 1247 est,
626 1213 679 1244 sed
694 1215 773 1245 nihil

42 1249 200 1278 contemni
230 1250 330 1289 debet,
353 1257 438 1295 quod
466 1260 681 1298 perfectissimi
703 1277 770 1296 car·

41 1296 136 1328 minis
165 1300 375 1336 sinceritatem
405 1318 533 1348 spectat:
571 1314 644 1345 hinc
674 1317 771 1357 igitur

39 1350 170 1380 omnino
198 1354 389 1388 restituenda
420 1367 467 1390 est
498 1363 625 1395 Maroni
654 1368 769 1400 codicis

39 1397 178 1440 Mediqei
192 1401 295 1442 lectio,
322 1406 363 1437 ad
376 1418 445 1448 geo.
461 1411 502 1442 iv.
518 1416 569 1445 14.

98 1481 190 1506 Absint
199 1485 227 1507 et
237 1485 304 1516 picti
313 1488 463 1518 squalentia
476 1495 551 1525 terga
563 1495 657 1522 lacerti

96 1520 240 1553 Pinguibus
248 1524 280 1549 ab
290 1526 468 1555 stabulis-—.

79 1589 152 1623 Ver.
168 1598 238 1626 246.
255 1606 362 1630 curat:
381 1603 468 1642 quasi
480 1605 596 1638 scilicet
607 1610 673 1641 haec
684 1610 763 1643 ima-

35 1650 77 1681 go
91 1652 140 1673 res
162 1653 241 1677 esset
264 1649 327 1680 vita
349 1662 503 1695 sensuque
526 1659 670 1699 praedita;
694 1663 764 1694 vide

35 1692 75 1723 ad
89 1704 164 1726 verr.
182 1701 253 1730 154.
271 1704 341 1733 820.
357 1703 400 1734 iii.
418 1710 488 1737 128.
498 1719 525 1739 v.
538 1713 628 1743 1014.
637 1713 678 1743 Vi.
689 1717 762 1746 250.

78 1745 154 1778 Ver.
176 1753 248 1782 247.
265 1758 442 1792 protrudit:
469 1759 505 1790 P.
529 1761 628 1794 Vind.
654 1765 691 1795 B.
717 1773 762 1798 Ω..

28 1800 193 1836 Ρνοεαάι“ι,·
220 1812 318 1842 quam
332 1805 508 1846 lectionem,
530 1823 564 1842 re
579 1814 764 1855 diligentius

34 1849 200 1889 pensitata,
230 1854 458 1890 admittendam
488 1873 554 1894 esse
579 1866 613 1895 in
636 1875 763 1900 contex-

34 1904 105 1929 tum
135 1901 296 1936 duximus:
333 1919 408 1939 nam
437 1914 618 1954 exquisitior
638 1925 696 1957 est,
731 1927 763 1951 et

33 1950 136 1981 multo
148 1954 257 1985 minus
271 1957 434 1991 indoctum
451 1972 656 1998 correctorem
671 1970 761 2001 redo-

32 1998 76 2030 let
81 2012 91 2037 ;
114 2012 172 2033 nec
187 2005 404 2041 collationibus
418 2013 564 2047 codicum
578 2018 615 2049 L.
627 2020 677 2051 M.
690 2031 760 2060 pos-

31 2060 141 2086 sumus
155 2056 346 2089 confidenter
361 2063 568 2103 acquiescere:
598 2069 667 2100 vide
682 2081 759 2104 verr.

35 2105 105 2135 188.
121 2108 192 2137 281.
210 2107 307 2140 literis
320 2115 524 2155 transpositis,
542 2119 581 2150 O.
595 2126 629 2151 Δ.
639 2126 757 2161 produ-

31 2155 89 2190 m,-
99 2155 192 2188 V.ed.
203 2163 237 2190 Σ.
247 2171 266 2191 c
275 2171 347 2192 cum
357 2170 378 2200 t,
389 2170 426 2194 ut
432 2168 559 2207 passim,
572 2173 702 2209 mutata,
709 2176 758 2206 vel

29 2207 139 2238 notula
154 2223 192 2241 ers
205 2223 223 2241 r
238 2213 363 2251 omissa,
373 2222 515 2256 protudit
521 2236 532 2256 ,·
554 2229 597 2254 Π.
608 2229 752 2264 protulit,-

29 2256 78 2288 M.
88 2262 209 2298 prodit;
233 2274 271 2294 eo
295 2265 334 2296 de
358 2277 470 2306 errore,
493 2282 588 2312 quem
613 2277 755 2309 animad-

27 2308 177 2341 vertimus
191 2313 232 2344 ad
245 2314 288 2346 iii.
307 2319 320 2346 1
329 2320 550 2360 100.-—Porro,
566 2331 609 2356 est
625 2337 754 2368 sequen-

27 2358 67 2389 tis
83 2362 188 2392 versus
202 2366 287 2397 abest
303 2367 343 2398 V.
363 2370 410 2401 ed.

71 2411 142 2443 Ver.
157 2418 230 2447 249.
253 2422 366 2450 omnis:
394 2422 431 2453 P.
454 2424 551 2456 Vind.
569 2427 607 2458 V.
624 2430 671 2461 ed.
687 2443 750 2463 om-

23 2473 91 2500 nes;
115 2464 230 2506 inepte.
276 2471 445 2511 Caeterum,
468 2476 527 2508 loci
542 2488 651 2519 scopus
665 2483 750 2515 vide-

24 2519 75 2543 tur
100 2515 269 2558 efflagitare
291 2522 386 2554 talem
410 2529 592 2568 quampiam
616 2534 747 2575 castiga-

21 2565 154 2599 tionem:

51 2640 130 2671 Isque
139 2641 177 2667 ita
187 2644 233 2669 sub
243 2652 346 2674 nostras
356 2650 425 2677 acies
435 2653 584 2684 perlabitur
594 2659 696 2685 omnis:

18 2707 54 2732 ut
67 2713 176 2736 sensus
190 2708 242 2740 sit:
272 2714 293 2729 “
312 2712 408 2754 Isque
430 2716 474 2746 ita
488 2718 541 2748 a'e'r
554 2722 667 2760 omnis,
689 2734 744 2754 cu-

18 2753 108 2793 “jus
129 2767 189 2796 ope
212 2759 285 2792 ferit
308 2765 415 2796 oculos
440 2767 557 2810 imago,
579 2782 635 2811 per
650 2784 745 2806 omne

20 2807 42 2822 “
56 2805 255 2842 intervallum
283 2814 398 2847 labitur
426 2830 525 2861 usque
555 2823 596 2854 ad
625 2833 744 2858 nostras

17 2857 41 2872 “
56 2857 175 2889 acies:'‘
198 2863 252 2894 sed
267 2872 370 2899 vetera
384 2873 573 2911 exemplaria
595 2877 673 2907 nihil
687 2879 740 2908 ha-

10 2905 91 2938 ..bent
104 2911 265 2948 varietatis.
291 2918 344 2951 Ad
354 2930 458 2953 meam
468 2927 654 2959 sententiam
667 2929 740 2959 Vir-

816 1119 922 1162 gilius,
946 1128 977 1153 et
991 1122 1223 1165 elegantissime
1237 1127 1377 1168 quidem,
1406 1131 1482 1164 AEn.
1497 1133 1549 1165 vii.

818 1177 892 1204 646.

877 1230 919 1255 Ad
928 1238 972 1255 nos
983 1232 1032 1256 vix
1042 1234 1132 1259 tenuis
1141 1235 1225 1261 famae
1234 1237 1376 1268 perlabitur
1384 1247 1460 1266 aura.

814 1287 908 1317 Forte
922 1298 963 1317 an
977 1291 1154 1329 praepositio
1164 1303 1223 1331 per
1240 1304 1315 1324 eum
1329 1297 1473 1328 habuerit
1487 1309 1543 1330 311-

812 1337 996 1378 tiquioribus
1024 1341 1245 1381 significatum,
1273 1347 1328 1387 qui
1362 1355 1475 1379 nostrae
1505 1351 1545 1382 de

810 1389 870 1420 loci
885 1397 992 1421 mente
1007 1395 1169 1425 sententiae
1186 1399 1375 1430 convenerit.

855 1442 930 1473 Ver.
944 1446 1017 1474 250.
1028 1450 1187 1488 pertergit.
1213 1449 1294 1480 Satis
1308 1458 1430 1483 constat
1444 1453 1488 1484 ita
1498 1454 1543 1485 le-

809 1493 952 1533 gendum
968 1505 1033 1526 esse
1046 1496 1082 1526 in
1096 1499 1156 1529 hoc
1172 1499 1250 1536 loco,
1274 1507 1305 1531 et
1327 1502 1467 1535 librarios
1489 1516 1542 1536 ex-

807 1545 967 1584 quisitiore
982 1548 1067 1578 verbi
1079 1549 1180 1580 forma
1197 1551 1341 1592 deceptos
1357 1565 1433 1585 esse:
1454 1567 1541 1596 nam,

807 1595 879 1626 licet
893 1597 933 1627 P.
957 1599 1070 1630 habeat
1086 1608 1259 1643 prceterget‚
1289 1607 1399 1647 (quam
1421 1618 1542 1647 vocem,

807 1647 928 1686 opinor,
951 1649 1076 1690 ignorat
1089 1652 1235 1695 Latium)
1260 1661 1291 1685 et
1314 1656 1410 1688 Vind.
1436 1659 1476 1690 V.
1492 1660 1540 1692 ed.

809 1698 848 1728 Ο.
865 1704 900 1729 Δ.
919 1706 959 1731 Π.
976 1706 1011 1733 Σ.
1030 1709 1074 1733 Ω.
1095 1711 1250 1746 perterget
1273 1708 1450 1749 vulgarium
1473 1713 1538 1743 edi-

806 1749 945 1789 tionum;
972 1759 1110 1784 nostram
1127 1761 1233 1787 tamen
1248 1758 1418 1791 dictionem
1433 1769 1540 1802 aperte

806 1803 922 1839 praebet
952 1803 989 1833 B.
1020 1810 1051 1834 et
1079 1807 1231 1838 aberratio
1258 1811 1539 1845 vetustissimorum

807 1853 1034 1892 exemplarium
1049 1856 1085 1887 L.
1103 1858 1150 1888 M.
1168 1869 1281 1899 nempe
1290 1866 1431 1903 pertegit‚
1459 1866 1535 1896 vali-

807 1902 934 1934 dissime
950 1911 1064 1937 tuetur.
1089 1907 1252 1949 Virgilius,
1269 1912 1345 1943 AEn.
1361 1914 1411 1944 vij.
1425 1919 1499 1947 626.

834 1986 893 2008 Pars
903 1985 986 2011 laevae
996 1987 1114 2019 clypeos,
1131 1993 1159 2015 et
1171 1991 1271 2022 spicula
1279 1992 1377 2024 lurida,
1392 1998 1496 2027 tergunt

833 2024 933 2049 Arvina
945 2025 1108 2057 pingui—.

805 2093 856 2123 Sic
870 2093 959 2126 locus
973 2096 1026 2127 ille
1049 2098 1247 2140 castigandus
1269 2109 1328 2134 est:
1356 2105 1458 2146 vulgo.
1481 2109 1528 2139 lu-

801 2146 881 2175 cida.
929 2147 991 2177 Sed
1004 2150 1109 2180 lurida
1124 2158 1198 2181 sunt
1212 2155 1316 2193 nigra,
1339 2166 1452 2196 nempe
1467 2159 1530 2190 situ

801 2201 832 2225 et
845 2197 998 2238 rubigine.
1022 2200 1124 2232 Vetus
1135 2202 1336 2243 glossarium:
1358 2210 1528 2249 “thrida,

801 2250 823 2265 “
839 2249 960 2288 nigra.”
1007 2251 1048 2282 In
1071 2263 1134 2293 quo
1158 2255 1238 2286 libro
1263 2268 1338 2288 sane
1365 2270 1463 2297 voceS‚
1487 2263 1527 2293 de

797 2299 911 2338 quibus
949 2302 1064 2342 agitur,
1104 2306 1219 2344 pariter
1261 2316 1335 2340 sunt
1373 2312 1521 2343 confusae.

798 2353 821 2368 “
836 2353 1012 2390 Ὓποωπιος,
1026 2357 1184 2388 lucidus.‘'
1209 2359 1365 2397 Rescribe,
1382 2365 1522 2396 luridus:

794 2401 897 2432 videas
922 2404 1007 2435 enim
1033 2408 1123 2437 nobis
1147 2409 1259 2440 collata
1284 2422 1367 2448 111011,
1396 2414 1437 2443 ad
1463 2425 1523 2446 ver.

793 2456 864 2483 555.
911 2455 1028 2487 Confer
1041 2458 1155 2491 Horat.
1172 2461 1221 2492 od.
1237 2462 1276 2493 iv.
1304 2467 1350 2493 15.
1378 2468 1426 2495 10.
1453 2467 1523 2507 (ubi

792 2504 897 2535 videas
911 2508 1004 2539 schol.
1026 2509 1135 2552 Cruq.)
1162 2523 1237 2542 cum
1263 2515 1348 2554 epist.
1371 2516 1392 2546 i.
1419 2520 1468 2547 18.
1494 2522 1522 2550 7.

791 2556 950 2597 Lucanus,
980 2560 1121 2592 imitatus
1146 2564 1324 2602 Maronem,
1358 2567 1466 2599 Phars.
1499 2570 1521 2600 i.

790 2611 862 2639 243.

848 2683 894 2713 Et,
909 2685 1014 2710 scabros
1024 2687 1106 2719 nigre
1115 2696 1206 2714 morsu
1216 2690 1348 2723 rubiginis,
1365 2700 1453 2719 enses:

789 2755 847 2776 nec
862 2747 968 2778 minus
985 2749 1110 2788 Statius,
1138 2753 1252 2784 Achill.
1268 2754 1288 2785 i.
1303 2759 1376 2787 455.

1013 2826 1042 2848 et
1051 2824 1132 2856 nigris
1141 2826 1246 2852 addunt
1256 2829 1416 2854 mucronibus
1426 2831 1488 2857 irus.

788 2881 958 2922 Compares
969 2886 1063 2917 etiam
1076 2888 1225 2921 Prudent.
1237 2892 1338 2930 apoth.
1353 2897 1425 2924 626.
1440 2905 1513 2925 cum

787 2932 875 2975 Virg.
891 2946 960 2977 geo.
976 2938 996 2969 i.
1012 2943 1084 2974 467.
1109 2941 1194 2972 Plin.
1218 2943 1304 2982 epist.
1328 2945 1367 2976 vi.
1393 2949 1441 2977 20.
1460 2950 1512 2977 18.

733 2990 807 3021 R2
