1912 3292
322 222 382 264 36

828 214 888 262 Τ.
932 212 1311 263 LUCRETII

465 345 579 388 Nihil
598 346 654 388 ibi
674 347 845 389 libatum
865 347 918 388 de
938 354 1027 388 toto
1047 359 1219 402 corpore
1239 359 1383 388 cernas

350 425 433 462 215
464 421 535 464 Ad
555 422 745 477 speciem,
767 421 870 462 nihil
890 421 942 463 ad
962 421 1145 477 pondus3
1176 436 1288 463 mors
1307 421 1448 462 omnia
1466 428 1650 476 praestat,

466 496 643 538 Vitalem
664 504 817 552 praeter
837 503 1020 546 ventum,
1043 495 1302 552 calidumque
1320 510 1528 550 vaporem.

524 572 639 630 Ergo
659 573 839 613 animam
863 578 992 613 totam
1012 571 1222 627 perparvis
1242 585 1328 612 esse
1347 585 1509 612 necesse
1528 578 1587 612 est

467 647 715 697 Seminibus,
737 661 886 688 nexam
908 661 982 702 per
1001 661 1138 697 venas,
1161 647 1330 696 viscera,
1353 660 1516 686 nervos:

466 720 562 770 Qua
581 728 714 772 tenus,
737 721 871 763 omnis
892 721 961 763 ubi
982 737 1004 762 e
1024 729 1112 764 toto
1126 721 1213 776 jam
1235 735 1407 776 corpore
1428 719 1561 770 cessit,

323 881 462 914 Invecta;
485 878 569 918 quod
588 878 711 909 tolerari
734 885 864 919 poterat,
889 880 913 909 si
929 880 1049 910 deside-

324 935 442 960 raretur
463 929 556 960 lectio
577 930 783 968 commodior,
805 936 838 960 et
862 931 1050 961 Latinorum

325 979 458 1011 summis
473 980 671 1020 scriptoribus
685 981 890 1021 frequentata.
923 982 1048 1012 Festus:

325 1034 347 1050 ‘⁸
363 1033 533 1072 Indepisci,
563 1031 728 1072 adsequi:’'
755 1032 802 1061 uti
832 1042 906 1062 mox
936 1038 1051 1070 noster,

325 1093 385 1114 ver.
403 1086 473 1115 945.

368 1134 442 1166 Ver.
458 1139 529 1166 214.
552 1137 611 1166 ibi:
640 1143 685 1167 Ω.
710 1138 782 1173 cibe}
810 1136 1051 1177 elegantissime,

324 1187 379 1218 sed
393 1197 495 1218 errore
509 1187 739 1224 tantummodo,
757 1188 896 1225 forsitan,
912 1188 1052 1219 felici.-

322 1241 467 1271 libatum:
493 1239 590 1271 Vind.
607 1240 646 1276 Q.
661 1242 801 1271 limatum
811 1257 821 1277 ;
846 1251 942 1281 quam
954 1241 1051 1271 varia-

324 1293 444 1324 tionem
459 1293 563 1333 potius
578 1294 706 1324 incuriae
721 1294 875 1324 collatoris
887 1295 1053 1333 imputem,

324 1356 419 1387 quam
433 1345 578 1377 codicum
606 1346 702 1376 MSS.
725 1346 813 1376 fidei:
839 1346 910 1376 vide
935 1356 992 1376 nos
1014 1346 1054 1377 ad

324 1407 385 1427 ver.
403 1400 450 1428 11.
469 1397 530 1428 Sed
545 1403 576 1427 et
593 1397 719 1427 Manilii
735 1397 934 1437 politissimos
949 1408 1054 1428 versus

324 1448 431 1478 lectori
445 1454 551 1478 nostro
566 1458 628 1479 non
641 1448 862 1487 invidebimus,
874 1449 928 1489 qui
940 1448 1052 1490 legun-

324 1505 376 1530 tur
390 1499 474 1539 apud
490 1510 564 1530 eum
579 1499 619 1530 ad
633 1500 665 1530 ii.
682 1502 732 1531 56.

354 1582 462 1614 Integra
473 1587 627 1613 quaeramus
637 1586 758 1607 rorantes
769 1586 845 1615 prata
857 1589 904 1615 per
915 1583 1020 1613 herbas,

354 1621 518 1653 Undamque
541 1622 655 1647 occultis
675 1622 855 1648 meditantem
877 1630 1001 1648 murmur
1023 1623 1049 1647 in

448 1662 531 1687 antris
537 1671 545 1693 ;

356 1703 445 1734 Quam
456 1708 544 1733 neque
554 1702 651 1727 durato
662 1702 794 1734 gustarint
806 1710 852 1728 ore
860 1703 992 1733 volucres,

357 1742 416 1772 lpse
426 1747 475 1766 nec
486 1741 600 1767 aetherio
611 1741 727 1767 Phoebus
737 1742 863 1767 libaverit
873 1743 938 1775 igni.

368 1819 446 1850 Ver.
462 1822 536 1852 215.
551 1822 649 1851 nillil:
668 1820 712 1851 sic
729 1821 765 1851 P.
781 1822 821 1852 V.
838 1821 885 1852 ed.
903 1821 943 1852 O.
961 1826 997 1852 Δ.
1016 1827 1053 1853 Σ.

330 1879 374 1903 Ω.
398 1872 506 1913 vulgo,
529 1878 565 1903 ut
586 1872 702 1912 passim
724 1883 808 1909 sane,
828 1878 937 1903 contra
950 1872 1054 1910 libros,

329 1926 383 1955 nil.

372 1974 453 2006 Ibid.
472 1982 616 2016 praeslat:
642 1976 662 2005 i.
677 1986 703 2006 e.
727 1976 860 2012 exhibet,
877 1976 1020 2006 ostendit.

373 2027 446 2058 Ver.
471 2031 542 2059 216.
564 2034 693 2059 ventum.
740 2028 861 2059 Omnes
882 2028 964 2066 libri,
990 2041 1056 2060 sen-

328 2091 412 2111 sum.-
438 2079 491 2110 sed
514 2079 674 2120 egregiam
696 2079 949 2111 emendationem
964 2081 1057 2111 amici

330 2130 392 2161 mei
407 2130 544 2162 Joannis
564 2131 586 2162 J
588 2141 664 2161 ones
688 2130 904 2162 lubentissime
921 2132 1056 2171 amplec-

329 2187 390 2220 tor,
406 2192 442 2212 ac
458 2192 514 2221 pro
529 2181 648 2212 meritis
663 2182 697 2212 in
713 2188 860 2213 contextu
871 2193 963 2222 pono.
996 2183 1054 2213 Ni-

329 2235 373 2266 hil
391 2241 437 2266 est
452 2235 485 2265 in
500 2228 559 2266 hac
573 2242 639 2266 arte
654 2235 760 2267 critica
774 2236 876 2277 magis
897 2236 1056 2268 indubita-

330 2292 409 2324 tum,
436 2297 531 2328 quam
553 2288 619 2317 haec
642 2287 708 2327 ipsa
722 2287 888 2318 restitutio:
915 2288 1057 2318 conferas

331 2338 426 2368 velim
451 2348 529 2369 verr.
553 2341 626 2369 127.
656 2342 725 2370 129.
751 2342 820 2370 255.
845 2343 916 2370 234.
933 2342 1003 2370 248.
1026 2346 1057 2370 et

332 2388 545 2420 animadversa
570 2389 660 2419 nobis
681 2389 721 2420 ad
743 2399 803 2420 ver.
828 2393 878 2420 44.
908 2389 980 2428 Sed,
1006 2400 1056 2420 me

332 2446 465 2479 tacente,
492 2451 563 2471 suas
581 2440 710 2470 virtutes
724 2441 790 2471 haec
805 2440 1059 2480 praestantissima

331 2491 481 2522 divinatio
503 2491 710 2533 proloquitur,
737 2498 768 2522 et
790 2502 884 2522 omne
906 2498 1059 2531 punctum

332 2542 496 2574 doctorum
511 2544 597 2574 feret.

374 2594 451 2625 Ver.
468 2598 541 2625 218.
563 2606 689 2626 ncoeam:
707 2594 804 2625 Vind.
819 2607 945 2631 noxam;
961 2595 1002 2625 V.
1013 2595 1060 2626 ed.

330 2647 430 2675 viram
438 2660 448 2680 ;
468 2646 628 2685 mendose,
644 2657 701 2686 pro
715 2649 833 2686 nixam,
848 2646 933 2688 quod
948 2646 1062 2688 legitur

331 2698 365 2728 in
383 2703 423 2728 Π.
448 2698 564 2729 Itidem
580 2700 673 2731 male:
693 2700 765 2731 vide
779 2700 810 2730 ii.
827 2704 898 2732 949.
917 2699 1059 2730 Similem

331 2748 566 2779 translationem
581 2751 602 2781 J
605 2761 744 2782 uvencus
760 2751 901 2782 exhibuit
917 2751 950 2781 in
965 2751 1059 2782 versi-

331 2802 392 2832 bus
413 2800 601 2841 quibusdam
625 2803 756 2834 minime
782 2803 963 2840 invenusfis,
989 2803 1059 2834 hist„

334 2863 442 2894 evang.
458 2852 493 2883 ii.
511 2857 585 2884 668.
600 2864 679 2894 quos
693 2865 799 2885 secum
814 2856 1061 2887 communicatos

336 2904 466 2936 lectores
480 2905 558 2937 lauti
573 2915 637 2937 non
652 2907 816 2946 supercilio
832 2908 999 2948 excipient:

1125 879 1179 904 Nec
1191 878 1266 903 vobis
1277 878 1378 902 mirum
1391 877 1523 906 videatur,
1531 882 1644 909 corpora
1654 880 1753 902 cuncta

1125 917 1201 942 Vocis
1212 917 1245 942 ad
1257 917 1379 942 auditum
1392 917 1503 949 propriis
1514 922 1660 948 exsurgere
1669 916 1762 947 bustis,

1122 959 1315 988 justorumque
1325 956 1425 981 animas
1436 955 1556 981 redivivo
1566 959 1666 988 corpore
1675 954 1750 980 necti.

1096 1020 1224 1050 Addam
1247 1020 1432 1060 Virgilium,
1455 1021 1488 1050 in
1517 1019 1591 1050 AEn.
1619 1020 1659 1050 xi.
1687 1022 1758 1051 829.
1781 1018 1822 1050 de

1098 1072 1240 1102 Camillae
1254 1078 1354 1102 morte
1370 1078 1561 1103 cantantem:

1449 1131 1455 1147 Ι
1474 1150 1550 1173 Tum
1561 1148 1659 1182 frigida
1670 1152 1719 1174 toto

1157 1187 1296 1213 Paullatim
1308 1187 1424 1212 exsolvit
1434 1194 1461 1213 se
1471 1190 1571 1220 corpore
1579 1197 1588 1213 .-

1097 1252 1131 1281 in
1147 1252 1260 1292 quibus
1275 1251 1411 1282 colorem
1423 1251 1574 1282 sermonis
1585 1251 1766 1282 Lucretiani
1779 1251 1824 1283 fa·

1097 1303 1156 1334 cile
1171 1303 1352 1344 adgnoscas.
1385 1304 1522 1342 Interea,
1539 1303 1727 1334 medicinam
1745 1305 1827 1335 Am-

1097 1355 1204 1385 miano
1215 1355 1414 1393 Marcellino,
1425 1355 1485 1385 xiv.
1502 1359 1548 1386 ll.
1558 1366 1587 1394 p.
1600 1357 1650 1387 57.
1660 1355 1708 1386 cd.
1721 1355 1827 1387 Vales.

1098 1407 1198 1437 facere
1223 1406 1298 1447 quid
1328 1405 1493 1446 prohibet?
1533 1410 1554 1424 “
1576 1406 1703 1437 Solutus
1738 1407 1825 1437 enim

1098 1462 1120 1476 ‘⁴
1136 1460 1285 1498 corporcis
1298 1458 1423 1488 nexibus
1439 1457 1576 1496 animus,
1587 1468 1709 1498 semper
1719 1458 1829 1500 vigens

1098 1514 1120 1529 “
1137 1511 1272 1541 motibus
1302 1509 1472 1546 indefessis,
1514 1516 1545 1540 et
1585 1510 1827 1552 cogitationibus

1098 1566 1119 1581 “
1134 1563 1281 1594 sublectus
1297 1568 1329 1592 et
1344 1563 1435 1599 curis,
1462 1573 1532 1603 quae
1554 1563 1739 1594 mortalium
1754 1562 1827 1594 soli·

1095 1617 1118 1632 ‘⁴
1135 1613 1233 1644 citant
1263 1620 1392 1650 mentes,
1423 1613 1542 1655 colligit
1573 1614 1637 1645 visa
1665 1620 1827 1650 nocturna.

1099 1668 1121 1684 “
1137 1676 1214 1706 quas
1233 1673 1393 1705 φαντασιας
1411 1675 1468 1695 nos
1490 1665 1709 1705 appellamus.”
1753 1667 1828 1698 Sub-

1098 1719 1192 1748 Iectus
1209 1723 1316 1747 autem
1331 1723 1378 1747 est
1392 1723 1579 1753 summotuS,
1603 1717 1691 1758 quasi
1706 1727 1739 1748 se
1763 1717 1828 1759 suf-'-

1087 1768 1225 1809 ficrans:
1255 1778 1319 1809 quo
1344 1767 1424 1798 nihil
1454 1768 1627 1808 elegantius
1656 1769 1830 1810 aptiusque.

1101 1820 1221 1862 Vulgo,
1237 1821 1386 1860 sulgjectus
1394 1836 1404 1857 ;
1420 1826 1528 1851 contra
1539 1820 1831 1853 manifestissimum

1099 1871 1159 1902 loci
1189 1881 1328 1911 scopum.
1389 1872 1494 1902 Possis
1524 1872 1619 1902 etiam
1648 1873 1708 1903 hoe
1736 1872 1832 1904 modo

1100 1923 1313 1963 probabiliter:
1354 1927 1376 1943 ‘⁴
1403 1935 1457 1956 nec
1487 1924 1729 1965 cogitationibus
1758 1926 1831 1956 sub-

1103 1979 1125 1994 “
1136 1976 1278 2016 jectus:'’
1295 1975 1349 2006 sed
1364 1981 1494 2006 conatus
1503 1975 1555 2006 ille
1567 1975 1662 2017 longe
1673 1977 1832 2008 venustior

1101 2033 1155 2057 est.
1201 2027 1304 2057 Aliter
1335 2027 1484 2057 Davisius
1513 2026 1590 2057 olIm
1619 2029 1759 2058 tentabat
1789 2028 1830 2059 ad

1104 2079 1244 2110 Ciceron.
1255 2078 1295 2109 de
1306 2078 1401 2109 divin.
1411 2079 1430 2109 i.
1442 2082 1494 2110 50.
1521 2079 1592 2109 Has
1602 2079 1731 2118 insuper
1741 2089 1832 2110 voces

1101 2130 1218 2160 librarii
1235 2129 1404 2161 confudere
1420 2129 1460 2160 ad
1477 2130 1545 2161 Liv.
1562 2130 1648 2161 xxiii.
1665 2133 1715 2161 25.
1735 2135 1764 2161 4.

1142 2181 1217 2212 Ver.
1231 2185 1304 2213 219.
1326 2193 1358 2212 e:
1385 2181 1433 2212 M.
1447 2188 1493 2218 et,·
1517 2181 1540 2212 i.
1557 2191 1583 2212 e.
1597 2185 1626 2220 ἕ,
1642 2182 1689 2212 vel
1702 2192 1759 2222 pro
1773 2193 1825 2220 ex,-

1099 2233 1185 2263 deest
1199 2233 1309 2263 vocula
1325 2239 1365 2264 Π.
1382 2232 1491 2263 codici.

1144 2284 1220 2315 Ver.
1239 2288 1310 2315 220.
1327 2286 1579 2316 circumcaesura:
1598 2284 1618 2314 i.
1636 2294 1662 2315 e.
1679 2296 1829 2326 mptum-n,

1101 2350 1230 2379 προτομη
1240 2351 1249 2367 .·
1276 2343 1307 2366 et
1321 2336 1483 2367 translatio
1497 2336 1620 2368 videtui·
1633 2347 1653 2366 a
1667 2336 1776 2378 figuris
1798 2336 1830 2367 in

1101 2389 1224 2425 cortice,
1240 2388 1289 2419 vel
1302 2389 1429 2428 cespite,
1440 2387 1488 2418 vel
1501 2388 1608 2429 quavis
1617 2387 1678 2418 alia
1691 2388 1831 2425 materie,

1102 2442 1310 2472 instrumento
1327 2442 1434 2482 quovis
1449 2447 1541 2472 acuto
1562 2443 1661 2473 sectis.
1687 2473 1690 2475 ,
1709 2441 1830 2478 Cicero,

1102 2493 1135 2523 in
1159 2494 1252 2524 Tusc.
1283 2493 1382 2532 dispp.
1404 2493 1423 2524 i.
1449 2497 1498 2524 20.
1520 2494 1831 2533 circumscriptionem

1105 2552 1200 2576 vocat.
1247 2545 1309 2576 Sed
1323 2545 1363 2575 ad
1377 2547 1462 2576 hunc
1481 2546 1586 2576 locum
1608 2544 1832 2576 illustrandum

1104 2608 1137 2628 se
1158 2597 1244 2638 quasi
1271 2598 1445 2636 composuit
1470 2597 1640 2633 Arnobius,
1666 2596 1719 2628 lib.
1736 2596 1778 2627 iii.
1801 2607 1833 2636 p.

1107 2653 1177 2680 107.
1201 2653 1222 2666 ‘⁶
1238 2648 1353 2678 Nostra
1367 2649 1406 2679 de
1421 2651 1480 2680 hoc
1500 2648 1653 2679 sententia
1675 2646 1747 2678 talis
1768 2653 1829 2678 est:

1103 2704 1126 2719 “
1146 2700 1302 2731 Naturam
1318 2710 1446 2730 ornnem
1463 2699 1612 2735 divinam,
1635 2709 1706 2740 quae
1728 2708 1832 2740 neque

1104 2755 1126 2770 “
1142 2762 1208 2782 esse
1223 2752 1348 2790 coeperit
1363 2750 1542 2792 aliquando,
1567 2759 1624 2780 nec
1641 2749 1768 2780 vitalem
1790 2747 1832 2780 ad

1103 2807 1127 2822 “
1142 2803 1313 2834 terminum
1330 2803 1369 2833 sit
1383 2802 1553 2844 aliquando
1574 2807 1715 2837 ventura,
1731 2801 1831 2832 linea-

1104 2860 1126 2875 “
1143 2855 1257 2886 mentis
1285 2866 1388 2886 carere
1420 2854 1586 2894 corporeis,
1621 2863 1723 2894 neque
1752 2852 1832 2883 ullas

1106 2912 1128 2927 “
1142 2907 1315 2939 formarum
1331 2907 1449 2948 effigies
1463 2906 1631 2947 possidere,
1653 2905 1767 2946 quibus
1782 2916 1831 2935 er-
