1912 3292
320 214 413 254 130

812 202 872 252 T.
925 198 1305 251 LUCRETII

458 335 661 386 Horrida,
692 342 975 376 contremuere
994 334 1069 376 sub
1089 333 1179 376 altis
1197 333 1362 375 aetheris
1381 334 1507 384 auris3

457 410 510 452 In
529 410 736 465 dubioque
754 407 881 459 fuere,
911 417 1099 450 utrorum
1118 408 1171 450 ad
1190 422 1318 466 regna
1336 408 1571 450 cadundum

459 483 664 526 Omnibus
684 483 875 524 humanis
894 491 1012 533 esset,
1033 482 1238 538 terraque,
1260 483 1459 539 marique:

345 563 427 600 850
461 559 542 609 Sic,
564 559 634 600 ubi
655 573 740 599 non
760 558 925 608 erimus,
948 571 1074 612 quom
1094 557 1277 612 corporis
1297 563 1418 611 atque
1438 556 1593 598 animai

311 715 407 747 etiam
432 714 466 744 in
491 714 571 743 hanc
595 722 663 743 rem
687 713 796 744 Julius
821 712 983 746 Firmicus,
1006 721 1035 750 p.

311 771 384 798 418.
411 765 575 795 medicina:
600 764 680 794 lenis
703 764 862 805 indigens:
894 768 916 782 ‘⁸
942 763 1037 794 Tunc

311 823 336 840 ‘⁶
352 819 458 856 Liber,
480 817 623 856 projectis
636 816 757 855 infulis,
773 828 849 858 quas
863 817 1036 857 pampineis

310 874 336 890 “
352 878 538 901 coronarum
553 868 676 898 circulis
690 870 829 908 illigat-at
853 869 949 910 (editi,
975 871 1037 899 illi.

312 925 336 942 ‘⁶
349 920 468 962 gabat),
494 930 568 950 cum
583 919 728 950 semiviro
738 920 888 951 comitatu
903 921 1036 962 fugiens,

314 977 336 993 “
353 982 450 1012 -per
479 981 589 1002 omnes
618 981 687 1001 oras
715 971 809 1002 vieini
840 971 936 1002 maris
963 981 1037 1002 cum

313 1029 337 1046 “
352 1024 477 1057 summa
497 1023 703 1063 trepidatione
717 1023 939 1064 desperationis
953 1034 1036 1054 erra-

313 1080 336 1096 “‘
351 1076 425 1108 vit.’'
448 1075 611 1111 Phaedrus,
626 1074 659 1105 ii.
675 1078 705 1106 5.
722 1078 751 1105 2.

373 1163 419 1186 Est
430 1160 598 1185 ardelionum
610 1158 738 1190 quaedam
750 1160 846 1184 Romae
861 1159 946 1189 natio,

375 1200 480 1234 Trepide
490 1206 665 1225 concursans:

313 1274 333 1305 i.
348 1273 578 1313 &festinantem
608 1271 782 1302 Schefferus
797 1281 860 1302 non
874 1271 961 1302 vidit.

358 1324 439 1355 Ibid.
462 1325 532 1354 belli
546 1334 689 1354 concussa
713 1325 845 1353 tumultu
868 1329 1038 1353 contremu-

314 1387 372 1408 ere.
394 1375 610 1407 Judicaverim
633 1384 670 1404 ex
687 1385 785 1410 versu,
808 1385 902 1416 quem
928 1374 1040 1405 Cicero

314 1427 514 1462 conservavit,
536 1426 576 1457 de
595 1432 670 1457 orat.
686 1427 730 1457 iii.
745 1430 796 1456 42.
811 1426 1041 1457 nobilissimum

314 1479 399 1510 hunc
414 1478 520 1508 locum
535 1477 642 1508 Ennio
657 1477 810 1508 nonnulla
824 1477 979 1508 debuisse:

345 1545 436 1571 Africa
445 1544 557 1570 terribili
567 1544 650 1569 eremit
660 1543 762 1568 horrida
774 1548 845 1569 terra
855 1544 978 1568 tumultu.

317 1617 406 1648 Ordo
420 1623 477 1647 est:
509 1619 531 1635 “
549 1616 659 1646 Africa
684 1623 772 1652 terra,
800 1616 926 1646 horrida
951 1616 1038 1646 terri-

314 1672 337 1686 “
353 1667 407 1698 bili
431 1667 580 1702 tumultu,
612 1667 746 1696 tremit.”
793 1669 932 1697 Horrida
960 1677 1040 1704 vero,

313 1719 504 1756 horrificam;
519 1719 538 1748 i.
551 1729 575 1748 e.
593 1718 636 1748 ita
651 1718 763 1749 timore
778 1719 903 1758 percita,
920 1725 955 1749 ut
969 1721 1040 1749 leor-

313 1783 364 1802 τον
388 1781 443 1810 per
457 1775 563 1800 cutem
578 1776 610 1800 et
624 1780 719 1801 omne
733 1781 846 1810 corpus
860 1771 1038 1807 incutiatur,

313 1824 384 1863 pilis
398 1823 551 1853 stantibus
565 1829 596 1853 et
612 1831 764 1865 πεφρικοσι.
807 1823 912 1853 Probe
921 1822 1038 1863 glossa-

314 1875 400 1906 rium
415 1881 518 1905 vetus:
545 1877 568 1892 “
588 1875 718 1910 Horreo,
743 1875 875 1917 ‹ppaewl'
905 1874 1038 1914 Etymo·

314 1925 454 1967 logicum
469 1936 636 1966 magnum:
665 1932 799 1968 Φρισσειν,
815 1940 910 1968 nuptm
923 1940 957 1957 το
970 1928 1038 1968 εξορ-

312 1981 358 2009 θυν
373 1992 428 2012 σας
445 1992 560 2020 τριχας.

358 2029 440 2060 Ibid.
465 2029 546 2059 Haec
570 2029 730 2060 Arnobius
751 2030 893 2069 respexit,
916 2030 968 2061 lib.
988 2031 1038 2061 vii.

315 2083 382 2104 —“
395 2080 611 2110 Hannibalem
623 2080 713 2111 illum
727 2083 968 2118 Poenum‚—sub
977 2092 1040 2123 quo

317 2135 340 2150 “
356 2141 468 2171 anceps
483 2137 514 2161 et
528 2133 621 2162 dubia
638 2142 686 2162 res
709 2133 854 2163 Romana
870 2140 1038 2165 contremu-

317 2186 339 2202 “
356 2186 391 2220 ic,
415 2189 446 2214 et
460 2183 646 2224 magnitudo
668 2185 905 2225 trepidavil--.'’
937 2186 1038 2217 LAM-

313 2245 433 2266 ninus.

357 2289 438 2320 Ibid.
461 2290 531 2320 belli
545 2301 687 2322 concussa
704 2295 845 2323 tumultu.
877 2293 958 2324 Haec
973 2294 1039 2325 Lu-

315 2350 412 2371 canus
426 2340 461 2370 in
469 2351 542 2371 suos
553 2351 628 2372 usus
637 2343 801 2379 transtulit,
814 2344 924 2375 Phars.
935 2345 954 2375 i.
966 2349 1039 2377 504.

345 2432 404 2455 Nou
415 2438 490 2456 secus
501 2431 605 2464 ingenti
614 2433 732 2458 bellorum
744 2436 830 2459 Roma
840 2436 952 2460 tumultu

348 2473 504 2504 Com-utitur,
515 2480 597 2504 quam
608 2474 628 2498 si
640 2477 732 2500 Paenus
743 2476 924 2502 trama-endem
934 2478 1014 2510 Alpes

347 2513 475 2538 Hannibal
480 2531 487 2538 .

316 2593 369 2624 Sic
403 2598 535 2629 omnino
570 2599 742 2642 legendum
773 2612 848 2633 cum
880 2602 1042 2633 nonnullis

318 2644 413 2676 MSS.
429 2654 460 2678 et
481 2649 607 2682 Valerio
621 2654 838 2693 grammatico,
861 2655 955 2695 longe
970 2654 1039 2685 lon-

315 2707 416 2737 geque
432 2700 597 2733 efficacius:
625 2706 732 2735 confer
756 2706 810 2737 Sil.
837 2707 906 2737 Ital.
922 2707 961 2737 iv.
980 2711 1041 2738 l—

316 2751 345 2779 8.
362 2751 502 2791 egregios
516 2763 631 2787 versus.
672 2757 790 2799 Vulgo,
806 2762 1040 2791 transcenderet.

315 2800 411 2833 Alius
424 2803 492 2833 Silii
504 2804 590 2836 locus
606 2808 856 2848 elegantissimus
870 2822 974 2842 coram
986 2813 1042 2843 sis-

316 2850 340 2881 ti
355 2851 463 2892 debet3
477 2861 507 2885 et
521 2859 702 2895 praesertim,
716 2871 814 2901 quum
826 2864 1042 2902 metaphoram

315 2903 349 2934 In
364 2904 510 2937 Lucretio
526 2906 673 2940 latentem
690 2913 867 2950 protrahere
890 2913 923 2944 in
938 2913 1042 2945 lucem

1080 710 1233 749 videatur,
1250 711 1330 742 Pun.
1346 709 1409 741 viii.
1423 712 1494 741 555.
1520 711 1677 741 Numidas
1690 710 1806 751 equitet

1079 763 1275 802 respiciente:
1756 774 1758 776 -

1335 843 1534 876 praedictisJam
1544 843 1648 869 sederat
1659 843 1728 869 arvis

1111 885 1215 910 AEtolos
1225 887 1322 910 Poenus
1332 891 1438 909 servans
1447 884 1480 909 ad
1493 884 1586 916 praelia
1596 891 1715 916 campos.

1112 925 1170 948 Non
1181 924 1243 948 alias
1253 924 1356 954 majore
1365 923 1467 954 virum,
1478 923 1580 954 majore
1589 923 1638 948 sub
1648 923 1729 948 annia

1111 963 1227 995 Agmine
1237 963 1424 994 cornipedum,
1433 970 1551 988 concussa
1562 966 1597 987 ese
1609 962 1674 988 Itala
1684 962 1772 988 tellus.

1083 1034 1269 1065 Committas
1285 1034 1374 1075 Virg.
1388 1035 1463 1066 [ΕΠ.
1480 1035 1542 1066 viii.
1558 1038 1629 1067 596.
1653 1035 1807 1066 Nostrum

1081 1085 1178 1116 etiam
1201 1085 1366 1116 Sallustius
1388 1096 1453 1116 non
1477 1085 1599 1116 videtur
1621 1086 1807 1127 neglexisse,

1080 1136 1103 1168 J
1107 1137 1232 1177 ugurth.
1247 1136 1324 1167 cxiv.
1343 1139 1370 1167 1.
1398 1139 1420 1155 “
1438 1136 1501 1167 Per
1515 1136 1600 1167 idem
1614 1142 1737 1177 tempus
1749 1136 1806 1168 ad·

1082 1191 1105 1207 “
1121 1198 1248 1218 vorsum
1273 1187 1381 1218 Gallos
1408 1188 1447 1218 ab
1469 1187 1601 1218 ducibus
1621 1188 1743 1226 nostris,
1767 1189 1808 1227 Q.

1082 1242 1105 1258 “
1124 1239 1271 1279 Caepione
1294 1244 1325 1270 et
1351 1239 1399 1270 M.
1424 1239 1560 1279 Manlio,
1582 1240 1665 1271 male
1685 1251 1807 1283 pugna-

1084 1298 1106 1314 “
1124 1301 1207 1326 tum:
1235 1305 1298 1336 quo
1314 1301 1395 1326 melu
1411 1294 1505 1325 Italia
1521 1294 1624 1326 omnis
1638 1302 1808 1327 concremu-

1083 1350 1106 1366 “
1122 1347 1218 1378 erat.''
1266 1346 1381 1377 Nescio
1395 1347 1466 1388 quis
1487 1346 1521 1377 in
1539 1346 1669 1378 Anthol.
1691 1347 1764 1379 Lat.
1776 1347 1808 1379 ii.

1088 1403 1156 1431 151.
1174 1403 1201 1430 l.

1115 1482 1230 1506 venerat
1242 1481 1327 1504 Eoum
1338 1479 1453 1512 quatiens
1464 1480 1596 1504 Antonius
1606 1480 1699 1510 orbem,

1146 1522 1180 1546 Et
1190 1521 1334 1552 conjuncta
1344 1520 1396 1544 suis
1405 1520 1526 1545 Parthica
1536 1519 1605 1545 bella
1605 1520 1707 1551 jerem.

1088 1603 1138 1632 Ita
1162 1598 1352 1642 legendum3
1373 1611 1450 1639 non,
1473 1612 1598 1641 gerens:
1623 1606 1654 1631 et
1679 1600 1723 1631 sic
1739 1600 1808 1642 jam

1084 1652 1173 1683 video
1185 1653 1358 1682 Heinsium
1369 1651 1562 1682 emendasse:
1576 1657 1612 1682 ut
1622 1651 1809 1693 ambiguum

1084 1704 1204 1734 vitetur.
1247 1703 1382 1733 Librarii
1403 1703 1460 1733 has
1475 1713 1564 1734 voces
1577 1709 1809 1734 commutavere

1083 1753 1123 1784 ad
1140 1754 1178 1790 Q.
1196 1754 1282 1784 Curt.
1299 1754 1342 1784 iii.
1358 1757 1388 1784 2.
1403 1758 1432 1784 5.
1455 1760 1486 1785 et
1508 1754 1576 1785 Liv.
1600 1754 1620 1784 i.
1643 1758 1694 1785 26.
1710 1758 1739 1785 2.
1754 1755 1812 1786 ubi

1083 1805 1226 1835 consulas
1242 1805 1545 1836 Drakenborchium.
1568 1804 1727 1846 Denique,
1736 1815 1809 1836 curn

1081 1856 1137 1887 illo
1160 1856 1270 1887 Curtio
1284 1855 1405 1895 finiam,
1427 1856 1494 1887 haec
1508 1856 1594 1887 enim
1615 1862 1690 1887 sunt
1703 1856 1808 1888 infini-

1082 1914 1125 1946 ta,
1148 1907 1188 1938 ad
1210 1908 1249 1938 iv.
1280 1911 1306 1938 l.
1331 1910 1449 1938 20.—“
1463 1910 1621 1948 strepitum
1640 1920 1808 1947 armorum,

1084 1963 1106 1978 “
1121 1959 1176 1999 qui
1199 1965 1297 1989 totam
1316 1959 1427 1989 Asiam
1448 1966 1650 1996 concusserat,
1672 1970 1737 1990 non
1753 1971 1806 1991 ex-

1084 2011 1107 2028 “
1123 2009 1299 2040 audiebat.”
1345 2009 1469 2044 Quibus
1490 2019 1554 2040 non
1569 2015 1656 2049 optes
1669 2011 1808 2042 venusti-

1083 2071 1146 2091 ora.
1193 2060 1310 2091 Confer
1325 2060 1434 2091 Aurei.
1450 2061 1534 2092 vict.
1549 2061 1588 2092 de
1606 2061 1683 2093 Caes.
1698 2062 1763 2093 xiii.
1778 2066 1810 2094 3.

1084 2111 1173 2142 Hinc
1194 2111 1360 2142 lectionem
1380 2111 1543 2150 librorum,
1574 2111 1676 2142 multo
1705 2114 1807 2155 magis

1083 2164 1249 2204 po'e'ticam,
1275 2163 1430 2194 incautior
1451 2164 1628 2204 posthabuit
1643 2163 1809 2205 Heinsius,

1084 2215 1124 2246 ad
1141 2215 1247 2246 Ovidii
1262 2215 1329 2246 fast.
1346 2215 1367 2246 i.
1386 2219 1457 2247 436.
1473 2222 1509 2246 ut
1522 2217 1582 2246 hoc
1596 2215 1754 2258 adjiciam:

1084 2297 1192 2322 Territa
1209 2303 1384 2329 consurgens,
1403 2297 1529 2329 Nymphe
1547 2297 1723 2330 manibusque
1740 2298 1809 2324 Ptin-

1210 2343 1258 2361 um

1115 2343 1220 2407 Rejicili,
1230 2379 1258 2401 et
1270 2375 1375 2407 fugiens
1385 2375 1493 2400 concutit
1503 2381 1586 2401 omne
1595 2381 1700 2401 nemus.

1083 2447 1204 2488 vulgo,
1230 2450 1360 2479 concitat
1367 2464 1378 2484 ‚·
1402 2448 1486 2488 quod
1511 2447 1614 2478 multo
1639 2447 1808 2480 imbellius.

1085 2501 1225 2530 concutit
1239 2505 1358 2537 autem,
1373 2498 1561 2530 clamoribus
1573 2504 1605 2529 et
1618 2498 1767 2530 tumultu.

1125 2550 1200 2580 Ver.
1217 2553 1288 2581 847.
1311 2552 1382 2581 altis
1396 2552 1499 2582 auris.-
1527 2550 1576 2581 Μ.
1590 2552 1670 2583 altas
1683 2561 1789 2582 auras.

1127 2602 1209 2633 Ibid.
1227 2604 1444 2634 Contremuere.
1467 2603 1572 2634 Locus
1584 2608 1686 2634 exstat
1698 2612 1812 2633 venus·

1083 2654 1231 2691 tissimus,
1253 2662 1284 2685 et
1300 2655 1389 2685 nobis
1404 2655 1542 2686 multum
1555 2660 1760 2694 opportunus,
1776 2653 1811 2684 in

1085 2707 1269 2738 Mamertini
1278 2708 1403 2748 geneth.
1417 2708 1551 2738 Maxim.
1566 2713 1639 2738 sect.
1657 2710 1705 2738 10.
1713 2716 1810 2747 quem

1085 2761 1179 2800 probe
1207 2761 1413 2791 constitutum
1448 2760 1614 2791 exhibebo:
1654 2763 1678 2779 “
1705 2759 1809 2797 Tunc,

1086 2816 1109 2832 “
1128 2814 1220 2844 Poeno
1247 2823 1285 2842 ex
1307 2812 1439 2843 summis
1463 2812 1599 2852 Alpibus
1611 2811 1690 2851 viso,
1717 2811 1811 2843 Italia

1087 2867 1109 2882 “
1124 2865 1303 2896 contremuit
1309 2879 1320 2899 ,·
1350 2863 1452 2894 statim
1477 2874 1578 2903 pecua
1603 2866 1732 2904 agrique
1757 2866 1810 2895 de·

1087 2918 1109 2935 ‘⁴
1124 2922 1215 2954 serta,
1239 2925 1348 2946 omnes
1370 2914 1500 2946 famuiae
1522 2914 1686 2946 rusticanae
1712 2913 1810 2954 sylvas
