1912 3292
345 217 440 258 360

824 222 884 270 Τ.
944 225 1325 279 LUCRETII
1350 236 1361 242 ’

487 343 544 386 Et
564 349 677 402 quasi
697 349 750 391 de
768 352 912 407 palma'
924 359 1109 401 summas
1123 363 1372 406 contendere
1391 366 1522 409 vireis.
1550 376 1554 380 ’

487 419 597 469 [Aut
616 424 731 477 quasi
751 430 980 473 carceribus
998 433 1209 488 patefactis
1229 452 1336 493 saepe
1356 441 1527 495 quiete]

546 493 865 557 Venantumque
884 519 1004 547 canes
1023 508 1066 548 in
1088 510 1199 550 molli
1219 527 1327 567 saepe
1347 516 1482 569 quiete

488 565 666 611 Lactant
686 586 807 616 crura
826 584 965 619 tamen
985 581 1135 632 subito,
1158 598 1356 641 vocesque
1375 598 1543 644 repente

372 642 455 679 990
487 639 680 694 Mittunt,
702 655 743 687 et
763 649 907 691 crebro
927 652 1130 696 redummt
1149 658 1316 700 naribus
1336 673 1479 713 auras,

341 802 412 822 rum
428 793 601 827 locutiones
625 798 665 829 ad
687 802 872 835 severiorem
894 807 986 839 crisin
1001 820 1066 842 non

339 849 412 873 sunt
427 854 549 876 morose
565 849 653 880 nobis
668 852 839 893 exigendae.

381 903 458 934 Ver.
477 909 547 937 987.
558 909 673 947 palmci.
714 913 810 946 Hanc
825 916 990 950 lectionem
1003 932 1064 952 ser-

337 955 472 986 vandam
499 961 612 996 putavi,
640 973 739 1003 quum
755 976 906 1000 numerus
922 971 1065 1004 multitu-

336 1003 419 1035 dinis
433 1007 540 1039 minus
553 1017 643 1050 aptus
659 1014 808 1054 videatur,
821 1026 851 1049 et
866 1021 1063 1059 potissimum

335 1056 375 1085 ob
405 1058 546 1090 codicem
578 1062 625 1093 M.
652 1066 707 1105 qui
734 1068 827 1100 habet
846 1074 980 1111 palmas,
1007 1086 1063 1114 pro

327 1111 448 1147 palma,
472 1112 531 1142 nisi
555 1113 654 1152 fallor,
679 1121 801 1159 arrepta
826 1125 984 1164 sequentis
1009 1137 1061 1158 vo-

333 1159 376 1189 cis
401 1160 509 1201 litera;
532 1170 563 1194 et
588 1166 623 1196 L.
650 1167 682 1197 in
709 1180 772 1210 quo
799 1187 832 1204 ero
850 1177 965 1214 palmis
990 1178 1061 1208 reli-

331 1220 466 1250 quorum
489 1216 632 1247 omnium
651 1221 777 1260 (praeter
798 1230 832 1254 Δ.
856 1226 909 1265 qui
927 1230 1058 1271 plumis)

331 1263 467 1294 secunda
499 1271 622 1298 tantum
648 1280 746 1302 manu
783 1275 933 1314 scriptum
960 1286 1059 1310 est.—

329 1317 526 1347 contendere:
569 1325 609 1349 Π.
655 1327 816 1356 comedere
823 1342 833 1362 ,·
874 1335 885 1358 t
916 1340 990 1362 sane
1019 1333 1058 1363 de

328 1365 420 1396 solito
434 1367 468 1396 in
484 1379 500 1398 c
516 1369 685 1410 migrante:
712 1380 881 1410 concidere.
927 1383 990 1418 Qui
1009 1395 1055 1415 se-

327 1416 445 1456 quitur,
461 1429 584 1451 versum
601 1424 724 1455 uncinis
739 1427 990 1472 circumsaeptum
1004 1446 1055 1467 vo-

326 1465 384 1505 lui,
401 1477 437 1499 ut
451 1470 664 1505 adulterinum
681 1483 711 1507 et
735 1479 916 1522 insititium;
940 1487 1054 1524 partim

325 1527 363 1548 ex
379 1519 410 1549 ii.
425 1524 498 1552 5265.
521 1524 710 1566 confectum,
731 1540 767 1560 ac
782 1534 894 1570 partim
910 1547 948 1566 ex
963 1548 1052 1570 versu

323 1579 479 1611 sequente.
526 1575 558 1605 Si
581 1578 651 1617 quis
673 1585 777 1612 tamen
793 1587 907 1623 probus
922 1590 1019 1620 codex
1035 1603 1052 1622 e

322 1621 579 1657 bibliothecarum
611 1632 745 1662 tenebris
768 1642 799 1664 et
827 1638 954 1675 pulvere
977 1651 1051 1672 mox

322 1682 491 1712 erueretur,
502 1679 556 1717 qui
565 1680 708 1713 meliores
716 1687 878 1725 quaspiam
890 1689 1049 1729 dictiones,

321 1725 388 1754 vice
404 1739 459 1756 των
474 1738 553 1767 soepe
568 1733 674 1769 quiete,
705 1738 866 1778 praeberet,
890 1752 952 1772 non
967 1745 1048 1774 arbi-

319 1780 416 1806 trarer
433 1778 579 1818 equidem
596 1781 787 1821 ejiciendum
799 1799 880 1829 esse;
904 1804 961 1825 nec
975 1806 1046 1834 pro·

318 1825 400 1857 fecto
427 1828 650 1864 difficillimum
677 1838 829 1878 existimo,
854 1847 1046 1883 probabilem

317 1879 571 1913 emendationem
601 1889 790 1930 excogitare;
823 1895 876 1925 sed
906 1900 1046 1938 apprime

315 1928 428 1962 inutile
443 1939 500 1972 est,
517 1942 547 1965 et
562 1938 690 1975 puerile,
716 1944 900 1984 conjecturis
915 1951 1042 1982 arbitra·

314 1979 378 2016 riis,
403 1983 443 2012 ad
457 1987 615 2017 acuminis
630 1995 849 2027 tantummodo
863 2004 1041 2033 ostentatio·

315 2040 390 2060 nem
405 2033 598 2073 facientibus,
620 2039 767 2074 lascivire.
810 2048 906 2080 Error
921 2052 953 2081 in
969 2054 1041 2084 ulti-

315 2081 376 2111 mis
391 2087 550 2117 vocabulis
566 2089 657 2121 facile
679 2097 782 2131 potuit
803 2108 980 2142 exsurgere,
1003 2106 1039 2136 li-

313 2134 406 2164 brarii
430 2138 528 2169 oculis
544 2140 576 2170 in
601 2142 696 2174 finem
719 2152 876 2188 sequentis
898 2157 1040 2188 versiculi

311 2186 414 2216 subito
431 2190 587 2229 conjectis.
634 2195 797 2231 Bentleius
813 2203 939 2244 insuper
953 2209 1036 2240 vide-

309 2242 361 2266 tur
375 2238 526 2272 hactenus
540 2244 625 2275 solus
639 2239 681 2277 ad
694 2249 778 2281 hunc
793 2263 917 2286 versum
937 2260 1035 2290 offen-

307 2287 403 2321 disse:
431 2294 520 2334 cujus
530 2296 687 2336 judicium
703 2306 811 2345 magni
827 2309 939 2346 pendo.

349 2351 424 2382 Ver.
449 2359 519 2386 988.
555 2360 735 2394 Venantum:
774 2366 809 2397 P.
843 2369 882 2400 V.
913 2372 960 2402 ed.
993 2375 1032 2406 Ο.

313 2403 581 2440 Venatum—Hic
597 2419 702 2444 autem
718 2426 822 2448 versus
838 2420 869 2451 in
886 2425 1032 2457 omnibus

303 2461 415 2492 praeter
437 2458 475 2489 P.
494 2460 588 2493 Vind.
606 2471 640 2495 Δ.
664 2468 749 2499 abest
773 2471 845 2503 huic
871 2474 952 2515 loco,
976 2479 1029 2510 sed

302 2504 448 2538 inseritur
469 2510 503 2540 in
525 2513 603 2551 aliis,
635 2518 758 2558 opinor,
788 2529 823 2552 ut
848 2525 880 2554 in
903 2530 1027 2568 nostris,

298 2564 368 2594 post
383 2570 443 2591 ver.
462 2566 532 2594 997.
555 2575 629 2596 cum
643 2576 776 2609 quatuor
791 2575 884 2606 etiam
896 2588 1025 2620 sequen·

298 2609 388 2642 tibus.

341 2673 420 2706 lbid.
460 2681 638 2724 Venantum,
676 2698 733 2727 pro
768 2700 953 2732 venatorum;
988 2704 1024 2728 ut

295 2727 452 2764 medentes,
470 2741 525 2770 pro
540 2738 660 2774 medici,
685 2740 703 2770 i.
722 2744 792 2773 935.
816 2752 909 2784 prout
925 2748 1023 2779 Faber

294 2773 469 2809 admonuit:
514 2785 566 2815 ubi
596 2797 648 2819 me
676 2790 787 2824 videas.
854 2796 1018 2839 Virgilius,

293 2824 367 2856 AEn.
383 2827 423 2858 ix.
437 2833 507 2862 551.

1036 2921 1052 2928 a·

1033 2932 1051 2947 ι)

1142 813 1180 838 Ut
1191 813 1257 845 fera,
1269 822 1342 846 quae,
1354 817 1435 843 densi
1446 823 1591 846 venantum
1601 825 1686 855 saepta
1696 826 1808 856 corona,

1141 853 1242 878 Contra
1253 854 1306 879 tela
1317 854 1424 882 surit—.

1154 901 1235 934 Ibid.
1267 884 1437 939 Venizntum
1467 921 1556 943 canes
1585 915 1618 943 in
1641 917 1749 954 quiete.
1774 914 1832 945 Se-

1108 962 1145 982 ro
1166 954 1245 984 mihi
1269 955 1303 985 in
1331 965 1470 990 mentem
1485 962 1570 992 venit
1585 963 1765 1005 AEschylus,
1790 966 1832 996 ad

1107 1004 1244 1036 Eumen.
1272 1011 1341 1040 132.
1362 1010 1416 1040 ubi
1441 1012 1603 1044 Schutzius
1617 1015 1702 1046 haud
1717 1017 1832 1048 oblitus

1106 1062 1152 1085 est
1167 1057 1314 1090 Lucretii:

1145 1131 1213 1164 Ovoep
1227 1130 1320 1161 διωκεις
1332 1133 1414 1170 ἂκρα,
1428 1141 1596 1169 κλαγγαιιεις
1608 1139 1629 1165 δ’
1639 1140 1660 1166 οἱ
1670 1150 1712 1176 περ

1145 1178 1220 1208 Κυων,
1231 1187 1355 1213 fasma-mu
1369 1191 1384 1207 u
1397 1182 1451 1208 ποτ’
1462 1189 1565 1211 εκλιπων
1577 1187 1702 1213 ΠΟΡΟΥ·

1103 1250 1122 1280 i.
1147 1262 1172 1282 e.
1207 1255 1230 1271 “
1245 1255 1352 1286 curszis
1376 1257 1607 1291 solicitudinem
1631 1272 1696 1293 non
1717 1264 1827 1295 remit·

1104 1304 1126 1320 “
1142 1304 1238 1334 tens.”
1286 1306 1337 1336 Sic
1353 1306 1545 1349 lengendum
1566 1311 1646 1343 forte
1667 1324 1723 1354 pro
1745 1329 1827 1348 πονε·

1101 1353 1152 1383 cui
1168 1354 1294 1386 lectioni
1309 1359 1387 1389 bene
1401 1370 1434 1390 se
1451 1361 1614 1394 Schutzius
1628 1365 1752 1406 objecit:
1772 1366 1827 1397 sed

1100 1407 1224 1445 propria
1261 1415 1366 1440 tamen
1403 1413 1580 1454 conjectura
1612 1430 1718 1458 αγρας,
1748 1419 1826 1459 quid

1098 1455 1334 1496 improbabilius
1353 1468 1408 1492 aut
1424 1463 1563 1496 inscitius
1576 1469 1746 1509 excogitari
1767 1480 1824 1510 po-

1097 1507 1194 1539 terat?

1140 1559 1214 1592 Ver.
1229 1565 1300 1594 989.
1322 1566 1476 1597 Laetam:
1501 1568 1545 1599 ita
1557 1569 1598 1600 V.
1614 1571 1661 1602 ed.
1675 1572 1710 1602 in
1721 1574 1823 1612 primo

1096 1609 1175 1648 loco,
1188 1619 1218 1642 et
1231 1614 1387 1646 verissime
1399 1619 1506 1656 procul
1515 1620 1625 1660 dubi03
1637 1633 1675 1654 ex
1685 1625 1823 1666 reliquiis

1094 1663 1246 1694 sermonis
1258 1667 1469 1700 vetustissimi:
1489 1672 1579 1713 cujus
1592 1673 1736 1706 dictionis
1750 1678 1819 1708 vul-

1092 1719 1165 1752 gata
1180 1717 1307 1748 Jactant
1323 1721 1548 1760 exemplarium
1570 1732 1753 1759 caeterorum
1768 1730 1818 1760 ni·

1092 1763 1135 1793 hil
1152 1771 1198 1795 est
1220 1767 1281 1798 nisi
1302 1768 1481 1809 glossatoris
1505 1775 1818 1816 interpretamentum

1091 1817 1272 1857 marginale.
1320 1821 1401 1853 Vide
1416 1834 1442 1854 v.
1460 1829 1551 1858 1067.
1594 1829 1720 1862 Eodem
1730 1832 1818 1864 sonte

1090 1868 1272 1906 profluxisse
1303 1873 1435 1906 fidenter
1459 1877 1592 1910 dixerim
1618 1884 1712 1914 verba
1734 1886 1815 1918 lacio

1089 1920 1193 1958 etiam,
1217 1933 1253 1953 ac
1274 1926 1401 1958 lacesso:
1427 1929 1530 1961 videas
1555 1943 1658 1972 supra,
1681 1935 1722 1966 ad
1736 1947 1812 1969 verr.

1088 1975 1158 2003 918.
1177 1978 1247 2005 601.
1294 1977 1435 2010 Verbum
1457 1983 1535 2014 laceo
1551 1984 1585 2015 in
1600 1985 1677 2018 locis
1690 1990 1813 2020 notissi.

1087 2025 1147 2055 mis
1162 2026 1313 2067 Terentii,
1338 2032 1423 2062 And.
1438 2033 1476 2064 iv.
1496 2039 1522 2066 1.
1540 2040 1589 2068 24.
1606 2048 1632 2068 v.
1655 2042 1685 2070 4.
1701 2045 1731 2072 9.
1754 2052 1810 2081 per

1081 2077 1185 2115 palpo,
1202 2078 1249 2108 vel
1264 2085 1369 2117 tracto,
1393 2084 1561 2125 verissime,
1587 2089 1619 2118 ni
1635 2089 1735 2128 fallor,
1759 2093 1808 2123 in-

1085 2130 1267 2165 terpreteris.
1314 2133 1526 2166 Audacissimi
1557 2139 1690 2171 editores
1719 2144 1806 2174 exhi-

1083 2178 1157 2208 bent
1173 2180 1211 2210 ad
1236 2191 1261 2211 ν.
1291 2186 1538 2226 1067.jactant,-
1562 2191 1630 2222 sine
1654 2193 1818 2234 religione*

1081 2238 1259 2262 emoventes
1276 2233 1342 2264 loco
1357 2240 1562 2270 venerabilem
1578 2249 1728 2276 vetustate
1738 2246 1803 2277 dic-

1079 2279 1206 2312 tionem.
1254 2284 1390 2325 Nonius,
1403 2288 1422 2318 i.
1439 2293 1490 2320 54.
1515 2295 1537 2309 “
1554 2294 1696 2331 Luctare,
1719 2297 1802 2327 mul-

1081 2334 1102 2347 “
1115 2334 1219 2370 cere,”
1243 2335 1297 2376 (de
1313 2338 1374 2377 qua
1389 2350 1462 2371 voce
1476 2342 1582 2374 redeas
1596 2345 1712 2377 lectum
1733 2348 1801 2379 ani·

1076 2383 1248 2424 madvcrsa,
1265 2387 1298 2418 in
1313 2399 1372 2420 ver.
1393 2393 1476 2433 139.)
1501 2398 1522 2412 “
1536 2395 1678 2428 vellere.”
1709 2401 1801 2431 Accii

1074 2435 1189 2474 locum,
1220 2451 1314 2480 quem
1339 2446 1468 2483 protulit
1495 2453 1724 2491 grammaticus,
1754 2455 1798 2486 ita

1073 2496 1170 2525 possrs
1184 2494 1383 2526 constituere:

1101 2566 1286 2579 Q—
1297 2562 1345 2586 nisi
1355 2566 1386 2587 ut
1395 2568 1481 2590 catum
1492 2567 1628 2600 ingenium
1639 2574 1714 2610 tuunr

1103 2595 1134 2617 Et
1144 2594 1235 2628 lingui
1247 2598 1364 2632 laudem,
1377 2607 1406 2628 et
1416 2605 1493 2630 dictis
1502 2607 1591 2634 lactem
1603 2609 1714 2636 lenibus.

1069 2655 1159 2687 Idem
1191 2667 1237 2690 est
1255 2666 1387 2704 palpare
1409 2667 1553 2709 aliquem,
1579 2679 1615 2702 ut
1636 2673 1789 2707 diximus:

1067 2707 1150 2746 quod
1166 2710 1271 2743 minus
1293 2725 1407 2748 rarum.
1453 2720 1540 2752 Hinc
1562 2723 1729 2765 eleganter,
1753 2734 1790 2758 ut

1065 2760 1182 2798 omnia,
1207 2764 1373 2807 Apuleius,
1400 2778 1472 2801 met.
1497 2773 1558 2804 viii.
1583 2785 1612 2814 p.
1637 2780 1710 2808 524.
1738 2779 1787 2811 ed.

1066 2810 1211 2843 Oudend.
1271 2821 1292 2836 ‘⁸
1309 2819 1446 2851 Luctum
1478 2823 1592 2862 sedare,
1631 2828 1785 2868 ejulatum

1061 2864 1081 2879 ‘⁴
1099 2865 1249 2906 coercere,
1280 2871 1374 2903 verbis
1397 2875 1596 2914 palpantibus
1619 2879 1783 2912 stimulum
