1912 3292
480 228 714 281 LIBER
757 230 1144 286 QUARTUS.

1452 247 1544 288 259

263 357 378 406 Quin
398 357 534 406 etiam,
557 372 857 413 quaequomque
875 360 1072 402 latuscula
1091 371 1186 405 sunt
1206 367 1459 420 speculorum

203 429 392 471 Adsimili
412 429 545 471 lateris
563 430 720 471 flexura
741 432 916 486 praedita
939 435 1067 475 nostri
1073 453 1086 485 3

198 502 384 545 Dextera
402 518 450 544 ea
468 511 638 558 propter
657 505 776 547 nobis
796 507 1012 549 simulacra
1030 511 1259 553 remittunt:

87 579 169 616 315
201 577 288 618 Aut
307 576 402 632 quia
421 576 474 618 de
494 579 658 633 speculo
677 580 721 621 in
742 582 950 637 speculum
970 583 1213 626 transfertur
1232 587 1385 644 imago,

198 650 302 691 Inde
321 650 375 691 ad
394 665 485 702 nos,
508 652 603 694 elisa
622 653 699 705 bis,
721 655 902 706 advolat3
935 665 1005 699 aut
1024 659 1148 699 etiam
1168 660 1281 715 quod

199 723 366 765 Circum
386 726 537 782 agitur,
561 742 686 783 quom
706 730 817 772 venit
836 731 989 788 imago:
1021 742 1240 788 propterea
1259 735 1370 791 quod

196 796 324 838 Flexa
343 798 477 855 figura
496 801 618 843 docet
638 804 789 858 speculi
808 807 1041 847 convertier
1061 807 1113 848 ad
1133 823 1222 849 nos.

251 869 481 928 Indugredi
499 889 626 929 porro
645 878 798 930 pariter
819 879 1048 929 simulacra,
1070 880 1300 937 pedemque

79 947 163 984 320
195 943 372 997 Ponere,
395 948 610 990 nobiscum
630 951 787 1003 credas,
810 961 1051 1010 gestumque
1070 955 1240 1005 imitari;

50 1099 134 1139 quod
156 1106 361 1131 correctorem
385 1101 508 1133 videtur
532 1115 646 1144 sapere.
692 1106 774 1138 Vos-

48 1149 111 1180 SIus
125 1150 285 1191 eleganter
299 1152 487 1193 emendavit,
503 1161 534 1186 et
549 1162 652 1188 acute:

172 1225 238 1250 Inde
249 1228 423 1251 retroversum
433 1227 516 1253 redit:

47 1294 102 1325 sed
124 1296 235 1326 melior
263 1303 309 1328 est
332 1298 446 1330 codicis
470 1301 649 1341 auctoritas,
679 1313 775 1344 eaque

45 1347 254 1379 vetustissimi.
300 1356 346 1380 Ω.
378 1357 446 1390 post
474 1359 638 1384 retrorsum
668 1354 776 1386 inserit

45 1400 147 1434 etiam,
175 1399 317 1439 ejusdem
342 1400 470 1432 fulturae
495 1404 611 1443 gratifu
633 1406 775 1445 quamvis

44 1450 156 1480 habeat
169 1450 297 1490 insuper
309 1454 420 1488 reddit,
436 1459 544 1484 contra
554 1455 649 1485 libros
664 1466 774 1488 omnes

45 1501 129 1532 alios.
175 1502 320 1534 Editores
342 1504 472 1545 quidam
496 1506 695 1547 scripserunt,
718 1510 773 1541 sed

45 1553 114 1584 sine
128 1555 319 1586 membranis
333 1561 365 1586 et
378 1556 536 1597 impressis
549 1560 690 1590 vetustis:

74 1640 142 1666 Inde
151 1645 297 1668 retrorsum
309 1643 392 1669 reddit
400 1651 436 1675 se,
446 1647 475 1670 et
488 1645 624 1671 convertit
634 1647 742 1672 eodem.

46 1711 137 1743 Nihil
163 1714 247 1745 ultra
269 1716 368 1756 quaeri
397 1716 489 1748 debet
513 1718 625 1754 versui,
653 1719 679 1749 si
704 1719 775 1759 quis

45 1763 136 1803 alim,
151 1766 326 1805 sanissimo,
346 1775 438 1808 prout
452 1770 635 1810 nosmetipsi
649 1770 772 1801 lectori-

45 1814 104 1844 bus
119 1817 343 1848 concinnatum
358 1820 566 1852 exhibuimus.

88 1867 163 1898 Ver.
178 1871 251 1899 312.
273 1871 445 1902 latuscula:
479 1879 520 1903 Π.
542 1875 712 1911 locuscula;
737 1879 771 1906 Σ.

42 1918 210 1949 lacusculo.
257 1920 411 1960 Catullus,
427 1932 496 1953 xxv.
515 1927 562 1954 10.
578 1925 673 1954 habet
689 1928 711 1943 “
727 1925 771 1955 la-

42 1970 67 1986 “
82 1978 182 1999 neum
195 1972 413 2003 latusculum.”
457 1975 502 2004 Et
516 1975 695 2006 minutioris
709 1977 771 2017 sig-

42 2019 187 2051 nificatus
224 2024 374 2054 vocabulo
404 2025 571 2057 Lucretius
602 2038 678 2058 usus
714 2034 770 2066 est,

42 2071 117 2111 quia
131 2073 266 2112 specula,
293 2086 364 2116 quae
387 2077 490 2115 vellet,
515 2089 637 2118 nempe,
663 2079 704 2110 ad
718 2090 770 2120 cy-

40 2119 210 2154 lindratam
236 2126 376 2168 undique
404 2129 640 2167 convexitatem,
667 2131 707 2161 de
733 2131 769 2160 fi-

41 2174 122 2214 gura
145 2177 282 2216 corporis
311 2179 456 2218 humani,
494 2181 672 2220 rotundata,
709 2182 771 2212 nisi

41 2227 170 2258 metallo
183 2234 335 2267 constent,
351 2230 450 2269 aliter,
466 2243 561 2273 quam
577 2244 632 2272 per
653 2245 769 2275 angus-

40 2277 136 2308 tiores
160 2279 304 2320 laminas,
331 2283 409 2314 serie
435 2284 600 2315 collocatas
623 2286 768 2323 invicem,

41 2329 185 2361 fabricari
201 2341 370 2374 nequeunt.

85 2390 162 2420 Ver.
177 2395 250 2423 515.
269 2395 392 2425 lateris:
419 2396 456 2426 B.
471 2398 767 2437 Interea—predita:

41 2443 78 2471 Δ.
89 2444 215 2481 prodita
220 2459 234 2485 ,-
258 2455 329 2485 quae
343 2446 485 2477 confusio
505 2448 702 2486 praefixarum
716 2460 770 2479 vo-

42 2492 185 2523 cularum
201 2495 424 2527 contaminavit
440 2498 582 2538 Florum,
605 2500 646 2530 ad
665 2501 702 2531 iv.
721 2504 770 2531 11.

42 2546 71 2573 9.
96 2546 118 2561 “
136 2543 259 2585 Itaque,
285 2556 343 2577 nec
364 2556 529 2588 properata
556 2551 588 2581 in
618 2562 772 2582 oceanum

40 2598 64 2614 “
79 2597 168 2637 fuga,
198 2609 256 2630 nec
286 2602 410 2633 munita
442 2605 601 2642 praesidiis,
639 2613 771 2648 utraque

40 2649 63 2666 “
80 2649 213 2690 AEgypti
249 2661 379 2690 cornua,
423 2654 640 2687 Paraetonium
676 2663 771 2699 atque

41 2701 65 2717 “
81 2700 258 2741 Pelusium,
275 2705 449 2744 profuere.'’
494 2708 592 2747 Libri,
607 2720 770 2750 praepara-

37 2757 88 2788 τας
112 2753 165 2784 sed
180 2755 276 2787 modo
299 2757 436 2790 dixerat:
464 2761 573 2791 Prima
600 2764 662 2793 dux·
673 2763 768 2804 fugae

36 2805 154 2842 regina.

79 2861 154 2892 Ver.
169 2867 243 2897 314.
267 2870 448 2902 remittunt:
474 2871 571 2903 Vind.
587 2873 628 2903 V.
656 2873 705 2904 ed.
727 2879 762 2905 Δ.

35 2915 170 2946 vnittunt.

862 1108 944 1139 Ibid.
971 1120 1007 1139 ea
1031 1116 1169 1149 propter.
1217 1110 1343 1141 Novam
1364 1112 1544 1154 formulam,

818 1164 850 1188 et
878 1159 983 1190 nescio
1012 1171 1054 1190 an
1082 1160 1156 1190 alibi
1187 1162 1448 1201 conspiciendam,
1477 1168 1545 1197 ani-

783 1222 785 1224 ·
819 1214 992 1245 madvertat
1020 1216 1133 1246 lector:
1174 1216 1260 1247 unde
1290 1223 1384 1256 patet,
1421 1219 1446 1248 si
1481 1231 1546 1257 nos,

818 1265 924 1295 divisis
952 1266 1148 1303 dictionibus,
1177 1269 1292 1307 passim
1322 1269 1546 1308 scripsissemus

812 1324 938 1358 propter
963 1330 1011 1358 ea,
1038 1325 1069 1349 et
1094 1331 1154 1360 qua
1176 1328 1313 1361 propter,
1343 1322 1384 1352 de
1409 1324 1548 1354 Lucretii

820 1368 973 1402 sententia
989 1371 1168 1410 planissime
1183 1372 1320 1404 facturos
1334 1374 1438 1406 fuisse.
1486 1377 1547 1407 Sed

817 1422 879 1462 qua
893 1422 932 1453 de
947 1423 1056 1454 caussa
1071 1425 1222 1463 posterior
1236 1426 1352 1466 syllaba
1374 1427 1408 1458 in
1422 1439 1456 1459 ea
1473 1439 1545 1468 pro-

818 1473 961 1513 ducatur,
977 1481 1044 1515 aut,
1060 1476 1086 1506 si
1101 1478 1193 1508 scribi
1207 1478 1319 1509 debeat
1332 1478 1378 1515 eci,
1400 1490 1463 1520 quo
1477 1491 1547 1511 mo-

817 1525 858 1556 do
873 1527 931 1557 hoc
946 1527 1021 1558 ferri
1036 1528 1131 1568 possit
1152 1529 1217 1560 una
1238 1541 1312 1561 cum
1330 1531 1548 1571 praepositione

811 1587 949 1621 propter,
977 1582 1090 1622 ignoro
1112 1583 1260 1624 equidem
1280 1584 1373 1625 juxta
1397 1595 1472 1615 cum
1497 1585 1547 1615 in-

818 1631 1020 1671 doctissimis;
1037 1645 1137 1675 quum
1148 1635 1287 1675 profecto
1296 1637 1430 1667 rationes
1441 1647 1548 1678 gram-

817 1683 946 1714 maticas
970 1686 1113 1716 vocabuli
1134 1694 1296 1727 propterea
1322 1688 1455 1718 minime
1478 1697 1548 1727 per·

817 1740 934 1773 spectas
949 1737 1094 1775 habeam,
1109 1743 1141 1767 et
1154 1744 1376 1778 praeceptorem
1390 1739 1479 1770 valde
1493 1738 1553 1770 de-

818 1785 959 1816 siderem.

860 1836 935 1866 Ver.
951 1840 1024 1868 516.
1057 1840 1179 1869 advolat
1206 1841 1316 1879 imago.
1371 1840 1545 1879 Amobius,

816 1887 869 1918 lib.
888 1888 908 1919 i.
923 1899 953 1928 p.
968 1893 1019 1920 46.
1043 1893 1066 1908 “
1083 1890 1260 1921 Radiorum
1285 1897 1316 1922 et
1342 1891 1472 1922 luminis
1495 1892 1546 1922 in-

818 1943 840 1958 “
856 1940 995 1971 tentione
1018 1941 1192 1980 videamus,
1213 1953 1253 1973 an
1275 1955 1376 1974 rerum
1394 1946 1545 1984 imagines

818 1994 839 2009 “
855 1994 1001 2029 advolent,
1021 1999 1052 2023 et
1065 1994 1180 2024 nostris
1192 1994 1227 2025 in
1242 1995 1370 2034 pupulis
1386 1995 1531 2026 sidant?”

857 2051 932 2082 Ver.
955 2055 1029 2082 518.
1066 2055 1181 2084 Flexa:
1221 2054 1259 2084 L.
1290 2054 1339 2084 M.
1376 2057 1545 2086 Flam.—

814 2105 944 2143 speculz':
987 2110 1032 2135 Ω.
1062 2107 1456 2145 speculum.—conv0rtz·er.·
1498 2114 1542 2138 Π.

814 2165 882 2185 cum
897 2157 1034 2186 vertitur.

866 2207 948 2237 Ibid.
985 2209 1087 2239 docet:
1127 2219 1242 2248 nempe
1277 2209 1378 2250 figura
1415 2211 1544 2250 speculi,

815 2258 903 2298 quasi
928 2268 977 2289 res
1003 2258 1110 2289 anima
1133 2270 1290 2301 sensuque
1313 2262 1458 2300 praedita3
1490 2273 1542 2293 ve-

813 2315 938 2340 nustate
952 2310 1086 2341 minime
1100 2312 1231 2353 vulgari,
1257 2319 1288 2343 et
1313 2324 1385 2344 vere
1399 2314 1543 2345 Lucreti-

814 2361 890 2392 ana:
917 2361 988 2392 vide
1009 2372 1085 2393 verr.
1101 2366 1173 2394 154.
1190 2367 1261 2395 246.
1285 2375 1359 2394 nam
1381 2375 1490 2395 sensus
1512 2370 1545 2396 et

814 2414 1003 2444 constructio
1033 2415 1077 2444 sic
1106 2425 1138 2445 se
1167 2417 1296 2446 habent:
1336 2420 1357 2434 “
1375 2417 1544 2455 Propterea

816 2467 837 2483 “
855 2464 941 2504 quod
955 2464 1035 2495 flexa
1050 2466 1167 2505 speculi
1182 2466 1283 2507 figura
1302 2466 1392 2497 docet
1416 2467 1542 2508 (imagi-

815 2519 837 2534 “
854 2517 943 2557 nem)
959 2518 1132 2548 convertier
1155 2519 1189 2559 (i.
1205 2529 1230 2549 e.
1250 2530 1279 2549 se
1295 2519 1479 2558 convertere)
1502 2519 1542 2549 ad

815 2572 838 2587 ‘⁶
855 2569 942 2599 nos.''
990 2570 1042 2600 De
1056 2570 1105 2600 his
1127 2576 1233 2601 autem
1255 2581 1296 2600 ne
1311 2581 1367 2610 per
1381 2571 1540 2602 somnium

813 2620 944 2660 quidem
971 2621 1116 2660 suspicati
1145 2627 1220 2651 sunt
1247 2622 1442 2660 interpretes:
1484 2632 1541 2653 nec

814 2671 940 2707 mirum,
970 2682 1070 2712 quum
1096 2672 1209 2702 mediae
1238 2674 1321 2703 vocis
1344 2679 1538 2712 potestatem,

814 2721 946 2761 qualiter
962 2722 1043 2753 inter
1057 2724 1188 2754 Latinos
1207 2725 1337 2763 obtinet,
1361 2725 1540 2756 nullatenus

810 2774 1030 2812 perspexerint.
1076 2775 1144 2805 Nos
1163 2775 1237 2806 alibi
1253 2777 1365 2816 saepius
1378 2777 1419 2808 de
1433 2779 1491 2808 hac
1506 2787 1540 2808 re

812 2823 909 2854 locuti
932 2835 1052 2864 snmus,
1083 2832 1114 2856 et
1146 2837 1264 2858 errores
1292 2827 1541 2859 doctissimorum

807 2876 986 2915 hominurn,
997 2877 1070 2908 hinc
1082 2885 1215 2918 exortos,
1230 2880 1437 2921 coarguimus.
1450 2880 1540 2911 Mul-

812 2932 853 2957 tae
878 2928 967 2958 nobis
991 2935 1065 2959 sunt
1088 2930 1121 2960 in
1147 2931 1207 2962 hac
1236 2931 1380 2971 pharetra
1403 2932 1542 2973 sagittae;
