1912 3292
506 276 739 324 LIBER
786 273 1135 323 TERTIUS.

1491 281 1583 326 175

239 411 314 452 Est
332 406 557 462 insignibus
576 405 744 463 insignis
750 422 764 454 ;
796 405 1034 461 scelerisque
1052 405 1157 447 luela

242 483 408 530 Carcer,
429 487 471 520 et
488 478 696 520 horribilis
716 479 768 520 de
788 494 888 520 saxo
901 480 1035 535 jactus
1055 494 1214 529 eorum,

102 561 209 598 1030
240 555 436 604 Verbera,
458 554 698 605 carnufices‚
722 554 862 605 robur,
884 555 974 610 pix,
994 555 1161 604 lamina,
1183 553 1318 594 taedae:

95 713 183 747 ποῖας
199 714 394 752 εμέαλλοντες
411 724 612 752 συνεχεσιν-η
628 719 752 752 &sym-aa
768 726 818 743 και

93 763 281 806 ποδοστραξη·
301 765 364 797 ‘525
391 776 416 794 εν
444 761 649 806 τοδοσ-τραὲαις
667 777 733 799 «τισι,
760 778 817 798 τως

91 820 191 861 βοθροις
207 830 390 860 ενεφγομενοι,
419 817 515 858 (lego,
540 818 815 857 ENEIPOMENOI)

92 882 253 902 smenon-0.
299 867 416 899 Confer
431 867 647 906 Plutarchum,
662 868 694 898 ii.
703 879 732 907 p.
745 871 817 899 598.

92 921 130 952 Β.
172 919 236 950 Vel
250 929 357 950 rursus
372 918 453 949 illud
465 921 595 959 lignum,
614 919 653 950 de
669 929 732 960 quo
747 919 816 949 He-

90 971 227 1013 sychius:
254 973 381 1005 ‘Exoe‘rn-
398 972 481 1011 ξυλεν
502 984 526 1002 εν
549 985 606 1006 τοις
623 979 785 1011 vultuum,
797 973 818 1012 q}

92 1037 142 1059 τες
177 1036 328 1067 κακεργες
367 1023 612 1065 τροςδεσμευον-τες
648 1036 818 1064 spaza-178⁹.

90 1076 155 1107 Vel
167 1076 296 1116 insuper
310 1085 399 1115 crux,
414 1076 479 1107 sive
493 1076 595 1115 palus:
621 1077 695 1107 huic
710 1077 819 1117 utique

90 1127 302 1169 infigebantur
314 1128 368 1164 rei,
383 1127 480 1159 modo
494 1138 590 1169 quem
604 1138 661 1158 nos
673 1128 818 1159 describi-

92 1190 164 1211 mus
177 1180 213 1210 in
229 1180 303 1211 Silv.
321 1180 396 1211 crit.
411 1180 443 1211 ii.
465 1191 495 1219 p.
511 1184 564 1211 65.
577 1186 607 1211 et
621 1180 662 1211 ad
677 1180 818 1220 AEschyli

91 1233 228 1263 Eumen.
247 1235 316 1263 190.
341 1232 393 1262 Sic
408 1238 514 1262 autem
529 1232 594 1270 alii,
615 1232 663 1263 uti
678 1232 727 1262 vel
741 1243 818 1272 pue-

91 1284 134 1315 ris
154 1283 355 1315 notissimum
377 1289 431 1314 est.
458 1284 587 1314 Anthol.
613 1284 684 1315 Lat.
707 1284 751 1314 iii.
766 1288 816 1315 82.

93 1341 142 1368 25.

137 1412 252 1442 Noxius,
261 1411 357 1436 infami
368 1411 503 1436 districtus
512 1411 604 1443 stipite
613 1412 748 1441 membra,

166 1452 260 1482 sperat
270 1454 298 1476 et
308 1457 324 1475 a
334 1449 392 1475 fixa
403 1458 479 1483 posse
490 1451 577 1477 redire
589 1458 680 1477 cruce.

91 1514 232 1552 Orosius,
247 1514 318 1545 hist.
334 1523 361 1544 v.
379 1517 428 1545 12.
452 1518 475 1533 “
489 1515 621 1546 Flaccus
639 1515 819 1546 adolescens

91 1569 114 1586 ‘⁶
129 1567 164 1596 in
177 1567 281 1597 robore
295 1571 425 1596 necatus
438 1566 524 1597 est:”
547 1566 589 1597 ad
610 1577 706 1607 quam
729 1567 816 1597 clau-

44 1641 46 1643 .
89 1617 191 1648 sulam
204 1616 324 1648 Fabric.
346 1617 498 1648 consulas.
515 1617 657 1657 Tacitus,
682 1628 755 1648 ann.
778 1618 816 1648 iv.

89 1674 141 1702 29.
183 1669 335 1710 Preigero
359 1678 426 1699 non
453 1669 716 1708 praeteritus2-“
730 1670 818 1711 vulgi

89 1724 112 1742 “
128 1731 255 1752 rumore
279 1720 415 1756 territus,
441 1720 542 1756 robur,
568 1726 600 1751 et
624 1732 739 1757 saxum,
763 1727 818 1751 aut

91 1778 113 1793 “
128 1773 356 1814 parricidarum
382 1783 500 1813 poenas,
529 1773 817 1805 minitantium—J

93 1825 175 1856 Vide
190 1824 288 1855 Dion.
306 1825 390 1856 Cass.
405 1824 472 1855 lxii.
486 1830 571 1856 sectt.
589 1828 618 1856 7.
632 1828 682 1855 11.

33 1877 44 1880 ”
91 1875 165 1912 Vel,
187 1875 331 1916 denique,
355 1885 421 1905 non
445 1875 616 1906 absurdum
643 1882 689 1906 est
714 1876 818 1906 existi-

91 1940 188 1967 mare,
212 1929 398 1960 Lucretium
423 1929 564 1966 voluisse,
596 1931 735 1971 generali
760 1942 818 1962 no-

90 1981 177 2012 mine
192 1981 345 2020 adhibito,
355 1982 462 2014 omnia
473 1981 655 2013 carnificum
665 1988 820 2013 tormenta

91 2033 362 2072 comprehendere,
392 2043 462 2074 quae
484 2033 564 2074 ligni
588 2033 725 2074 cujusvis
751 2044 817 2074 ope,

89 2090 252 2125 utcunque
265 2083 403 2122 vocitati,
419 2085 651 2114 exercebantur.

91 2135 180 2172 Quid
203 2134 330 2166 autem?
356 2135 390 2165 in
423 2135 558 2166 transitu
588 2136 630 2166 D.
663 2134 818 2174 Cassium,

31 2206 33 2208 -
89 2185 185 2216 modo
195 2185 371 2224 laudatum,
383 2186 629 2217 emendatiorem
638 2187 718 2218 dabo
724 2200 733 2226 ;
745 2198 821 2218 nam

90 2237 201 2268 doctus
229 2237 330 2268 editor
360 2237 491 2268 extricat
517 2238 610 2269 nihil:
637 2238 706 2279 lege
732 2250 818 2280 erge,

92 2296 255 2323 πασσαλοις
273 2295 479 2322 ΔῐΛἸὈΡΟΙΣ
504 2290 683 2334 διαταρηιαι.
718 2291 818 2330 Libri,

93 2340 243 2382 ἷιατυρσις.

135 2391 219 2422 Ibid.
236 2394 303 2432 pix.
347 2392 422 2423 Pice
447 2392 585 2423 fervente
611 2393 718 2424 infusa
743 2394 820 2425 olim

93 2442 291 2484 quorundam
315 2443 531 2474 maleficorum
554 2444 722 2475 hominum
751 2455 818 2475 cor-

92 2505 168 2536 pora
181 2494 360 2525 urebantur.
403 2494 547 2531 Plautus,
566 2495 656 2535 Capt.
671 2495 715 2526 iii.
726 2499 756 2527 4.
769 2499 819 2528 65.

98 2563 103 2566 “
123 2564 179 2594 Ty.
207 2563 274 2588 Atra
284 2562 342 2587 bilis
351 2562 436 2594 agitat
448 2562 598 2588 hominem.
621 2563 668 2588 Ar.
681 2563 718 2588 At
728 2562 773 2594 pol
781 2566 820 2594 te,

215 2603 237 2627 si
248 2602 292 2627 hic
302 2602 388 2634 sapiat
397 2608 493 2632 senex,

126 2644 194 2669 Atra
200 2643 251 2675 pix
262 2643 347 2675 agitet
358 2643 431 2675 apud
440 2643 603 2675 carnuficem,
623 2651 654 2669 ac
667 2648 720 2670 tuo
740 2645 822 2677 capiti

220 2683 348 2708 inlucaet.

607 2716 790 2749 Lambinus.

98 2785 224 2818 Addam
238 2783 462 2824 Prudentium,
481 2785 584 2825 perist.
601 2796 629 2817 v.
649 2790 720 2820 199.

186 2860 332 2893 Exemplar
339 2860 403 2891 hoc,
415 2862 537 2893 Serpens,
548 2865 628 2887 tuum
641 2865 697 2894 est3

187 2901 280 2933 Fungo
291 2908 374 2932 quem
386 2909 456 2926 mox
466 2902 584 2933 sulfuris,

187 2941 314 2967 Bitumen
324 2947 364 2972 et,
375 2943 498 2968 mistum
507 2943 572 2975 pice,

192 2980 250 3005 imo
259 2980 436 3014 implicabunt
447 2983 573 3007 Tartaro.

860 712 935 750 Vel,
951 722 992 742 an
1008 713 1158 742 molestam
1173 713 1311 742 tunicam
1327 714 1431 740 noster
1445 720 1583 749 respexe-

860 763 901 794 rit
914 763 938 794 J
939 762 1089 801 uvenalis,
1104 762 1168 792 viii.
1187 761 1267 794 255?

922 821 996 852 Ausi,
1005 821 1077 852 quod
1087 820 1166 846 liceat
1176 820 1264 845 tumn-„i
1274 821 1369 852 punire
1378 820 1492 845 mole-sed.

862 879 964 909 Vetus
989 878 1166 910 scholiastes
1192 878 1326 909 ibidem:
1362 881 1384 896 “
1400 877 1518 916 Vestis,
1547 887 1586 907 ex

863 935 885 950 “
902 931 1009 962 chartei
1024 932 1116 968 facta,
1138 933 1208 971 pice
1223 933 1334 966 inlita5
1360 931 1394 960 in
1417 930 1479 970 qua
1502 930 1586 970 igni-

862 988 887 1003 “
902 987 972 1024 bus,
987 996 1086 1025 poenae
1100 985 1226 1021 addicti,
1243 984 1350 1015 ardere
1364 984 1472 1015 solent.
1505 985 1587 1014 Ausi

864 1039 886 1055 “
902 1037 973 1067 esu's
987 1037 1019 1067 id
1041 1040 1158 1073 conari,
1184 1036 1268 1077 quod
1291 1038 1349 1067 hoc
1371 1042 1461 1076 pacto
1483 1036 1587 1066 debeat

864 1091 886 1106 ‘⁶
901 1088 1036 1127 puniri.”
1094 1088 1145 1119 Ita
1175 1089 1266 1119 verba
1294 1088 1478 1118 enarratoris
1513 1092 1588 1117 sunt

862 1140 1065 1183 diffingenda.
1109 1141 1309 1182 Evulgantur
1331 1151 1415 1179 vero,
1444 1141 1521 1178 Aut,
1545 1141 1585 1176 si,

861 1195 974 1228 conati,
989 1194 1103 1223 dehent.

904 1243 986 1273 Ibid.
1001 1245 1130 1273 lamina.
1174 1241 1268 1273 Idem
1283 1241 1485 1278 Prudentius,
1511 1241 1583 1272 ibid.

861 1305 921 1325 ver.
937 1297 1010 1325 207.

953 1372 1028 1395 Tum
1037 1370 1144 1400 deinde,
1155 1373 1297 1396 cunctatus
1307 1370 1364 1400 diu,

953 1410 1092 1441 Decemit,
1101 1412 1232 1444 Extrema
1247 1411 1371 1435 omniurn

954 1451 1024 1481 Igni,
1032 1451 1154 1482 grabato,
1165 1455 1193 1475 et
1203 1450 1318 1480 laminiJ,

955 1492 1121 1516 Exerceamr
1130 1491 1255 1522 quaestio.

864 1554 1055 1585 Consulatur
1077 1554 1173 1585 etiam
1200 1555 1364 1590 Horatius,
1389 1553 1476 1594 epist.
1500 1553 1520 1584 i.
1538 1556 1586 1585 15.

860 1610 912 1637 56.
937 1606 1057 1643 Cicero,
1069 1606 1104 1636 in
1113 1607 1204 1637 Verr.
1219 1617 1247 1637 v.
1260 1610 1309 1638 65.
1324 1616 1402 1647 quos
1415 1605 1589 1637 Lambinus

861 1657 1009 1689 laudavit.

904 1709 986 1740 Ibid.
1001 1712 1108 1741 taedae:
1125 1709 1267 1751 perlegas
1281 1710 1464 1750 interpretes
1475 1709 1514 1740 ad
1525 1709 1548 1740 J
1549 1719 1586 1738 u·

862 1761 960 1792 venal.
975 1761 997 1792 i.
1016 1765 1089 1793 155.
1112 1772 1189 1793 nam
1203 1762 1237 1792 id
1250 1772 1351 1803 genus
1365 1761 1523 1793 cruciatus
1536 1761 1589 1791 hic

862 1812 972 1851 respici
986 1812 1079 1843 facile
1095 1812 1243 1854 equidem
1256 1812 1451 1843 crediderim.

862 1864 885 1895 J
887 1874 940 1893 am
953 1874 1027 1894 vero
1041 1874 1146 1894 versus
1161 1864 1366 1894 Lucretianos
1385 1863 1495 1894 Siliani
1517 1863 1587 1904 qui-

863 1916 949 1954 dam,
966 1916 1049 1946 Pun.
1065 1916 1085 1946 i.
1105 1919 1174 1948 169.
1189 1916 1365 1946 luculenter
1378 1915 1589 1952 illustrabunt.

863 1972 894 1997 et
907 1966 1084 1998 luculenter
1098 1967 1232 1998 vicissim
1247 1967 1499 1998 illustrabuntur:

893 2045 930 2069 At
940 2044 1027 2075 Poeni,
1036 2044 1158 2069 succensi
1168 2044 1218 2074 ira,
1230 2045 1393 2075 turbataque
1403 2043 1479 2068 luctu

893 2086 927 2108 E:
936 2085 1015 2109 saevis
1026 2091 1090 2116 gens
1110 2084 1185 2115 laeta,
1203 2088 1302 2115 ruunt;
1320 2087 1512 2115 tormentaque
1529 2090 1589 2116 por-

986 2126 1058 2148 tant.

894 2164 953 2188 Non
964 2163 1043 2196 ignes,
1053 2162 1217 2195 candensque
1227 2163 1336 2196 chalybs,
1347 2170 1401 2188 nou
1412 2163 1523 2188 verbera
1531 2170 1589 2196 pas-

987 2210 1049 2233 sim,
1417 2228 1419 2230 .

895 2243 994 2267 Ictibus
1005 2243 1151 2268 innumeris
1163 2243 1282 2268 lacerum
1293 2243 1442 2268 scindentia
1452 2251 1558 2276 corpus,

895 2283 1062 2315 Carnfficewe
1073 2290 1175 2313 mamm,
1187 2285 1328 2315 penitusve
1339 2284 1426 2308 insum
1436 2285 1560 2309 medullis

892 2323 982 2352 Pestis,
993 2326 1032 2352 et,
1043 2322 1070 2346 tn
1081 2323 1172 2348 medio
1183 2323 1306 2348 luctantes
1318 2323 1438 2354 vulnere,
1441 2323 1559 2354 flammae

894 2363 1077 2387 ceaeaverffi.

866 2424 916 2455 Sic
931 2425 1114 2466 legendum:
1133 2428 1284 2458 luctantes
1295 2437 1408 2466 nempe
1419 2427 1508 2457 coedae
1517 2436 1592 2457 cum

862 2481 986 2510 humido
1001 2489 1119 2524 cruqre.
1164 2480 1247 2510 Rem
1274 2480 1331 2510 tibi
1355 2479 1592 2520 liquidissimam

862 2530 956 2561 faciet
969 2531 1130 2570 Lucanus,
1145 2531 1187 2561 iii.
1204 2533 1276 2562 505.

926 2615 992 2644 Nec,
1005 2620 1087 2645 quam
1099 2614 1138 2639 vis
1152 2614 1238 2640 viridi
1250 2615 1359 2639 luctetur
1370 2613 1464 2644 robore,
1473 2613 1558 2639 lentas

927 2653 996 2684 Ignis
1005 2654 1060 2685 agit
1072 2654 1149 2679 vires.

867 2709 987 2750 Vulg0,
1001 2712 1142 2742 lucentes.
1179 2711 1291 2749 Porro,
1307 2712 1467 2754 carng‘sices
1482 2721 1592 2742 manus

865 2767 940 2792 sunt
955 2764 1041 2797 unct}
1066 2768 1098 2793 et
1112 2765 1220 2802 pestis,
1240 2765 1393 2804 liquidum
1412 2764 1587 2804 plumbum:

868 2824 940 2855 quae
955 2813 1139 2844 Venusinus
1155 2814 1251 2844 etiam
1264 2815 1402 2854 sociavit,
1425 2814 1475 2845 od.
1495 2815 1515 2845 i.
1538 2816 1590 2845 55.

869 2870 917 2897 20.

1244 2940 1294 2959 nec
1304 2941 1409 2959 severus

992 2976 1075 2997 l'ncus
1085 2973 1169 3003 abest,
1178 2973 1357 3006 liquidumque
1365 2972 1504 3005 plumbum.
