1912 3292
331 243 427 283 :2150

820 235 882 285 Τ.
929 234 1308 285 LUCRETII

476 365 643 422 Quippe
662 366 734 408 ubi
753 368 863 409 nulla
881 368 1010 410 latens
1029 368 1186 410 ammai·
1200 383 1296 424 pars
1315 375 1544 409 remaneret

474 440 527 482 In
546 440 756 492 membris,
777 442 913 484 cinere
932 450 979 484 ut
998 441 1126 484 multa
1147 442 1244 484 latet
1262 442 1433 484 obrutus
1453 443 1579 499 ignis3

360 518 442 555 925
476 514 603 557 Unde
622 516 836 558 reconflari
857 531 998 558 sensus
1016 531 1091 573 per
1114 517 1301 559 membra
1320 525 1487 573 repente

474 588 625 640 Possit,
656 597 697 631 et
723 604 778 631 ex
797 591 885 648 igni
906 605 1018 632 caeco
1037 605 1286 648 consurgere
1304 591 1483 632 flamma.

534 663 632 714 Sed,
664 664 812 719 quibus
832 664 923 704 haec
942 664 1064 705 rebus
1084 664 1244 705 novitas
1263 665 1484 715 conflatur3
1516 671 1572 714 et,
1606 663 1720 706 undo

476 735 716 777 Perturbari
737 737 890 786 anima,
922 744 963 778 et
982 751 1130 792 corpus
1150 737 1425 795 languescere,
1456 739 1601 793 possit;

475 808 732 863 Expediam:
764 816 810 851 tu
830 809 909 860 fac,
941 825 995 852 ne
1014 811 1144 852 ventis
1164 811 1290 853 verba
1307 811 1568 868 profimdam.

359 887 444 923 930

331 1038 497 1080 “facibus
517 1038 697 1070 incitabat.”
743 1040 831 1076 Quin
856 1041 951 1072 etiam
973 1051 1063 1072 voces

329 1097 437 1130 tectus,
458 1097 571 1130 tactus,
595 1097 627 1122 et
647 1094 773 1130 tacitus,
796 1092 912 1123 librarii
931 1093 1062 1133 permis-

328 1153 422 1174 cuere
436 1142 477 1173 ad
491 1143 610 1174 Lucan.
627 1153 655 1174 v.
671 1147 743 1174 811.
764 1144 876 1176 malim
889 1150 996 1176 tamen
1012 1156 1060 1176 re-

328 1201 426 1235 ceptae
448 1194 575 1226 lectioni
596 1195 802 1232 Lucretianae,
828 1208 906 1228 coeco
933 1208 1060 1238 nempe,

329 1246 403 1277 stari
410 1258 420 1284 ;
454 1245 614 1277 codicibus
642 1247 739 1277 etiam
768 1247 820 1278 Pii
850 1248 1056 1280 confirmatae:

328 1307 386 1328 nec
401 1297 441 1328 de
456 1297 545 1328 nullo
558 1304 604 1328 est
619 1298 753 1329 imitatio
768 1298 908 1340 Virgilii,
925 1300 1001 1330 AEn.
1016 1300 1057 1331 iv.

329 1352 350 1370 ί)

391 1433 492 1458 Volnus
502 1433 549 1459 alit
561 1434 646 1465 venis,
657 1437 687 1460 et
696 1441 759 1459 caeco
770 1435 888 1467 carpitur
897 1435 964 1467 igni:

326 1507 347 1538 i.
371 1516 397 1537 e.
428 1518 459 1538 se
488 1510 601 1548 carpit,
638 1508 752 1539 mediae
782 1510 866 1541 vocis
893 1515 1057 1549 potestate3

326 1557 412 1598 quod
428 1558 618 1590 notandum:
646 1561 672 1591 ὄν
687 1561 781 1600 sumu
800 1560 939 1600 κατεδων,
958 1567 995 1591 ut
1009 1561 1061 1591 ille

327 1609 492 1649 po’e'tarum
506 1616 601 1649 pater.

369 1661 445 1692 Ver.
461 1664 533 1692 927.
557 1664 729 1702 conflatur:
755 1662 890 1693 editores
904 1663 1057 1699 audaculi,

326 1713 476 1753 confletur
490 1711 754 1750 importaverunt;
776 1712 861 1753 quod
871 1714 977 1752 putavi
991 1713 1058 1744 fur-

326 1762 407 1793 cillis
431 1762 632 1803 ejiciendum,
656 1763 764 1802 priscis
790 1763 939 1794 omnibus
953 1773 1058 1794 exem-

326 1814 465 1854 plaribus
479 1825 635 1845 consensu
652 1825 779 1845 summo
794 1814 1024 1854 plaudentibus.

366 1865 442 1896 Ver.
460 1869 532 1897 928.
557 1867 758 1897 Fertur-bari:
790 1867 830 1897 B.
856 1868 1058 1904 Perturbata,·

326 1916 368 1947 ad
392 1927 489 1958 quam
518 1917 701 1948 varietatem
729 1917 772 1948 sic
801 1917 906 1948 forent
934 1918 1058 1950 confor-

326 1969 438 2000 mandi
452 1979 568 2008 versus,
588 1969 714 2010 punctis
729 1969 818 2000 aliter
832 1969 1003 2009 dispositis:

328 2054 391 2084 sed,
410 2054 506 2085 quibus
517 2055 579 2079 haec
590 2056 668 2080 rebus
679 2055 793 2085 novitas,
803 2055 938 2080 conflatur
948 2059 976 2081 et
987 2058 1059 2082 unde

326 2094 487 2137 Perturbatq
493 2095 661 2120 anima—z

326 2170 359 2196 at
396 2165 523 2206 vulgata
559 2171 634 2196 sunt
670 2166 878 2206 explicatiora.
927 2167 1058 2198 Potems

325 2216 434 2254 etiam,
465 2217 539 2247 hinc
569 2226 708 2256 exorsus,
742 2217 783 2248 ad
811 2219 897 2248 hunc
924 2218 1057 2249 modum

327 2267 528 2298 constituere:

327 2340 389 2370 Sed,
401 2341 495 2372 quibus
506 2341 567 2366 haec
578 2342 656 2368 rebus
667 2342 771 2367 novitas
783 2342 927 2374 conflatur,
938 2347 966 2369 et
975 2343 1058 2375 unde,

329 2382 484 2408 Perturbat&
495 2384 596 2414 animai,
613 2391 710 2416 corpus
720 2384 892 2417 languescere
903 2386 994 2418 possit.

328 2446 397 2477 Nos
411 2457 478 2477 rem
493 2447 526 2477 in
542 2447 648 2478 medio
659 2448 874 2489 relinquimus.

368 2498 444 2528 Ver.
462 2502 533 2530 929.
555 2501 650 2530 ventis
665 2500 751 2531 verba
765 2501 966 2541 prqf'zmdam.
1006 2501 1054 2532 Si-

325 2548 441 2578 militer
457 2549 664 2587 Mantuanus,
683 2551 758 2581 AEn.
774 2551 817 2582 ix.
834 2555 906 2583 512.

335 2622 422 2646 Multa
433 2623 503 2654 patri
514 2624 647 2655 portanda
658 2625 739 2649 dabat
750 2626 895 2656 mandata;
912 2625 959 2651 sed
969 2632 1042 2650 aura:

332 2661 431 2686 Omnia
441 2662 607 2694 discerpunt,
617 2666 645 2688 et
657 2664 770 2689 nubibus
781 2664 860 2690 inrita
871 2665 984 2690 donant.

367 2732 444 2764 Ver.
463 2738 534 2766 930.
555 2735 697 2768 externa:
727 2737 767 2768 V.
785 2737 833 2768 ed.
861 2737 901 2770 O.
927 2744 1051 2769 aeterna.

323 2794 535 2818 -necessums
562 2787 660 2818 Vind.
689 2799 846 2822 recessum.
891 2790 984 2828 Mox,
1013 2789 1052 2820 O.

324 2840 366 2865 11.
383 2837 485 2868 A'e‘ris.

363 2886 439 2918 Ver.
456 2891 526 2921 952.
554 2891 694 2924 Tundier
708 2894 804 2924 auris.
850 2893 956 2933 Maro,
981 2902 1050 2935 geo.

320 2938 363 2970 iii.
379 2940 452 2971 382.

534 881 762 937 Principio,
794 883 965 925 externa
985 899 1135 940 corpus
1156 885 1208 926 de
1227 892 1345 940 parte
1362 900 1574 928 necessum
1594 893 1669 937 est,

1136 1040 1209 1065 Gens
1220 1039 1321 1064 effrena
1331 1039 1423 1064 virum
1436 1038 1550 1071 Rhipaeo
1562 1039 1681 1064 tunditur
1692 1040 1769 1064 Eum.

1106 1102 1202 1133 Unde
1220 1102 1408 1139 Priscianus,
1424 1102 1539 1143 perieg.
1559 1105 1628 1133 106.

1103 1176 1279 1208 Tyrrhenum
1291 1176 1413 1209 Zephyro,
1421 1175 1539 1201 Siculum
1549 1176 1595 1202 sed
1604 1175 1723 1200 tunditur
1730 1176 1834 1202 Austro.

1107 1239 1258 1270 Similiter
1271 1239 1345 1270 ibid.
1361 1250 1422 1271 ver.
1439 1242 1510 1271 870.
1526 1239 1570 1270 sic
1584 1238 1797 1280 castigandus:

1103 1323 1182 1347 Dives
1192 1322 1276 1347 Arabs
1289 1325 1349 1354 post
1361 1329 1427 1353 quos
1438 1321 1565 1347 latissima
1575 1322 1691 1354 possidet
1706 1328 1787 1352 arva;

1103 1364 1183 1393 Quae,
1193 1365 1320 1394 protenta
1331 1362 1387 1391 diu,
1398 1362 1546 1394 cinguntur
1557 1361 1590 1386 ab
1602 1367 1714 1392 aequore
1723 1360 1833 1391 Partho,

1101 1401 1264 1432 Arabioque,
1273 1401 1341 1432 ferit
1352 1401 1479 1434 Zephyrus·
1491 1401 1564 1432 quod
1570 1400 1695 1431 flamine,·
1712 1400 1783 1425 saevi

1104 1442 1205 1467 Persica
1216 1449 1280 1466 nam
1292 1443 1371 1467 flatus
1382 1442 1462 1467 Euroi
1472 1442 1551 1466 litora
1561 1441 1682 1466 turbant.

1104 1513 1213 1555 Vulgo
1239 1513 1364 1554 legitur,
1391 1525 1482 1550 saevo,·
1507 1513 1706 1544 distinctione
1732 1512 1773 1543 ad
1799 1512 1835 1542 fi-

1105 1575 1180 1594 nem
1195 1564 1302 1595 versus
1316 1563 1426 1604 positi.
1463 1563 1658 1604 Propertius,
1673 1563 1703 1593 ii.
1719 1567 1770 1594 20.
1786 1566 1838 1595 55.

1104 1625 1141 1649 ut
1159 1619 1230 1648 alii:

1132 1691 1231 1716 Omnia
1240 1691 1386 1723 perpetiar,
1395 1697 1486 1716 sevus
1496 1690 1559 1716 licet
1570 1693 1684 1723 urgueat
1694 1692 1791 1716 Eurus.

1103 1755 1255 1785 Aurelius
1269 1754 1392 1793 Victor,
1419 1753 1459 1784 de
1475 1754 1554 1785 Caes.
1570 1757 1620 1785 58.
1637 1753 1756 1784 fin.-“
1770 1763 1838 1793 spe-

1105 1809 1127 1825 “
1143 1806 1189 1836 cie
1213 1806 1301 1847 aegri,
1332 1816 1373 1836 ne
1398 1811 1484 1836 vento
1508 1806 1723 1836 obtunderetur
1745 1804 1836 1841 acies,

1105 1862 1128 1878 “
1143 1858 1353 1900 gestabatur.'’
1399 1858 1521 1889 Pariter
1546 1857 1680 1889 OvidIus
1694 1857 1837 1888 suavissi-

1104 1921 1167 1949 me,
1191 1916 1265 1941 met.
1282 1921 1311 1941 x.
1329 1912 1379 1941 77.
1403 1909 1510 1940 Midas
1533 1909 1587 1939 ille
1609 1908 1758 1949 poeticus,
1781 1908 1836 1950 qui

1104 1961 1223 2000 omnia,
1240 1971 1310 2002 quae
1324 1960 1439 2002 tetigit,
1455 1960 1489 1991 in
1503 1969 1616 1991 aurum
1631 1959 1756 1991 verterit
1775 1969 1833 2000 pu-

1103 2014 1277 2044 tissimum:

1133 2088 1193 2111 Esse
1205 2086 1269 2111 deos
1281 2085 1358 2110 Erebi
1368 2085 1489 2111 crudeles
1500 2088 1619 2116 questus,
1630 2085 1658 2109 in
1668 2084 1751 2110 altam

1132 2127 1164 2151 Se
1188 2125 1282 2157 recipit
1307 2124 1468 2156 Rhodopen,
1491 2124 1650 2156 pulsumque
1670 2123 1835 2156 Aquilonibus

1257 2165 1384 2189 Haemon.

1103 2237 1299 2269 Claudianus
1323 2237 1432 2276 etiam,
1458 2242 1559 2277 nuptt.
1584 2237 1673 2268 Hon.
1689 2242 1723 2268 et
1749 2238 1833 2269 Mar.

1100 2293 1152 2321 55.

1117 2363 1195 2387 Hunc
1206 2368 1295 2394 neque
1305 2364 1433 2388 canentes
1442 2361 1546 2387 audent
1555 2361 1654 2387 vestire
1662 2361 1768 2394 pruinae
1776 2370 1786 2392 5

1117 2404 1196 2428 Hunc
1207 2402 1285 2428 venti
1291 2402 1396 2435 pulsare
1407 2402 1517 2433 timent,
1529 2402 1602 2427 hunc
1613 2401 1713 2428 laedere
1722 2401 1818 2427 nimbi.

1101 2476 1259 2508 Attendas
1283 2481 1390 2507 autem
1415 2476 1521 2513 velim,
1548 2475 1666 2517 quanta
1690 2486 1764 2507 cum
1783 2477 1832 2506 in-

1100 2527 1220 2559 dustria
1234 2527 1442 2559 nitidissimus
1455 2528 1548 2568 po'e'ta
1558 2527 1599 2559 ad
1613 2527 1754 2558 Lucretii
1768 2526 1832 2557 mei

1100 2586 1287 2617 venustates,
1305 2581 1340 2611 iu
1361 2580 1405 2611 iii.
1434 2583 1570 2613 19—22.
1593 2590 1625 2611 se
1646 2587 1829 2619 composue-

1096 2633 1148 2663 rit:
1190 2633 1298 2664 locum
1326 2632 1445 2671 redeas,
1481 2632 1691 2674 perlegasque.
1737 2630 1828 2662 Hinc

1096 2685 1202 2715 statim
1226 2685 1337 2722 discas,
1364 2685 1471 2716 omnia
1494 2685 1528 2715 in
1549 2684 1735 2716 deteriorem
1757 2691 1827 2722 par-

1096 2744 1160 2768 tem
1176 2737 1279 2768 dicere
1301 2737 1513 2769 Claudianum
1531 2736 1673 2773 voluisse,
1699 2745 1735 2766 ac
1756 2744 1828 2775 pro-

1096 2789 1170 2820 inde
1203 2791 1333 2820 verbum
1362 2792 1482 2828 vestire,
1512 2788 1596 2830 quod
1625 2787 1757 2818 hilarius
1786 2790 1834 2816 est

1092 2840 1340 2881 jucundiusque,
1371 2840 1460 2871 nullo
1488 2845 1580 2879 pacto
1607 2839 1714 2870 sedem
1736 2846 1827 2868 suam

1094 2897 1199 2923 tenere
1231 2902 1328 2932 posse.
1372 2891 1459 2922 Libri
1494 2891 1647 2922 nimirum
1676 2889 1831 2920 fluctuant

1093 2945 1177 2976 inter
1203 2947 1323 2985 vestire,
1347 2955 1481 2985 sperare,
1509 2949 1540 2976 et
1562 2949 1715 2985 spectare,·
1740 2939 1832 2974 unde
