1912 3292
408 604 534 661 AD
585 600 1137 659 LECTOREM.

31 1090 340 1154 PAUCULA
361 1118 456 1152 sunt
474 1107 779 1158 tantummodo,
796 1121 873 1148 nec
893 1121 941 1148 ea
960 1106 1127 1162 quidem
1147 1107 1287 1164 magni
1307 1108 1522 1157 momenti,

24 1188 200 1230 candide
220 1189 373 1231 Lector
394 1196 434 1230 et
453 1185 697 1244 intelligens!
732 1185 878 1241 quibus
897 1185 942 1224 in
964 1184 1176 1226 voluminis
1197 1184 1365 1226 secundi
1384 1185 1524 1225 limine

26 1268 67 1304 te
86 1262 344 1304 demoratum
364 1270 486 1318 atque
506 1259 809 1316 interpellatum
828 1257 961 1299 velim.

82 1409 280 1451 Codicem
311 1410 361 1451 B.
394 1425 516 1466 quem
545 1409 659 1465 prius
688 1408 1016 1458 memoraverim,
1050 1408 1228 1463 propriis
1257 1407 1383 1449 oeulis
1403 1421 1521 1448 usur-

20 1482 146 1538 pandi
166 1498 297 1539 nuper
317 1483 419 1524 mihi
448 1483 584 1525 oblata
605 1491 664 1524 est
696 1482 871 1532 occasio,
905 1481 1006 1523 dum
1040 1481 1256 1523 Oxonium
1285 1481 1518 1532 inviserem,

19 1564 141 1613 atque
164 1557 452 1599 bibliothecam
480 1557 749 1599 Bodleianam
775 1558 1080 1612 perlustrarem,
1111 1556 1250 1598 favore
1272 1555 1520 1597 meritissimi

19 1631 198 1672 custodis
217 1631 388 1682 fructus,
420 1632 613 1673 JOANNIS
636 1630 788 1674 PRICE.
849 1633 982 1674 Nobis
1013 1646 1110 1673 sane
1139 1640 1180 1673 et
1206 1631 1385 1672 melioris
1404 1638 1521 1671 notae

18 1703 119 1746 liber
148 1705 223 1746 iste
250 1705 480 1756 videbatur,
513 1713 553 1747 et
582 1706 660 1746 aevi
691 1706 920 1748 remotioris
950 1721 1091 1762 opera,
1125 1721 1250 1762 quam
1284 1705 1518 1747 GULIELM1

15 1777 231 1829 JACKSON,
265 1779 515 1835 praelectoris
548 1780 704 1829 Graeci,
744 1780 944 1821 sententia
974 1779 1148 1829 ferebat3
1181 1779 1285 1820 adeo
1317 1787 1361 1820 ut
1389 1793 1519 1820 mem-

17 1851 241 1894 branarum
261 1853 494 1909 diligentius
515 1853 857 1894 excutiendarum
877 1869 963 1894 non
983 1853 1070 1894 leve
1090 1852 1338 1894 desiderium
1359 1867 1434 1894 nos
1455 1853 1518 1893 in-

15 1934 202 1967 cesseret:
234 1927 311 1967 viri
333 1934 471 1968 tamen
492 1927 642 1968 eruditi
661 1928 705 1967 in
725 1927 803 1970 hac
822 1942 867 1968 re
889 1928 1092 1983 judicium
1128 1942 1221 1968 meo
1241 1942 1326 1968 esse
1346 1935 1517 1982 antepo-

13 1999 198 2041 nendum
215 2000 394 2041 libenter
413 2000 604 2055 equidem
625 2001 910 2052 concesserim,
942 2009 982 2042 et
1002 2001 1277 2057 antepositum
1298 2017 1384 2043 non
1404 2017 1517 2058 aegre

13 2073 187 2115 tulerim.
250 2074 333 2115 Sed
352 2074 463 2115 enim
482 2072 731 2129 perdolitum
751 2081 826 2124 est,
863 2075 896 2115 si
929 2075 1028 2130 quid
1059 2076 1223 2132 gravius
1253 2084 1293 2117 et
1313 2076 1514 2127 acerbius,

13 2161 227 2203 aequorum
248 2147 388 2188 saltem
408 2146 461 2188 de
472 2146 662 2202 judicum
683 2147 898 2199 sententia,
915 2149 959 2189 in
974 2149 1081 2206 leges
1099 2149 1351 2191 Oxoniensis
1367 2150 1514 2192 biblio—

13 2220 144 2262 thecae
163 2236 345 2262 morosas
365 2221 555 2263 dixerim:
589 2222 692 2263 citra
725 2230 864 2264 tamen
898 2223 1196 2266 bibliothecarii
1226 2224 1511 2276 offensionem,

0 2283 62 2348 lac
82 2303 325 2337 caeterorum
347 2295 499 2337 Musaei
521 2296 737 2338 Bodleiani
757 2305 1010 2349 curatorum,
1042 2306 1186 2354 optare
1206 2299 1346 2340 saltem
1375 2300 1510 2350 liceat,

0 2381 81 2410 *eos
100 2369 199 2410 velle
217 2369 510 2412 obtrectatores
540 2385 634 2412 suos
665 2370 833 2412 refutari
865 2371 1147 2414 collationibus
1179 2372 1398 2430 diligenter
1428 2373 1510 2414 ela-

0 2418 206 2484 borandis
225 2451 346 2499 atque
365 2443 621 2499 publicandis
641 2459 782 2485 earum
801 2445 1152 2497 membranarum,
1174 2447 1321 2503 quibus
1339 2448 1508 2502 propria

12 2516 152 2573 egredi
171 2517 373 2572 pomoeria
391 2518 461 2560 tali
481 2518 678 2576 religione
696 2533 782 2560 non
802 2520 1046 2574 permissum
1067 2521 1127 2561 sit

68 2658 246 2711 Interea,
287 2676 340 2703 ne
372 2661 453 2704 hoc
483 2662 650 2718 quidem
683 2663 853 2706 lectores
887 2679 999 2706 meos
1038 2665 1213 2707 celatum
1251 2665 1360 2715 volo,
1401 2665 1505 2706 nihil

9 2731 112 2774 mihi
140 2734 213 2777 diu
242 2735 448 2792 antiquius
477 2735 597 2778 fuisse
625 2746 666 2779 et
700 2739 946 2793 exoptatius,
977 2748 1148 2795 propter
1166 2740 1505 2795 propensissimos

8 2804 174 2850 affectus
192 2823 320 2862 meos,
343 2811 490 2867 quibus
504 2826 572 2853 me
590 2827 715 2854 nemo
734 2814 1009 2864 antecesserit,
1031 2815 1073 2855 in
1092 2813 1293 2857 Gallicam
1310 2815 1503 2870 rempub-

5 2876 142 2930 licaln3

724 2977 744 3001 a
770 2966 792 2998 5²,
