1912 3292
335 199 424 239 132

358 324 438 361 855

848 188 908 237 Τ.
962 189 1343 240 LUCRETII

530 320 600 371 Et,
623 321 654 362 si
667 321 756 376 jam
776 329 920 363 nostro
941 322 1062 362 sentit
1081 321 1134 364 de
1153 337 1340 379 corpore,
1362 332 1455 380 post
1475 339 1599 381 quam

469 395 669 437 Detracta
689 403 746 438 est
767 396 896 437 animi
915 405 1078 446 natura,
1101 398 1330 454 animaeque
1349 408 1548 454 potesta-85

326 553 376 582 eri
389 553 523 582 inustum
532 566 543 587 ;
569 551 731 582 elementis
749 562 785 582 ac
799 552 924 592 syllabis
938 558 1054 582 temere

327 604 637 634 commixtis—mm:
665 605 705 634 V.
721 604 768 634 ed.
785 611 865 640 tam;
886 611 925 634 Π.
946 610 1030 634 tunc.

372 654 445 685 Ver.
463 658 533 685 854.
555 662 636 685 terra
654 657 827 686 miscebitur
842 657 922 686 coelo.
959 654 1053 684 Utili-

325 711 374 738 ter
395 706 551 736 admoveri
576 712 684 745 potest,
708 716 744 736 ac
763 705 917 746 jucunde,
942 706 1053 735 AEne'i-

321 758 383 789 dos
397 767 532 797 magnus
547 756 699 794 conditor,
722 757 763 788 ad
778 757 798 787 i.
817 760 885 787 15-3.

339 840 399 870 Jam
408 837 495 862 coelum
511 840 664 868 terramque,
680 843 742 861 meo
753 837 810 861 sine
821 837 942 866 numine,
955 837 1045 867 Venti,

342 876 457 906 Miscere,
466 879 494 901 et
507 879 595 900 tantas
606 875 709 900 audetis
719 875 814 900 tollere
826 875 927 901 moles?

324 948 437 988 Neque
451 947 566 978 oblitus
587 951 633 976 est
655 945 807 985 magistri,
832 946 872 976 ad
896 946 971 976 AEn.
995 946 1049 977 xii.

325 1003 397 1030 904.

504 1086 570 1110 non,
585 1079 607 1104 si
617 1078 730 1104 tellurem
743 1078 864 1104 effundat
877 1078 902 1102 in
917 1078 1010 1109 undas,

338 1119 446 1145 Diluvio
457 1119 572 1149 miscens,
582 1118 725 1149 caelumque
736 1118 763 1142 in
773 1119 890 1143 Tartara
900 1117 996 1142 solvat.

325 1191 474 1222 Graecum
500 1190 616 1220 scilicet
646 1188 796 1230 adagium
821 1189 1048 1228 exprimebant,

320 1242 463 1274 Luciano
478 1246 698 1278 memoratum,
724 1241 882 1270 Prometli.
899 1244 928 1272 9.
955 1245 985 1270 Tl
1002 1253 1046 1277 εν,-

320 1294 366 1325 312
383 1306 454 1325 »rim-o
470 1306 564 1335 εχρην,
588 1306 621 1324 ‘ro
637 1305 675 1323 ¹78
689 1299 778 1331 λσγε,
807 1305 843 1333 τῃ
860 1305 900 1333 ’γῃ
920 1305 966 1322 ταν
982 1304 1046 1334 ερα-

321 1362 362 1379 νον
389 1348 612 1387 αναμεμιχξὶαι;
650 1344 738 1375 Hinc
765 1350 871 1374 autem
896 1345 982 1383 prius
1012 1355 1048 1374 ex

320 1397 500 1438 conjecturis
527 1407 597 1427 vere
627 1396 822 1427 restitueram
855 1395 1047 1430 Sallustium,

319 1451 397 1491 Jug.
413 1450 466 1480 xli.
484 1453 530 1480 10.
547 1459 641 1490 quam
656 1448 767 1480 certior
789 1448 888 1479 factus
912 1448 972 1478 sim
995 1459 1045 1479 ac-

319 1501 430 1533 cedere
455 1501 571 1531 librum
597 1501 763 1539 scriptum:
793 1503 815 1518 ‘⁴
833 1500 955 1530 Moveri
971 1500 1044 1530 civi-

319 1556 344 1572 “
359 1559 404 1584 tas
413 1565 422 1590 ;
444 1559 475 1583 et
489 1551 639 1582 dissensio
653 1551 760 1587 civilis,
783 1550 871 1591 quasi
883 1553 1044 1591 permixtio

319 1610 343 1626 “
357 1613 448 1638 [ει-ηε
463 1613 553 1647 atque
568 1607 674 1641 maris,
701 1604 821 1644 coepit.”
868 1604 942 1635 Non
958 1611 1043 1644 pote-

319 1664 368 1688 rat
382 1657 505 1688 felicius
529 1656 659 1687 describi
674 1655 896 1686 violentissima
918 1656 1043 1696 reipub-

310 1705 386 1740 licae
400 1708 581 1745 commotio,
605 1718 702 1748 eaque
718 1707 891 1738 factionum
906 1708 1043 1738 maxime

319 1760 378 1790 sibi
389 1759 523 1790 invicem
538 1759 774 1789 contrariarum.
820 1758 971 1789 Manibus
983 1759 1041 1789 mi-

317 1813 403 1843 nime
417 1811 615 1852 parcentibus
630 1811 780 1841 tractabat
794 1809 884 1840 ulcus
901 1810 1041 1848 Cortiu53

316 1873 418 1904 neque
432 1872 506 1892 sane
530 1861 687 1901 scriptoris
701 1870 794 1900 scopo
816 1860 890 1890 satis
905 1860 971 1901 ejus
993 1861 1040 1891 fa·

313 1915 403 1945 ciunt
417 1913 658 1944 emendationes.
702 1911 784 1941 Vide
806 1911 925 1949 locum,
947 1917 1040 1952 atque

312 1966 476 1998 doctorum
492 1964 646 1995 editorum
662 1969 759 1993 notas.
794 1962 870 1993 Huc
882 1963 975 1994 etiam
991 1974 1038 1994 re-

313 2016 396 2048 feras
411 2015 587 2053 Valerium,
607 2015 725 2055 Argon.
742 2013 780 2043 iv.
797 2016 868 2045 517.

307 2068 312 2078 ι

329 2090 435 2115 Extulit
445 2090 590 2121 adsurgens
601 2091 710 2113 noctem
721 2089 808 2119 pater,
819 2086 925 2118 imaque
935 2087 1038 2112 nammis

329 2129 443 2154 Miscuit.

310 2193 473 2225 Lucianus
497 2197 614 2228 autem,
633 2191 702 2232 jam
726 2191 848 2227 citatus,
870 2190 903 2220 in
929 2191 1037 2222 animo

309 2244 420 2275 habuit
444 2244 592 2274 Graecum
612 2242 704 2273 illum
727 2242 896 2280 senarium,
926 2241 1035 2272 Sueto—

312 2296 368 2327 nio
382 2302 413 2326 et
428 2296 533 2326 Dione
547 2305 670 2336 quoque
685 2300 907 2325 memoratum:

387 2362 447 2394 Εμυ
463 2360 583 2388 &novarros
595 2369 662 2391 yma
671 2358 788 2392 μιχθκτω
799 2368 868 2393 trop«.-

306 2412 328 2442 i.
347 2422 372 2442 e.
397 2415 419 2430 “
434 2417 515 2442 terra
529 2413 599 2443 coelo
615 2410 814 2448 misceatur,’‘
844 2409 930 2440 unde
951 2411 1032 2450 ignis

307 2463 416 2504 utique
441 2463 609 2501 emanavit,
631 2469 667 2493 ut
689 2468 802 2498 noster,
823 2471 851 2491 v.
878 2464 950 2493 499.
973 2461 1028 2491 do-

305 2515 380 2545 cuit.
427 2515 522 2546 Adsit
536 2515 616 2546 alius
635 2515 730 2545 etiam
746 2513 916 2544 Mantuani
930 2512 1028 2551 locus,

303 2566 379 2597 AEn.
395 2577 422 2598 v.
447 2570 517 2599 790.

461 2653 733 2664 ——-—
745 2638 828 2665 maria
838 2638 930 2665 omnia
939 2637 998 2663 coelo

365 2678 478 2703 Miscuit.

304 2740 424 2781 Spiritu
438 2751 508 2772 vere
523 2743 642 2783 grandi,
658 2754 716 2775 nec
730 2750 836 2775 tamen
850 2742 902 2772 hic
916 2741 1025 2772 saltem

302 2792 498 2831 praetumido,
513 2803 564 2823 me
575 2794 692 2834 judice,
709 2795 866 2832 Lucanus,
882 2793 936 2824 vii.
956 2795 1024 2824 154.

685 2853 741 2883 quis
750 2853 828 2878 litora
838 2856 922 2885 ponto

302 2890 416 2920 Obruta,
427 2890 484 2922 quis
494 2891 606 2916 summis
617 2897 726 2917 cernens
738 2892 765 2917 in
775 2892 912 2917 montibus
922 2897 1026 2923 aequor,

1098 551 1262 582 AEtheraque
1273 552 1300 576 in
1313 556 1396 578 terras
1405 553 1510 584 dejecto
1524 553 1580 578 sole
1591 554 1745 584 cadentem.

1097 591 1153 615 Tot
1166 598 1254 616 rerum
1264 592 1358 622 finem,
1369 593 1466 618 timeat
1477 594 1542 618 sibi?

1098 661 1246 691 Eundem
1260 662 1291 691 in
1303 662 1449 701 parallelo
1459 663 1537 701 loco,
1554 663 1663 694 Phars-
1675 664 1695 694 i.
1707 666 1758 695 77.
1768 673 1822 695 ex-

1097 712 1289 752 plicatiorem
1304 713 1458 744 dabimus:

1128 806 1499 815 ——-—
1509 794 1587 827 ignea
1594 798 1700 827 pomum

1127 834 1202 856 Astra
1215 837 1324 863 petent:
1343 833 1415 858 tellus
1426 834 1575 860 extendere
1584 834 1662 860 litora
1674 834 1760 866 nolet.

1127 872 1309 904 Excutietque
1312 871 1412 903 fretum
1424 881 1432 897 :

1096 951 1219 981 nempe,
1242 946 1264 961 “
1289 943 1322 973 in
1348 950 1430 974 astra
1454 954 1492 974 ex
1515 944 1637 985 gremio
1659 955 1718 976 suo
1740 950 1822 976 terra

1096 995 1119 1010 ‘⁴
1134 993 1270 1023 excutiet
1294 994 1480 1024 oceanum.'’
1528 995 1584 1026 Sin
1602 996 1661 1026 hoc
1676 995 1819 1036 displice-

1095 1050 1137 1080 at,
1160 1045 1351 1084 probabilem
1367 1047 1621 1078 emendationem
1634 1047 1802 1087 proferam:

1187 1110 1355 1143 Excipietque
1363 1111 1466 1138 fretum
1474 1120 1482 1136 :

1094 1165 1114 1196 i.
1130 1176 1154 1196 e.
1170 1166 1204 1197 in
1220 1168 1415 1207 superficiem
1430 1169 1512 1209 ejus;
1534 1170 1578 1200 ita
1592 1176 1627 1201 nt
1641 1177 1723 1202 terra
1736 1173 1817 1203 mari

1092 1219 1336 1251 commisceatur.
1383 1221 1556 1258 Juvenalis,
1578 1223 1736 1254 Lambino
1749 1224 1818 1255 lau-

1092 1270 1194 1309 datus,
1225 1281 1348 1301 versum
1374 1272 1599 1304 Lucretianum
1624 1273 1732 1305 leviter
1755 1274 1816 1306 im·

1093 1323 1235 1361 mutavit,
1258 1323 1288 1354 ii.
1309 1326 1359 1354 25.

1123 1390 1188 1421 Quis
1197 1390 1285 1415 coelum
1296 1391 1369 1415 terris
1380 1397 1434 1416 non
1448 1392 1570 1423 misceat,
1584 1395 1611 1416 et
1619 1399 1689 1418 mare
1699 1392 1778 1418 coelo?

1091 1447 1145 1477 ubi
1162 1447 1265 1478 videas
1283 1449 1487 1490 Grangaeum,
1503 1450 1640 1480 Lucretii
1657 1460 1721 1481 non
1736 1450 1816 1481 obli·

1089 1503 1167 1528 tum.
1212 1499 1331 1530 Versus
1346 1499 1533 1530 molissimos
1551 1500 1680 1530 Catonis
1693 1500 1727 1530 in
1754 1500 1814 1531 Di-

1088 1549 1130 1580 ris
1145 1549 1222 1580 lauti
1236 1550 1366 1580 lectores
1380 1551 1511 1581 libenter
1525 1550 1672 1587 recolent,
1688 1561 1749 1582 ver.
1761 1555 1814 1583 48.

1120 1631 1220 1660 Undat,
1232 1637 1294 1662 qua:
1306 1631 1396 1656 vitreis
1407 1630 1516 1663 pulsatis
1526 1632 1603 1657 litora
1616 1631 1748 1665 lymphis!

1118 1669 1219 1699 Litora,
1236 1676 1298 1701 quae
1310 1670 1411 1695 dulceis
1421 1677 1497 1695 auras
1507 1670 1655 1695 diffunditis
1669 1671 1754 1703 agris!

1117 1708 1242 1740 Adcipite
1253 1708 1300 1733 has
1311 1715 1403 1734 voces:
1421 1710 1520 1741 migret
1531 1711 1670 1742 Neptunus
1681 1710 1709 1734 in
1717 1716 1783 1735 arva

1118 1749 1264 1779 Fluctibus,
1275 1752 1303 1774 et
1314 1749 1393 1780 spissi
1404 1755 1514 1782 campos
1525 1749 1670 1782 perfundat
1680 1749 1771 1775 areni.

1086 1819 1142 1850 Ad
1157 1830 1249 1860 quem
1272 1819 1377 1851 locum
1391 1820 1435 1851 sic
1448 1821 1665 1852 Burmannus:
1693 1824 1716 1840 “
1733 1823 1810 1853 Per·

1086 1873 1107 1889 “
1113 1871 1247 1911 fundat,
1269 1877 1300 1901 et
1314 1871 1420 1911 paullo
1434 1878 1506 1902 ante
1525 1871 1716 1914 (nstandai-5,-
1741 1877 1811 1903 tum

1085 1926 1107 1941 ‘⁴
1124 1933 1208 1959 mex,
1230 1933 1290 1953 ver.
1315 1927 1366 1954 63.
1391 1924 1598 1965 ity'undimus,
1620 1929 1652 1955 et
1674 1933 1735 1954 ver.
1759 1927 1812 1955 68.

1084 1976 1106 1991 “
1122 1973 1297 2015 diffundite,
1320 1980 1350 2004 et
1365 1984 1425 2004 ver.
1443 1977 1494 2004 77.
1511 1973 1637 2015 diffuso5
1655 1974 1745 2004 valde
1759 1974 1808 2004 in-

1084 2026 1106 2041 “
1122 2023 1275 2054 concinna
1300 2029 1384 2061 sunt,
1410 2023 1520 2054 eadem
1546 2034 1619 2054 voce
1643 2024 1734 2055 toties
1758 2025 1808 2055 in-

1084 2078 1106 2093 “
1123 2074 1277 2105 culcata.'’
1322 2075 1471 2106 Fortassis
1504 2075 1608 2116 itaque
1636 2075 1806 2108 emendan-

1082 2125 1170 2157 dum:

1276 2199 1302 2221 et
1310 2196 1391 2227 spissa
1402 2203 1511 2229 campos
1519 2195 1641 2230 perducat
1651 2195 1742 2222 arena.

1082 2254 1228 2285 Alterum
1244 2255 1468 2286 Burmannum
1491 2256 1557 2286 haec
1577 2254 1724 2292 formula,
1747 2264 1804 2285 au-

1079 2306 1195 2337 daciter
1209 2306 1356 2344 adhibita,
1368 2313 1516 2338 vexatum
1526 2306 1637 2338 habuit
1649 2306 1691 2337 ad
1700 2307 1804 2342 Quin.

1077 2357 1177 2387 tiliani
1205 2357 1337 2389 declam.
1368 2358 1432 2389 xiii.
1463 2362 1513 2389 16.
1542 2358 1586 2388 ita
1614 2357 1802 2398 castigandi:

1078 2411 1099 2426 “
1118 2407 1189 2444 Qua
1205 2408 1278 2439 satis
1303 2409 1400 2450 digna
1425 2419 1592 2450 prosequar
1616 2408 1710 2440 laude
1732 2411 1819 2440 dic-⁴

1077 2463 1100 2479 “
1115 2466 1179 2491 tum
1196 2460 1325 2496 animal,
1348 2459 1580 2500 quodammodo
1599 2469 1729 2500 parvum
1744 2460 1800 2490 ho-

1073 2517 1095 2532 “
1113 2514 1208 2544 minis
1222 2514 1399 2554 exemplar?
1428 2514 1502 2546 Hoc
1517 2515 1657 2545 humana
1672 2513 1797 2555 excogi-

1074 2569 1096 2584 “
1112 2571 1177 2596 tare
1199 2575 1264 2596 non
1286 2565 1388 2605 potuit
1413 2566 1545 2596 solertia.
1589 2565 1697 2597 Etiam
1719 2565 1797 2596 ratio
1845 2589 1850 2594 .

1073 2620 1095 2636 “
1113 2622 1226 2654 nostra,
1248 2627 1319 2658 quae
1341 2618 1399 2648 sub
1413 2617 1502 2647 terris
1521 2617 1646 2647 lucmm
1666 2615 1797 2654 invenit,

1072 2671 1096 2686 “
1110 2677 1180 2708 quae
1209 2670 1310 2698 maria
1337 2667 1538 2708 inquisitione
1565 2667 1623 2699 sua
1645 2668 1794 2698 sideribus

1069 2723 1092 2739 “
1108 2721 1286 2757 immiscuit,
1309 2719 1367 2750 hoc
1397 2725 1502 2749 tamen
1531 2718 1663 2756 efficere,
1685 2727 1796 2748 conse-

1071 2777 1094 2793 “
1109 2773 1175 2814 qui,
1220 2773 1348 2811 imitari,
1386 2783 1450 2804 non
1483 2771 1614 2812 potuit?
1674 2771 1794 2812 Vulgo,

1072 2829 1094 2845 ‘⁸
1108 2843 1152 2850 -
1162 2835 1328 2865 prosequar
1343 2823 1455 2856 laude?
1472 2826 1588 2856 Dicam
1603 2821 1794 2854 animal-*¹⁸

1073 2877 1144 2912 Sed.
1166 2887 1222 2918 pro
1243 2879 1354 2913 dicam,
1379 2875 1476 2908 codex
1490 2877 1584 2907 habet
1603 2877 1750 2907 dicamn:
1774 2883 1794 2905 a
