1912 3292
0 2749 1 2755 ,
30 2725 104 2755 satis
117 2729 289 2760 commode.

487 243 720 292 LIBER
772 244 1151 300 QUARTUS.

1464 263 1553 304 231

211 373 382 428 Semper
401 371 509 413 enim
525 386 734 417 summum
753 373 954 429 quidquid
973 375 1026 416 de
1046 377 1166 419 rebus
1187 380 1384 431 abundat,

209 446 336 495 Quod
348 444 598 500 jaculentur3
630 454 671 486 et
690 445 820 497 hocc’,
849 447 945 489 alias
966 463 1093 505 quom
1110 454 1296 505 pervenit
1314 455 1359 495 in
1378 469 1458 506 res,

206 518 388 568 Transit,
410 526 456 560 ut
474 519 518 559 in
537 520 679 574 primis
698 528 866 562 vestem:
899 523 984 574 sed,
1012 524 1084 565 ubi
1104 540 1248 580 aspera
1268 542 1383 579 saxa,

52 678 183 711 prceter,·
207 682 309 710 sensu,
329 673 355 703 si
368 673 442 714 quid
460 674 581 705 valeam
596 675 779 716 discernere,

56 725 186 754 minime
201 725 377 757 tolerando:
401 737 475 757 nam
492 738 593 769 neque
606 735 721 769 praeter
735 732 781 761 ire

55 780 137 805 recte
151 775 317 814 opponitur
333 791 374 817 τῳ
390 784 459 809 ante
475 781 531 817 ire,
555 790 656 820 neque
666 787 781 820 proeter

55 829 212 857 succedere
238 827 409 858 rationibus
430 828 578 869 legitimis
592 831 699 861 Latini
716 842 779 862 ser-

53 877 156 908 monis
170 879 334 909 convenire
349 885 433 919 puto.
478 882 576 911 Enim
593 892 672 919 vero,
698 894 776 922 prae-

52 928 222 967 positiones
251 937 366 970 proeter
393 941 429 961 ac
460 939 586 972 propter
616 933 780 974 aliquoties

51 979 252 1016 commisceri,
270 991 328 1011 nos
343 982 620 1014 Drakenborchius
634 986 779 1016 certiores

50 1032 132 1070 fecit,
149 1034 188 1064 ad
204 1035 270 1066 Liv.
285 1036 324 1066 iv.
341 1040 391 1068 61.
407 1041 455 1068 10.
471 1044 501 1068 et
516 1039 614 1069 critici
629 1039 669 1070 ad
686 1040 776 1072 Ovid.

49 1090 125 1114 met.
143 1095 169 1116 v,
187 1089 258 1118 159.
281 1087 345 1117 xiii.
362 1091 433 1118 715.

51 1135 220 1173 Caeterum,
238 1138 356 1177 puerile
368 1145 414 1169 est
428 1139 531 1170 aleam
545 1141 664 1181 ingenii
674 1142 778 1183 jacere

50 1186 85 1216 in
100 1187 357 1227 dijudicationem
381 1191 420 1220 de
441 1191 490 1221 his
508 1193 776 1224 monstrosissimis

45 1237 323 1278 imaginationibus
338 1241 453 1280 po'e'tae:
480 1242 569 1273 aliter
590 1243 669 1274 illud
686 1246 774 1275 solem

45 1289 121 1318 satis
145 1291 224 1319 mihi
253 1291 342 1321 nullo
363 1292 458 1323 modo
477 1293 559 1323 facit.
606 1295 769 1335 Conjecta-

43 1339 155 1370 vissem
171 1341 355 1372 Lucretium
370 1342 488 1373 dedisse
510 1347 627 1383 molem,
651 1346 711 1375 nisi
729 1360 770 1386 τῳ

43 1398 156 1422 montes
171 1392 266 1422 nimis
281 1393 374 1423 affine
395 1395 583 1424 vocabulum
598 1395 765 1427 videretur:

43 1441 120 1472 adeo
142 1443 334 1481 probabilius
352 1444 503 1480 existimo,
528 1455 643 1476 nomen
658 1447 771 1477 belluae

44 1491 206 1532 cujusdam
230 1494 361 1533 speciale
388 1496 559 1534 sublatere;
585 1497 687 1538 quale,
711 1499 770 1528 cir-

44 1545 250 1584 cumspiciens
272 1547 426 1587 undique,
454 1558 518 1578 non
543 1549 631 1588 potui
657 1550 772 1580 mentis

41 1596 140 1626 oculis
164 1597 327 1638 attingere,
355 1599 517 1630 consimile
539 1611 598 1640 pro
622 1602 700 1632 votis
722 1613 769 1633 re-

40 1654 136 1689 ceptae
152 1649 286 1681 lectioni.

84 1700 161 1731 Ver.
183 1705 252 1732 143.
274 1704 381 1733 bellua.
415 1703 551 1742 Plinius,
574 1712 636 1736 nat.
652 1706 720 1737 hist.
736 1707 769 1737 ii.

42 1753 93 1782 50.
118 1755 140 1770 “
157 1752 208 1782 Fit
235 1759 266 1783 et
290 1753 389 1794 caligo
411 1756 516 1785 belluae
540 1756 668 1794 similis;
691 1759 769 1788 nube

41 1804 66 1819 ‘⁶
83 1801 150 1832 dira
176 1805 426 1843 navigantibus.”
470 1806 575 1836 Locus
601 1807 696 1837 etiam
714 1819 768 1847 ap-

41 1852 246 1891 positissimus
261 1854 395 1884 Diodori
415 1855 520 1892 Siculi,
536 1857 685 1887 Creechio
700 1858 768 1888 lau-

41 1902 142 1938 datus,
168 1904 313 1935 alicunde
329 1905 456 1936 fortasse
477 1907 639 1946 sulfurato,
654 1908 769 1949 legitur

38 1953 73 1982 in
90 1953 142 1984 lib.
158 1954 200 1985 iii.
224 1961 294 1985 sect.
311 1959 466 1996 ,ΠΟ-περι
488 1972 547 2000 γαρ
565 1972 641 1993 τινας
658 1973 764 2000 κουρᾶς,

38 2017 89 2034 και
103 2012 241 2043 μαλιστα
264 2020 347 2037 κατα
370 2021 424 2042 τας
452 2021 589 2048 mnemon,
615 2022 764 2046 συστασεις

39 2055 152 2096 ὅρωνταιι
181 2070 265 2087 κατα
289 2071 336 2088 τον
359 2071 438 2100 oespoe,
469 2072 608 2091 παντοιων
638 2068 765 2093 ΖΩΩΝ

36 2105 109 2141 ιδεοις
126 2115 304 2147 εμφαινεσαιι·
329 2123 423 2142 τεῦ-ων
439 2111 471 2148 δ’,
499 2113 532 2142 αἶ
552 2127 604 2152 μεν
626 2127 765 2156 ηρεμεσιν,

38 2160 72 2190 αἱ
85 2159 112 2191 δε
128 2174 229 2194 mmm
248 2165 426 2203 λαμβανεσι·
451 2179 501 2196 και
525 2178 596 2197 ποτε
619 2180 670 2207 μεν
697 2168 766 2199 ὑπο-

38 2218 170 2251 φευγεσι,
186 2225 258 2244 ποτε
274 2213 301 2245 δε
316 2213 440 2247 διωκεσι·
465 2228 558 2247 mmm
574 2217 611 2254 δε,
628 2232 662 2249 το
676 2231 766 2259 μεγε-

36 2264 79 2296 θος
96 2271 226 2294 απλετσν
243 2277 360 2305 exso-ou,
383 2268 562 2307 θαυμαστὴν
576 2272 766 2309 καταπληξιν

38 2327 88 2344 καί
104 2327 239 2356 Ταραχῆν
254 2319 490 2359 παραθκέυαζὲὕί
506 2333 562 2353 ΤΟΙΞ
579 2333 709 2362 oeffSIpOIS'
733 2323 766 2352 αἱ

37 2379 104 2407 γαρ,
122 2366 302 2399 Επίδίωχὲσαί
319 2382 369 2404 *785
385 2373 539 2413 ανρρωῗὲς,
559 2371 640 2402 5751?
657 2386 691 2403 αν
707 2387 762 2404 κα·

36 2416 238 2452 eoeaoessmwa,
255 2429 433 2460 vspaxeowou
451 2433 508 2454 τοις
524 2432 649 2459 emp-um,
674 2424 763 2462 ψυχ-

32 2481 76 2510 pou
93 2482 143 2498 και
159 2471 333 2511 παλμωδεις.
377 2473 454 2504 Alia
467 2475 561 2504 habet
575 2475 678 2511 etiam,
695 2486 761 2507 non

32 2518 220 2560 incongrua,
257 2523 352 2553 sectio
389 2535 459 2565 quae
495 2527 642 2566 sequitur.
699 2528 761 2559 Sed

31 2570 118 2600 enim
133 2571 214 2602 illud
236 2574 402 2614 παλμωδεις
427 2576 571 2607 vitiosum
588 2584 679 2617 puto3
703 2589 761 2610 nec

31 2620 175 2652 videntur
199 2634 247 2662 ea,
278 2626 317 2656 ad
341 2637 411 2667 quae
435 2627 632 2660 doctissimus
662 2630 762 2661 editor

30 2681 187 2713 provocat,
214 2675 290 2707 illuc
317 2679 504 2720 pertingere,
529 2687 583 2712 aut
608 2682 761 2722 explicare

334 2731 522 2772 Legendum
537 2734 678 2773 arbitror,
697 2748 758 2767 ‹taz-

30 2775 136 2814 γωδεις,
153 2778 201 2808 vel
217 2781 405 2821 παγετωδεις.
435 2784 567 2826 Perlege
581 2785 676 2816 finem
693 2797 758 2818 sec-

27 2824 122 2856 tionis
136 2829 297 2866 proximae.

70 2875 145 2906 Ver.
164 2881 233 2911 1443
255 2893 366 2922 quam:
394 2885 442 2916 M.
468 2898 555 2927 quoe:
592 2893 624 2918 et
639 2888 759 2930 sucile;

0 2943 1 2953 ¹
25 2927 134 2958 minus
158 2929 540 2978 elegantem-gerantur:
564 2940 583 2972 i.
606 2951 631 2971 e.
659 2941 759 2972 admi-

73 2985 159 3019 Vor.
177 2989 224 3023 11.

756 3001 788 3036 Q

823 678 1003 715 nistrentur‚
1034 685 1065 710 et
1093 681 1203 711 officiis
1231 682 1294 712 suis
1331 683 1553 725 defungantur.

824 729 937 771 Apage
949 731 1156 762 temeritatem
1171 739 1203 762 et
1216 733 1351 772 ineptias
1366 736 1554 765 substituen-

823 782 904 812 tium
926 791 1090 823 genantur,
1117 785 1203 816 libris
1223 787 1374 818 universis
1396 789 1436 819 ad
1454 789 1554 819 ravim

822 843 920 874 usque
935 835 1185 867 reclamantibus
1233 838 1308 868 Non
1329 839 1477 878 puduisse
1492 851 1551 871 au-

820 889 885 914 tem
901 885 1007 916 doctos
1021 886 1112 925 viros,
1136 889 1316 927 spurcitiem
1335 901 1399 921 suae
1417 891 1552 922 scabitu-

823 936 906 966 dinis
920 937 1068 969 Lucretio
1089 940 1132 970 sic
1154 940 1441 973 immisericorditer
1466 943 1553 974 affii-

822 989 905 1020 care!
933 989 967 1019 Si
983 991 1032 1020 vel
1046 1002 1129 1022 unus
1144 992 1222 1022 liber
1236 993 1420 1031 condiceret,
1437 995 1551 1025 tacuis-

821 1050 905 1078 sem3
928 1052 1027 1082 quum
1050 1044 1184 1082 speciem
1209 1045 1331 1085 habeat,
1361 1047 1412 1078 hic
1441 1047 1551 1078 saltem

821 1091 889 1127 loci,
912 1093 1097 1134 conjectura.

865 1145 945 1176 Ibid.
972 1159 1063 1187 quam
1087 1150 1178 1179 celeri
1204 1153 1331 1182 ratione.
1374 1151 1550 1182 Lambinus

820 1202 992 1235 opportune
1009 1197 1189 1238 Diogenem
1208 1200 1379 1238 La‘e'rfium,
1395 1203 1436 1232 ad
1451 1214 1479 1233 x.
1494 1207 1548 1233 48.

817 1247 968 1278 admovit:
997 1251 1060 1279 ‘Oa-c
1085 1251 1101 1282 ἦ
1129 1264 1232 1290 γενεσις
1259 1265 1315 1283 των
1339 1253 1455 1285 ειδωλων
1481 1257 1547 1293 ἅμα

820 1313 939 1338 vonlhoeffl
964 1301 1118 1338 trvpbgoelvzt·
1143 1315 1193 1332 xm!
1219 1316 1278 1344 γαρ
1299 1305 1384 1343 ῥξυᾶἾς
1410 1317 1470 1335 απὸ
1494 1319 1544 1339 ’Τῆς

814 1363 869 1380 Ι·.··ων
884 1363 1025 1390 ‹repom-m
1041 1365 1163 1393 συνοχῆς
1191 1354 1323 1394 [εΐὶραίᾶ
1343 1355 1481 1398 tezzani)
1510 1369 1547 1388 εκ

814 1401 946 1436 επιδηλυς
969 1416 1131 1442 σκμειωσει,·
1156 1403 1201 1435 δια
1218 1418 1269 1438 την
1290 1414 1547 1450 ανταναπληρωσιν

815 1454 932 1491 σωζεσα
949 1468 1000 1487 την
1017 1468 1062 1485 sm
1079 1468 1116 1487 τε
1131 1469 1274 1497 στερεμνιε
1289 1459 1367 1489 θεων
1390 1473 1440 1490 και
1463 1462 1544 1499 ταξιν

816 1518 870 1535 των
885 1518 1001 1544 ατομων
1027 1518 1072 1537 εφη
1098 1515 1189 1538 ‘troam
1209 1521 1315 1550 χρονον·
1339 1523 1359 1541 ει
1384 1524 1434 1541 και
1461 1524 1544 1542 two-rs

815 1569 998 1596 συγχεομενη
1022 1557 1156 1600 ὖπαρχει.
1202 1559 1254 1589 Ita
1274 1560 1439 1598 periodum
1454 1572 1545 1601 opor-

814 1606 875 1636 tuit
898 1607 1146 1646 interpunctam3
1171 1620 1267 1650 quam
1283 1611 1410 1642 fatuitas
1433 1618 1465 1642 et
1487 1623 1544 1643 au-

814 1657 903 1688 dacia
925 1659 1091 1689 Meibomii
1117 1661 1150 1690 in
1174 1668 1328 1702 quantum
1349 1665 1545 1704 corruperint

813 1709 1138 1751 interpolaverintque‚
1154 1712 1205 1742 vix
1220 1713 1281 1743 dici
1297 1721 1404 1753 potest.
1429 1715 1544 1746 Paullo

812 1759 910 1795 aliter,
933 1760 987 1790 sed
1002 1767 1154 1800 corrupte,
1178 1763 1323 1794 scribitur
1343 1765 1376 1794 in
1396 1765 1542 1796 Anecdo-

812 1809 854 1839 tis
871 1811 990 1841 Graecis
1006 1812 1289 1845 Villoisoniz—xoet
1308 1829 1366 1857 γαρ
1379 1818 1466 1857 ῥευσις
1483 1829 1545 1848 acro

814 1874 865 1896 ’Τῆς
895 1874 1037 1902 σωμαῗων
1065 1871 1206 1898 ΕπΙπθλῆς
1237 1879 1345 1908 συγθχῃ
1380 1881 1396 1900 ἦ
1425 1880 1545 1906 (cacavel-

814 1912 909 1943 Unde
938 1913 1065 1954 disjecta
1092 1917 1233 1946 membra
1257 1917 1365 1947 mutili
1390 1919 1546 1957 scriptoris

808 1964 848 1994 ad
873 1965 957 1995 hunc
979 1965 1110 1995 modum
1132 1966 1268 2007 denique
1289 1967 1434 1998 videntur
1455 1969 1543 2000 colli-

807 2014 910 2055 genda
935 2021 966 2046 et
991 2017 1334 2057 compingendam—nou
1365 2033 1423 2062 γαρ
1451 2022 1539 2062 fimo-15

809 2080 870 2098 απο
886 2080 937 2101 τῆς
954 2081 1009 2098 των
1023 2081 1166 2108 cupam-mv
1184 2077 1326 2105 επιπολης
1344 2076 1539 2105 ΣΎΝΕΧΗΣ

810 2130 846 2148 εκ
864 2117 994 2153 επιδηλος
1010 2131 1208 2159 σημειωσει-.

852 2170 926 2200 Ver.
943 2173 1013 2202 145.
1038 2173 1189 2212 Perpetuo
1201 2174 1322 2213 fluant.
1347 2173 1538 2211 Macrobius,

812 2221 874 2251 Sat.
890 2221 943 2252 vii.
963 2225 1082 2252 14.—“
1099 2223 1179 2254 sicut
1195 2223 1229 2252 in
1249 2224 1376 2262 caeteris,
1398 2225 1442 2255 ita
1463 2232 1494 2256 et
1508 2226 1543 2256 in

811 2277 833 2293 “
849 2275 909 2304 hoc
940 2275 1158 2316 (Democritus
1191 2282 1222 2306 et
1250 2276 1424 2318 Epicurus)
1455 2278 1542 2316 paria

810 2329 831 2345 ‘⁸
847 2332 1018 2356 senserunt.
1061 2328 1149 2368 Ergo
1180 2335 1285 2359 censet
1311 2329 1478 2368 Epicurus,
1501 2331 1541 2360 ab

808 2381 831 2396 ‘⁶
846 2377 991 2408 omnibus
1000 2379 1179 2417 corporibus
1186 2379 1259 2420 jugi
1271 2379 1369 2410 fluore
1381 2380 1540 2420 quaepiam

808 2432 830 2447 ‘⁶
845 2428 1010 2458 simulacra
1032 2439 1175 2467 manare;
1198 2440 1256 2461 nec
1273 2440 1415 2470 unquam
1432 2436 1538 2461 tantu.

806 2483 827 2498 “
843 2479 906 2510 lam
922 2490 1043 2510 moram
1058 2481 1255 2520 intervenire,
1281 2482 1358 2522 quin
1384 2481 1468 2512 ultro
1482 2482 1530 2512 fe-

805 2535 827 2551 “
843 2537 960 2568 rantur,
974 2533 1062 2562 inani
1077 2532 1187 2573 figura,
1203 2534 1404 2571 cohaerentes,
1421 2543 1531 2573 corpo-

807 2586 828 2602 “
844 2594 915 2613 rum
945 2584 1082 2621 exuviae3
1112 2595 1246 2625 quarum
1274 2584 1469 2623 receptacula
1498 2585 1533 2616 in

807 2639 828 2653 “
845 2635 956 2665 nostris
977 2636 1076 2666 oculis
1098 2643 1183 2666 sunt:
1210 2642 1242 2666 et
1261 2636 1332 2666 ideo
1348 2636 1387 2666 ad
1402 2636 1534 2676 deputa-

807 2690 829 2705 “
845 2693 909 2716 tam
925 2686 982 2716 sibi
998 2696 1017 2716 a
1038 2687 1149 2717 natura
1174 2686 1280 2717 sedem
1295 2687 1410 2726 proprii
1425 2697 1534 2718 sensus

809 2740 831 2755 “
849 2737 1043 2768 recurrunt.”
1089 2737 1207 2768 Confer
1224 2737 1353 2777 Apuleii
1374 2737 1480 2768 locum
1493 2738 1534 2768 si-

804 2787 873 2818 mili
889 2788 1042 2818 sermonis
1055 2788 1120 2826 filo,
1137 2789 1178 2819 ad
1193 2799 1253 2819 ver.
1269 2793 1341 2820 300.

847 2840 922 2870 Ver.
940 2843 1010 2870 146.
1042 2843 1211 2882 quidquid:
1247 2847 1288 2872 11.
1312 2846 1347 2873 Σ.
1372 2841 1412 2872 Ρ.
1447 2843 1533 2882 quic-

803 2902 912 2931 quam;
937 2891 991 2921 sed
1005 2897 1093 2921 vetus
1109 2892 1205 2924 codex
1221 2892 1298 2934 ejus,
1324 2892 1408 2935 quod
1423 2892 1533 2935 reliqui

804 2942 967 2983 librorum,
985 2943 1102 2976 habuit.
