1912 3292
314 168 401 207 118

813 155 875 204 T.
917 154 1296 204 LUCRETII

453 289 527 331 Vis
546 289 673 330 animi
693 288 846 343 pariter
865 288 1009 329 crescit
1027 301 1122 329 cum
1142 301 1316 343 corpore
1335 287 1522 344 quoque?

450 363 592 414 Quod,
625 364 657 404 si
677 361 902 403 inmortalis
920 360 1040 412 foret,
1071 370 1113 403 et
1131 369 1291 403 mutare
1311 361 1456 404 soleret

451 438 654 493 Corpora,
685 435 897 492 permixtis
917 436 1144 477 animantes
1163 435 1347 477 moribus
1366 443 1514 477 essent:

339 515 419 553 750
450 512 671 570 chugeret
691 512 802 553 canis
825 510 1030 566 Hyrcano
1051 509 1104 551 de
1123 510 1277 550 semine
1296 523 1406 565 saepe

449 585 666 643 Cornigeri
687 587 894 627 incursum
916 586 1023 625 cervi
1030 602 1042 634 3
1075 591 1361 639 tremeretque,
1388 598 1464 638 per
1482 598 1601 626 auras

447 661 583 711 A'e‘ris,
605 660 817 715 adcipiter‚
846 659 1021 716 fugiens,
1044 658 1231 698 veniente
1250 657 1454 698 columba:

448 735 696 790 Desiperent
716 733 918 784 homines,
940 740 1128 788 saperent
1147 732 1233 774 fera
1253 732 1357 773 secla
1374 730 1565 773 ferarum.

505 807 612 849 Illud
632 808 742 848 enim
764 807 860 849 fals&
881 807 1009 849 fertur
1029 807 1202 857 ratione,
1226 805 1338 862 quod
1358 807 1475 847 aiunt

339 884 418 923 755
452 881 719 922 Inmortalem
740 882 920 923 animam
940 889 1100 923 mutato
1120 896 1294 938 corpore
1312 880 1439 931 flecti3

351 1038 423 1068 Ver.
441 1039 511 1068 746.
535 1039 660 1069 Sinon:
679 1037 699 1067 i.
715 1047 740 1066 e.
761 1040 782 1055 “
803 1037 834 1067 Si
851 1037 896 1067 vis
906 1036 1032 1075 animae,

308 1091 329 1109 ‘⁴‘
344 1095 438 1127 certa,
460 1090 504 1120 vel
516 1090 601 1131 fixa,
627 1099 685 1118 suo
709 1088 829 1118 semine
844 1093 875 1117 et
889 1087 1033 1124 seminio,

308 1145 330 1160 ‘⁴
345 1142 389 1172 vel
403 1142 526 1171 seminis
542 1141 723 1180 propagine,
746 1149 810 1169 non
826 1139 940 1178 pariter
955 1149 1034 1170 cres-

307 1197 329 1212 “
345 1192 387 1223 cit
402 1201 475 1221 cum
489 1201 616 1231 corpore
631 1201 683 1221 suo
694 1191 875 1230 peculiari.’'
902 1190 1032 1230 Proper-

307 1245 378 1280 tius,
402 1242 443 1274 iii.
461 1246 490 1274 7.
505 1246 556 1273 20.

309 1335 356 1359 Hic
366 1338 438 1359 satus
448 1334 481 1359 ad
493 1340 600 1365 pacem,
616 1333 659 1357 hic
671 1332 846 1357 castrensibus
857 1333 928 1358 utilis
938 1332 1032 1357 armis:

339 1377 448 1400 Natura:
460 1374 579 1405 sequitur
589 1373 686 1398 semina
697 1373 808 1404 quisque
820 1380 888 1398 suae.

307 1456 474 1485 Seminium
489 1452 606 1483 scilicet
622 1463 685 1482 non
710 1458 832 1482 tantum
850 1465 964 1495 σπερμω
979 1460 1034 1489 est,

309 1506 362 1537 sed
378 1506 473 1536 etiam
484 1516 591 1545 genus.
637 1505 749 1543 Varro,
765 1505 804 1535 de
820 1516 853 1535 re
867 1511 942 1535 rust.
958 1505 989 1535 ii.
1004 1509 1034 1536 6.

312 1562 337 1589 1.
382 1562 405 1577 “
422 1559 504 1599 Ego,
527 1557 639 1598 inquit,
665 1557 705 1587 de
727 1557 820 1587 asinis
840 1557 1037 1596 potissimum

310 1613 332 1628 ⁴‘
348 1609 461 1645 dicam,
484 1608 568 1649 quod
582 1619 653 1638 sum
670 1608 836 1646 Reatinus,
857 1608 910 1638 ubi
927 1608 1037 1647 optimi

309 1665 331 1680 “
349 1668 381 1692 et
409 1661 539 1692 maximi
566 1661 663 1698 fiunt3
693 1672 710 1691 e
739 1671 802 1701 quo
827 1663 954 1692 seminio
978 1672 1037 1702 ego

311 1717 333 1733 ‘⁴
349 1713 419 1743 heic
434 1712 589 1752 procreavi
605 1711 779 1751 pullos—.’'

353 1768 426 1798 Ver.
443 1770 514 1799 747.
537 1769 653 1797 animi:
674 1772 708 1797 Δ.
725 1768 1034 1806 animai.-quoque:

312 1819 484 1850 Lambinus
493 1824 524 1849 et
533 1818 598 1854 alii,
613 1824 685 1856 toto,
698 1824 806 1848 contra
816 1817 918 1847 libros.
942 1817 1037 1852 Quae-

312 1880 387 1900 nam
401 1871 468 1900 haec
483 1875 528 1900 est
542 1869 669 1903 licentia
686 1868 851 1900 mutandi?

353 1923 427 1953 Ver.
446 1925 519 1953 748.
546 1927 665 1952 mutare
680 1932 823 1960 corpora.-
850 1931 887 1950 ex
904 1920 966 1950 alio
980 1919 1038 1950 sci-

311 1975 384 2004 licet
398 1974 431 2003 in
453 1973 539 2003 aliud
554 1973 692 2003 vicissim
714 1972 935 2013 demigrando;
958 1971 1042 2012 quod

313 2025 501 2067 Pythagorei
523 2024 656 2065 fingunt.

354 2078 428 2108 Ver.
460 2079 530 2108 750.
557 2079 644 2108 canis
677 2077 827 2116 Hyrcano
857 2077 894 2106 (le
918 2077 1040 2107 semine.

313 2128 448 2164 Plinius,
472 2134 535 2158 nat.
552 2127 623 2157 hist.
638 2126 701 2157 viii.
718 2130 769 2157 61.
803 2130 825 2144 ‘⁴
845 2126 878 2156 Is
893 2136 965 2156 vero
987 2138 1039 2158 ca-

315 2185 337 2200 “
353 2183 412 2217 nis,
428 2181 480 2210 cui
492 2190 609 2210 nomen
623 2180 771 2220 Hyrcani
784 2178 919 2209 reddidit
929 2179 1039 2217 Duris,

315 2237 337 2251 ⁸‘
353 2242 480 2263 accenso
507 2231 588 2272 regis
613 2230 792 2271 Lysimachi
818 2240 905 2271 rogo,
934 2230 1041 2271 injecit

315 2289 336 2303 “
353 2295 386 2315 se
401 2284 606 2314 flammae—.'‘
647 2282 786 2313 Accedat
803 2283 924 2318 Cicero,
946 2282 1040 2313 Tusc.

314 2337 412 2376 dispp.
427 2336 448 2366 i.
468 2339 520 2367 46.
556 2338 578 2354 “
598 2335 639 2366 In
655 2334 818 2375 Hyrcania
840 2334 925 2374 plebs
939 2334 1042 2374 publi-

316 2392 339 2407 “
355 2399 407 2419 cos
429 2388 485 2418 alit
506 2398 613 2425 canes;
639 2387 816 2426 optimates,
840 2387 1039 2418 domesticos:

316 2445 338 2460 ⁸‘
352 2443 450 2472 nobile
465 2446 570 2471 autem
589 2450 686 2480 genus
701 2451 812 2471 canum
835 2439 914 2470 illud
929 2440 1044 2470 scimus

315 2496 339 2511 ¹‘
355 2493 445 2524 esse.''
477 2492 646 2524 Proditum
670 2498 717 2523 est
740 2492 849 2533 utique
875 2492 1044 2532 Hyrcanos

316 2554 406 2574 canes
427 2554 491 2574 esse
506 2554 544 2574 ex
567 2543 680 2584 tigride
695 2550 725 2574 et
750 2554 827 2574 cane
851 2544 1041 2584 progenitos.

318 2596 368 2625 De
378 2596 436 2625 hac
450 2605 483 2625 re
501 2595 638 2632 Gratius,
661 2605 769 2636 cyneg.
789 2599 858 2626 161.

347 2675 398 2700 sed
409 2682 463 2700 non
474 2677 597 2707 Hyrcanae
606 2677 668 2702 satis
678 2680 719 2702 est
730 2677 903 2702 vehementia
910 2677 980 2708 genti

347 2715 454 2744 Tanta;
471 2715 523 2739 suis
533 2715 634 2746 petiere
643 2717 715 2741 ultro
725 2715 782 2742 fera
793 2717 894 2742 semina
903 2716 993 2749 sylvis.

318 2794 383 2825 Ubi
398 2794 504 2824 omnia
526 2795 663 2826 invenies
685 2797 747 2827 huc
761 2797 932 2837 spectantia
955 2797 1040 2837 apud

316 2845 421 2876 doctos
445 2845 714 2893 animadversores,
746 2848 884 2879 Lucretii
909 2848 1038 2886 interea,

1077 1046 1141 1067 non
1157 1037 1365 1068 immemores.
1411 1036 1473 1068 Sed
1495 1037 1581 1068 enim
1602 1036 1745 1069 dubitare
1763 1037 1802 1069 li-

1077 1094 1144 1118 ceat
1158 1088 1288 1126 interea,
1311 1098 1352 1118 an
1367 1087 1521 1127 scripserit
1534 1088 1712 1128 Lucretius,

1257 1169 1340 1199 canis,
1356 1170 1482 1200 Hyrcano
1493 1168 1527 1194 de
1536 1169 1639 1194 semine
1648 1170 1802 1196 seva—3

1077 1240 1227 1271 Lucanus
1241 1251 1307 1271 non
1318 1240 1416 1276 aliter,
1432 1241 1452 1270 i.
1467 1243 1540 1272 548.
1557 1246 1589 1271 et
1603 1240 1665 1272 alii.

1581 1321 1668 1348 flebile
1677 1323 1747 1348 :evi

1108 1363 1253 1387 Latravere
1263 1368 1352 1386 canes.

1121 1441 1196 1471 Ver.
1216 1443 1288 1472 751.
1331 1442 1490 1481 Cot-»tigeri
1517 1443 1606 1472 cervi.
1651 1440 1748 1472 Hanc
1775 1448 1808 1473 et

1079 1494 1172 1524 aliam
1201 1494 1392 1524 locutionem
1422 1494 1643 1524 Lucretianam
1673 1494 1809 1530 Ovidius

1081 1547 1113 1575 in
1137 1545 1205 1575 loco
1228 1544 1440 1584 pulcherrimo
1458 1543 1635 1583 politissimi
1660 1545 1810 1577 carminis

1080 1596 1234 1634 adhibuit,
1250 1601 1323 1626 met.
1338 1595 1388 1626 vii.
1404 1598 1475 1626 701.

1112 1692 1180 1715 Cum
1193 1697 1248 1719 me,
1258 1689 1392 1722 cornigeris
1403 1691 1562 1716 tendentem
1573 1691 1638 1716 retia
1649 1691 1749 1722 cervis,

1111 1731 1217 1756 Vertice
1228 1730 1262 1755 de
1272 1737 1379 1755 summo
1389 1734 1484 1762 semper
1492 1730 1608 1761 florentii
1621 1733 1745 1764 Hymetti

1111 1774 1197 1798 Lutea
1208 1779 1289 1798 mane
1300 1772 1374 1797 videt
1385 1772 1464 1804 pulsis
1475 1773 1578 1798 Aurora
1587 1773 1713 1798 tenebris.

1127 1857 1207 1887 Ibid.
1230 1859 1387 1889 incursum
1415 1859 1503 1888 cervi.
1549 1857 1655 1895 Maro,
1681 1866 1749 1898 geo.
1765 1857 1809 1888 iii.

1086 1913 1157 1940 ⁴107.

1402 1987 1574 2016 incursusque
1583 1985 1720 2017 luporum.

1127 2069 1201 2100 Ver.
1221 2072 1295 2101 752.
1321 2069 1413 2100 Idem
1430 2068 1574 2106 Ovidius,
1589 2075 1662 2099 met.
1679 2078 1705 2099 v.
1721 2072 1795 2102 605.
1819 2077 1822 2079 ’

1084 2154 1121 2177 Ut
1129 2152 1222 2185 fugere
1232 2153 1386 2185 accipitrem
1397 2153 1485 2185 penna
1494 2153 1646 2185 trepidante
1655 2152 1805 2184 coiumbae‚

1085 2195 1123 2218 Ut
1134 2194 1202 2219 solet
1212 2194 1340 2225 accipiter
1352 2194 1469 2226 trepidas
1478 2194 1581 2226 agitare
1591 2194 1739 2219 columbas.

1129 2277 1202 2308 Ver.
1218 2280 1290 2308 755.
1313 2279 1495 2318 Desiperent
1519 2280 1674 2309 homines:
1699 2278 1720 2309 i.
1735 2288 1762 2309 e.
1788 2279 1815 2310 οἱ

1087 2336 1200 2368 >tonsum
1214 2343 1265 2368 μεν
1287 2331 1402 2369 ‘rantra-⁹
1424 2343 1459 2360 αν
1476 2336 1593 2370 αλογοι·
1617 2330 1643 2360 οἱ
1663 2328 1688 2360 δ’
1708 2337 1816 2370 etiayn

1086 2395 1135 2418 av,
1165 2387 1289 2421 λογικοι·
1327 2388 1363 2410 ut
1391 2390 1466 2411 cum
1499 2379 1618 2411 Graecis
1653 2379 1816 2421 loquar.—

1088 2433 1196 2471 Porro,
1226 2438 1261 2464 Δ.
1285 2434 1497 2473 Dissiperent:
1532 2438 1575 2471 et,
1604 2432 1639 2462 in
1667 2437 1817 2473 sequente

1087 2495 1190 2522 versu,
1207 2484 1247 2514 V.
1264 2484 1312 2514 ed.
1327 2491 1437 2524 agunt,
1453 2493 1508 2524 pro
1522 2485 1624 2514 aiunt.

1128 2536 1203 2565 Ver.
1219 2538 1291 2566 756.
1327 2535 1452 2566 Eodem
1481 2533 1576 2566 modo
1606 2532 1815 2574 Novatianus,

1083 2588 1123 2619 de
1136 2589 1215 2624 Deo,
1230 2597 1296 2628 reg.
1313 2587 1363 2618 fid.
1379 2597 1444 2626 cap.
1459 2587 1497 2618 iv.
1523 2589 1546 2605 “
1564 2586 1630 2617 Hic
1643 2595 1719 2627 ergo
1731 2595 1816 2617 sem-

1085 2644 1108 2658 “
1123 2650 1177 2680 per
1199 2639 1248 2669 sui
1270 2646 1316 2670 est
1341 2639 1465 2678 similis,
1488 2648 1546 2669 nec
1568 2648 1602 2668 se
1623 2647 1766 2679 unquam
1780 2637 1817 2668 in

1086 2696 1108 2711 “
1123 2691 1242 2732 aliquas
1257 2691 1374 2722 formas
1384 2691 1486 2728 vertit,
1501 2696 1557 2721 aut
1570 2695 1687 2727 mutat;
1710 2699 1751 2720 ne
1760 2699 1817 2729 per

1086 2743 1375 2773 “immutationem
1398 2742 1492 2772 etiam
1518 2739 1658 2771 mortalis
1681 2750 1748 2771 esse
1771 2740 1818 2771 vi-

1084 2797 1106 2812 “
1126 2793 1243 2824 deatur.
1290 2792 1517 2824 Immutatione
1539 2791 1625 2822 enim
1643 2791 1819 2828 conversio-

1085 2850 1106 2866 “
1123 2846 1170 2877 nis
1206 2845 1308 2886 portio
1344 2843 1509 2886 cujusdam
1545 2843 1821 2883 comprehenditur
