1912 3292
315 251 379 292 92
806 234 866 282 T.
916 225 1299 280 LUCRETH·
1329 235 1334 238 ’

463 372 520 414 Et
537 371 651 428 prius
671 382 756 410 csse
775 366 851 408 sibi
872 365 1107 406 distractam
1127 372 1300 415 corpore
1320 357 1363 397 in
1384 357 1498 410 ipso,v

351 453 434 491 590
464 446 620 496 Quam,
641 441 831 499 prolabsa
848 438 973 488 foras,
994 442 1135 478 enaret
1155 435 1198 474 in
1219 432 1322 473 a'eris
1343 427 1486 471 auras?

523 520 639 570 Quin
659 517 798 571 etiam,
820 513 936 555 fineis
955 511 1057 553 dum
1076 509 1172 550 vitae
1191 505 1367 547 vortitur
1388 503 1513 550 intra,

469 597 589 650 Saepe
608 590 740 647 aliqua
762 598 899 630 tamen
920 601 943 627 e
962 581 1103 626 caussa
1123 579 1321 623 labefacta
1342 575 1505 616 videtur

470 670 538 712 Ire
557 667 710 714 zmirna,
731 678 779 704 ac
799 670 888 703 toto
907 655 1169 700 membratim
1189 665 1362 707 corpore
1384 648 1507 696 solvi;

473 743 530 784 Et
549 740 663 797 quasi
683 749 874 792 supremo
892 733 1153 789 languescere
1173 736 1358 781 tempore
1378 721 1526 768 voltus,

702 912 735 933 m
756 911 834 932 verr.
850 903 914 932 570
936 905 967 929 et
991 900 1064 929 576.
1108 894 1202 926 dubie
1228 892 1267 923 de
1292 891 1383 922 solito
1407 898 1480 919 suas
1506 889 1683 916 venustates
1709 887 1838 912 mutuas

333 919 380 943 tas
394 910 428 941 in
442 907 585 949 proximo
610 909 701 934 tantu

337 973 413 994 verr.
436 963 499 992 568
522 964 553 988 et
575 960 647 988 573.
669 964 746 985 verr.
769 957 829 985 558
845 958 877 982 et
892 954 963 982 543.
986 959 1063 980 verr.

337 1017 401 1047 555
425 1011 572 1051 denique,
600 1013 632 1038 et
655 1009 729 1037 556.
775 1004 852 1035 Jam
873 1011 948 1032 vero
970 999 1065 1040 parti-

337 1066 444 1097 culam
457 1074 526 1104 que,
542 1059 678 1091 fertilem
691 1067 756 1088 esse
772 1059 989 1093 corruptarum
1003 1051 1066 1081 lec-

337 1118 464 1148 tionum
477 1119 621 1147 matrem,
647 1108 805 1144 omnibus,
830 1105 884 1146 qui
900 1105 982 1134 hanc
996 1112 1067 1132 ma-

340 1169 451 1201 teriem
466 1168 684 1198 tractaverunt,
699 1161 733 1190 in
749 1158 891 1190 confesso
905 1162 961 1187 est.
1003 1155 1071 1185 De-

342 1220 452 1261 nique,
464 1227 544 1257 pene
555 1214 670 1246 oblitus
679 1221 766 1243 eram
782 1218 921 1243 monere,
933 1205 1070 1246 phrasim

335 1273 546 1315 fundamenta
564 1272 643 1297 πιοια
656 1262 829 1304 locosuras,
843 1258 932 1300 quasi
946 1257 1027 1288 basis
1043 1261 1074 1286 et

345 1323 502 1356 columnae
531 1317 644 1350 domus
679 1325 735 1355 per
763 1313 914 1344 fenestras
949 1314 1075 1349 possent

347 1374 467 1417 egredi,
492 1372 587 1412 longe
613 1365 857 1399 insulsissimum
871 1371 936 1392 esse
951 1358 1076 1390 dicendi

349 1436 461 1469 genus,
494 1429 586 1463 atque
611 1419 707 1450 etiam
729 1414 846 1456 piaculi
878 1411 985 1449 affine,
1014 1409 1078 1440 sul-

350 1479 451 1520 phure
462 1475 572 1506 saltem
584 1479 615 1503 et
624 1470 699 1506 ovis,
711 1478 751 1498 ne
762 1466 866 1497 videar
877 1461 1077 1498 immodicus,

351 1525 586 1564 averruncandi.
631 1521 686 1554 Ad
704 1525 825 1551 nostras
840 1515 999 1548 lectiones,
1021 1523 1079 1543 no·

354 1593 428 1615 men
433 1582 645 1624 fundamenta
661 1572 787 1613 respicit
800 1569 916 1600 molem
932 1577 968 1597 ac
983 1575 1082 1596 nexus

355 1635 505 1675 σοφονίες
532 1638 627 1671 quam
643 1625 762 1662 incolit,
778 1622 892 1664 quibus
907 1618 1079 1650 cohibetur:

357 1694 462 1726 neque
476 1681 563 1713 aliud
577 1688 667 1710 mens
681 1676 780 1717 po'e’tae
794 1673 919 1714 patitur.

393 1736 477 1777 jLer.
493 1736 565 1764 586.
576 1732 681 1772 fletus
702 1733 792 1766 atque
809 1723 990 1765 foramina:
1016 1729 1087 1761 quae

360 1788 467 1821 caulas
481 1789 579 1818 vocat,
595 1780 636 1811 ad
650 1789 711 1810 ver.
729 1780 800 1808 702.
816 1780 847 1805 et
862 1774 893 1804 ii.
909 1775 981 1804 950.

403 1839 482 1869 Ver.
499 1837 571 1867 588.
595 1830 803 1871 Dis-partitam
813 1840 822 1857 :
847 1825 891 1855 sic
919 1823 959 1854 Ο.
987 1827 1022 1853 Δ.
1045 1828 1090 1852 Ω.

362 1889 485 1930 reliqui,
514 1893 552 1918 ut
572 1884 668 1925 vulgo
689 1880 845 1917 scribitur,
867 1877 1092 1916 Dispertitam;

364 1942 404 1973 de
419 1939 482 1982 qua
496 1935 647 1976 scriptura
661 1934 695 1964 in
706 1934 765 1963 hoc
776 1928 927 1962 vocabulo
938 1933 969 1958 et
979 1925 1093 1957 simili-

365 1995 435 2029 bus,
451 1991 524 2022 satis
538 1997 631 2028 supra
645 1986 766 2017 dictum
781 1988 835 2014 est.

409 2043 486 2074 Ver.
499 2044 570 2073 589.
579 2040 669 2079 prius
678 2038 868 2067 distractam.
892 2031 979 2062 Dicit
991 2029 1093 2069 poeta,

367 2094 478 2127 multis
491 2103 530 2123 ex
546 2087 740 2131 argumentis
750 2085 854 2126 colligi
866 2093 964 2124 posse,
978 2088 1009 2112 et
1019 2090 1094 2111 con-

369 2145 466 2182 cluffi,
482 2143 621 2174 animam
636 2140 731 2171 etiam
745 2137 831 2178 prius
852 2133 1005 2166 divulsam
1031 2140 1096 2162 esse

371 2203 404 2230 et
418 2197 600 2236 dispersam,
625 2200 722 2233 quam
736 2189 776 2220 de
790 2196 916 2226 corpore
931 2182 1098 2215 novissime

372 2248 502 2281 decedat
517 2247 550 2277 in
565 2251 729 2276 aetemum.
762 2241 836 2271 Hoc
855 2244 961 2269 autem
976 2234 1098 2276 potissi-

373 2310 466 2332 mum
479 2304 565 2339 patet
587 2306 626 2327 ex
648 2293 779 2325 homine
804 2289 920 2321 sensim
943 2297 979 2318 ac
1000 2295 1101 2317 rnem-

373 2350 488 2383 bratim
502 2347 668 2383 moriente,
691 2354 753 2375 ver.
772 2343 953 2375 525—552.
975 2336 1102 2379 quando

375 2403 484 2434 anima
500 2398 683 2438 discerpitur
700 2393 925 2436 particulatim:
949 2395 1034 2429 patet
1047 2387 1104 2418 eti-

378 2465 432 2486 am
446 2463 486 2484 ex
507 2451 654 2482 cadavere
675 2451 883 2488 putrescente,
908 2451 970 2472 ver.
996 2443 1105 2472 579-

379 2509 453 2538 587.
475 2514 513 2534 ω
526 2502 613 2533 enim
634 2499 753 2536 anima,
779 2506 849 2538 quae
863 2504 918 2534 per
931 2501 1042 2523 omnes
1056 2499 1105 2520 ar-

380 2563 433 2587 tus
443 2555 567 2586 dudum
581 2551 828 2584 continuaretur,
838 2543 1028 2585 dispartitur,
1039 2540 1108 2571 loco

383 2614 538 2645 movetur,
552 2610 585 2636 et
594 2602 765 2639 divellitur3
783 2599 816 2631 id
824 2604 931 2629 autem
944 2592 1109 2637 gradatim,

384 2669 444 2689 nec
468 2668 534 2688 uno
557 2655 646 2697 quasi
667 2654 798 2693 impetu,
824 2649 946 2680 videtur
971 2645 1107 2677 evenire:

385 2719 510 2739 necesse
524 2713 571 2738 est
585 2716 673 2747 ergo,
687 2710 725 2736 ut
737 2701 828 2745 quasi
842 2710 898 2740 per
913 2704 1014 2739 partes
1026 2705 1111 2726 ema·

388 2765 444 2791 net
457 2759 574 2794 anima,
586 2764 680 2798 atque
702 2755 773 2787 ideo
787 2753 976 2791 distrahatur
989 2754 1022 2779 et
1035 2746 1112 2778 dila-

386 2817 517 2844 cei-etur.

432 2871 509 2900 Ver.
527 2872 600 2900 590.
622 2875 742 2899 enaret:
769 2867 810 2896 V.
826 2865 875 2896 ed.
890 2870 931 2895 Π.
946 2866 1060 2893 enatae.

435 2921 517 2953 Ibid.
538 2926 643 2952 enaret
659 2922 693 2950 ι’π,
705 2921 786 2950 a'e'n's
797 2927 901 2948 auras.
934 2914 1022 2945 Hinc
1032 2911 1118 2943 haud

1112 948 1205 978 Maro
1220 944 1362 984 sumpsit,
1377 941 1418 973 ad
1432 951 1503 982 geo.
1521 939 1560 969 iv.
1576 940 1628 969 59.

1365 1015 1491 1041 ernistum
1503 1011 1591 1038 caveis
1601 1010 1634 1035 ad
1647 1009 1733 1034 sidera
1746 1007 1812 1032 coeli
1844 1017 1850 1027 ι

1142 1061 1210 1083 Nare
1219 1061 1264 1089 per
1270 1058 1382 1081 estatem
1394 1053 1518 1086 liquidam
1530 1050 1682 1083 suspexeris
1692 1053 1808 1080 agmen:
1827 1064 1834 1069 ,
1861 1032 1865 1043 ι

1114 1126 1168 1152 aut
1182 1122 1222 1151 ab
1233 1119 1341 1150 Ennio
1346 1118 1474 1153 saltem,
1485 1113 1568 1155 apud
1581 1112 1724 1144 Servium
1733 1110 1842 1141 viden·
1861 1121 1869 1145 ς

1115 1174 1168 1211 do,
1193 1178 1224 1203 et
1250 1171 1340 1202 nobis
1354 1168 1470 1200 alicubi
1484 1167 1520 1197 in
1533 1167 1596 1196 hos
1604 1161 1851 1196 commentarios

1116 1226 1222 1256 relato.
1271 1224 1394 1254 Auctor
1406 1220 1546 1251 incertus
1566 1218 1601 1248 in
1618 1214 1750 1247 Anthol.
1774 1214 1851 1245 Lat.

1118 1278 1161 1308 iii.
1178 1280 1228 1307 82.
1244 1279 1295 1307 47.

1149 1351 1199 1380 Spe
1209 1349 1289 1376 duce,
1295 1350 1341 1379 per
1351 1345 1454 1371 medias
1465 1343 1559 1368 enavit
1569 1341 1697 1367 Daedalus
1707 1347 1800 1365 auras?

1121 1405 1161 1436 ad
1177 1414 1271 1446 quem
1281 1404 1386 1434 locum
1398 1401 1451 1432 ubi
1464 1398 1643 1432 Burmanni
1654 1402 1763 1428 nolam
1773 1406 1848 1427 con·
1871 1407 1873 1429 ς

1121 1457 1265 1493 sulueris,
1280 1464 1353 1485 cum
1372 1453 1449 1483 Silio
1467 1451 1591 1488 Italico,
1603 1449 1657 1480 xii.
1673 1452 1724 1480 95.
1743 1450 1796 1479 98.
1820 1452 1866 1477 et:v

1124 1505 1382 1539 Drakenborchio
1397 1502 1497 1538 dictis,
1520 1500 1635 1532 additis
1650 1498 1757 1535 etiam,
1781 1507 1854 1538 quae

1125 1559 1317 1591 contulimus
1332 1555 1389 1596 ipsi
1405 1554 1444 1584 ad
1461 1554 1500 1583 iv.
1518 1555 1588 1583 178.
1612 1561 1639 1582 v,
1657 1553 1729 1582 277.
1754 1559 1855 1590 pauca

1126 1621 1218 1651 super
1232 1612 1292 1640 hac
1307 1619 1340 1638 re
1355 1604 1552 1638 desiderabis.
1597 1602 1739 1640 Boetius,
1754 1601 1806 1633 lib.
1821 1611 1851 1632 v.

1129 1670 1202 1695 met.
1219 1665 1248 1694 5.

1162 1748 1240 1776 sunt,
1258 1745 1353 1777 quibus
1364 1743 1466 1768 alarum
1483 1741 1578 1767 levitas
1593 1745 1664 1772 vaga
1681 1727 1880 1775 verberetque}

1256 1788 1321 1809 vent

1165 1828 1197 1851 1-:t
1205 1824 1306 1857 liquido
1317 1791 1390 1855 liisrigi
1401 1821 1484 1854 :palia
1496 1818 1595 1845 etheris
1602 1820 1685 1843 enam
1695 1817 1798 1842 volatu.

1137 1900 1306 1934 Caeterum,
1322 1906 1414 1927 voces
1422 1894 1567 1936 prolahsa
1583 1897 1615 1922 et
1628 1896 1734 1922 enaret
1756 1889 1791 1920 in
1805 1890 1877 1921 hac<

1135 1948 1318 1989 metaphora
1344 1943 1640 1978 convenientissime
1665 1945 1866 1972 concurrunt.

1138 2001 1281 2038 Orosius,
1305 1999 1375 2029 hist.
1398 1997 1417 2027 i.
1442 2001 1471 2026 2.
1501 1994 1541 2025 de
1566 1994 1735 2024 Nalm—‘⁶
1750 1991 1871 2022 inde-—

1139 2057 1162 2073 “
1178 2051 1352 2083 vastissimo
1373 2049 1445 2079 lacu
1470 2044 1642 2082 exundare,
1668 2043 1870 2084 atque—ori&

1140 2109 1163 2125 “
1181 2110 1287 2136 entem
1316 2111 1425 2132 versus
1454 2109 1510 2139 per
1542 2095 1723 2135 AEthiopica
1750 2084 1872 2126 deserti

1142 2160 1165 2175 “
1175 2152 1371 2197 prolabi—J*
1855 2141 1858 2144 ”

1185 2207 1260 2236 Ver.
1274 2207 1346 2237 591.
1375 2204 1474 2238 Quin:
1502 2200 1542 2231 V.
1558 2199 1605 2230 ed.
1619 2205 1661 2230 n.
1681 2201 1820 2234 Quando.
1859 2205 1862 2207 ’

1186 2259 1262 2288 Ver.
1278 2258 1351 2288 592.
1373 2267 1407 2286 e:
1435 2259 1479 2284 Ω..
1494 2258 1555 2287 est5
1581 2251 1671 2288 forte,
1687 2261 1734 2282 er.
1758 2256 1764 2259 '
1856 2243 1865 2255 '

1191 2308 1272 2340 Ibid.
1295 2306 1444 2348 Iabqfacta
1461 2306 1576 2336 anima.
1620 2301 1785 2343 Virgilius,
1798 2301 1874 2334 AEn'.

1148 2362 1187 2391 iv.
1203 2363 1278 2392 595.

1180 2441 1266 2466 Multa
1288 2445 1410 2472 gemens,
1430 2443 1585 2470 magnoque
1604 2435 1720 2461 ananum
1740 2410 1878 2469 labffacnlr

1273 2486 1378 2505 amore.

1196 2548 1270 2578 Ver.
1305 2549 1377 2578 595.
1403 2543 1499 2581 Quod
1522 2541 1695 2583 potuimus,
1716 2539 1792 2571 huic
1812 2539 1824 2570 l

1153 2600 1290 2631 maxime
1316 2598 1502 2628 conturbato
1527 2594 1687 2625 fecimus·
1712 2591 1822 2633 Vulgo
1841 2589 1883 2626 d

1155 2653 1240 2682 hunc
1256 2649 1388 2680 modum
1403 2646 1543 2678 exhiberi
1557 2645 1648 2676 solet:

1189 2729 1229 2751 lre
1240 2726 1341 2755 anima,
1354 2729 1382 2751 et
1393 2728 1455 2750 toto
1467 2723 1535 2749 solvi
1545 2723 1580 2748 de
1590 2727 1703 2753 corpore
1711 2720 1854 2750 membru

1190 2767 1222 2790 Et
1234 2766 1308 2797 quasi
1320 2771 1446 2796 supremo
1454 2763 1625 2793 languescere
1635 2764 1759 2791 tempore
1768 2759 1868 2788 voltus,

1190 2806 1333 2836 Molliaque
1339 2803 1471 2836 exsangui
1476 2802 1572 2827 cadere
1579 2799 1672 2826 omnia
1678 2805 1791 2831 corpore

1283 2845 1339 2868 bra.

1163 2909 1248 2940 Cum
1276 2908 1437 2939 varietates
1465 2904 1636 2936 lectionum
1671 2906 1882 2942 percensum,
