1912 3292
305 275 402 316 254

451 395 556 438 Inde
575 394 681 436 fores
699 392 800 449 ipsae
818 388 981 439 dextra,
1001 385 1199 442 laevfique,
1221 389 1464 439 sequuntur:

446 470 548 512 Post
566 467 746 511 extraria
762 466 835 508 lux
854 462 992 507 oculos
1010 461 1232 518 pertinget,
1263 466 1304 500 et
1323 458 1394 498 aer

454 544 587 595 Alter,
608 551 650 585 et
667 539 750 593 issa,
770 539 869 582 foris
887 553 982 595 quae
1000 551 1097 578 vere
1115 532 1472 588 transspiciuntur.

340 624 423 660 ⁸280
456 619 540 669 Sic,
569 617 641 660 ubi
661 631 703 658 se
722 615 903 671 primum
922 609 1074 666 speculi
1093 607 1268 664 projecit
1288 606 1443 661 imago,

455 693 574 735 Dum
593 691 706 732 venit
724 689 778 730 ad
797 694 956 728 nostras
975 684 1098 732 acies,
1118 679 1312 736 procudit
1333 678 1500 734 agitque

458 767 586 814 Aera,
608 765 678 819 qui
697 764 804 803 inter
824 775 868 801 se
887 771 1096 815 quomque
1114 762 1176 797 est
1194 753 1418 808 oculosque
1435 750 1607 791 locatus:

459 839 517 880 Et
535 838 647 886 facit,
668 844 715 878 ut
732 835 848 891 prius
865 833 980 875 hunc
998 844 1165 874 omnem
1185 828 1341 870 sentire
1361 838 1576 882 queamuS,

322 994 473 1026 dictiones
495 991 651 1033 legitimas
665 1000 701 1021 ac
715 989 956 1030 probatissimas,
979 997 1050 1029 quae

322 1047 357 1078 in
381 1044 622 1078 desuetudinem
651 1042 816 1074 infeliciter
838 1042 990 1079 abierant,
1020 1045 1052 1070 et

323 1097 470 1139 rubigine
490 1096 638 1136 temporis
658 1095 788 1134 sepultae
799 1093 925 1134 jamdiu
934 1091 1051 1134 jacuis-

325 1155 401 1185 sent,
417 1150 457 1180 ab
471 1147 600 1179 informi
615 1147 677 1178 situ
692 1155 908 1185 saepenumero
922 1143 1054 1174 resusci-

326 1201 477 1237 tantibus,
497 1206 591 1241 atque
605 1199 698 1230 nitori
713 1199 845 1238 pristino
864 1196 1056 1228 restimenti-

326 1254 394 1284 bus.
455 1252 631 1283 Innumera
658 1249 807 1281 vocabula
837 1249 988 1290 leguntur
1022 1247 1058 1278 in

329 1304 482 1345 Apuleio,
515 1303 631 1339 Gellio,
662 1302 817 1340 Arnobio,
848 1300 1058 1338 Tertulliano,

333 1356 490 1394 Ausonio,
520 1354 707 1392 studendo,
739 1363 813 1384 cum
841 1352 961 1383 multis*
980 1351 1059 1387 aliis,

331 1418 403 1449 quae
418 1417 482 1438 non
500 1413 575 1438 sunt
597 1416 654 1446 pro
676 1415 755 1436 nove
777 1404 926 1435 confectis
947 1403 1061 1442 accipi-

332 1458 426 1496 enda,
449 1457 503 1489 sed
531 1467 588 1497 pro
613 1457 681 1488 fetu
702 1456 840 1487 melioris
865 1455 923 1486 aevi
949 1454 1062 1486 redivi-

334 1521 388 1548 vo;
411 1509 461 1540 vel
482 1509 601 1540 interea
616 1508 793 1545 demortuo,
816 1506 876 1544 vel,
899 1507 939 1537 ob
955 1505 1064 1536 ruinas

333 1567 525 1601 temporum,
551 1559 637 1590 unde
658 1559 834 1598 scriptores,
860 1558 914 1598 qui
930 1558 987 1588 has
999 1556 1066 1587 dic-

334 1613 436 1644 tiones
446 1613 726 1654 frequentaverant,
742 1610 854 1641 misere
869 1609 1065 1649 deperierint,

336 1665 532 1705 temporariis
546 1664 695 1704 sepulcris
705 1662 1068 1694 obruto.-Havercam-

338 1726 397 1756 pus
411 1715 520 1753 edidit,
547 1717 602 1754 qui
626 1716 782 1748 cer-nitur,¹
809 1712 898 1753 quasi
922 1712 963 1741 sit
976 1711 1069 1742 lectio

339 1767 456 1798 codicis
470 1767 508 1797 L.
531 1766 586 1796 sed
607 1765 647 1796 de
669 1766 728 1795 hoc
749 1764 814 1804 ipse
830 1763 1070 1794 viderie—Jam

340 1831 413 1852 vero
429 1821 503 1852 satis
517 1826 611 1860 patet,
637 1818 700 1860 qua
723 1819 763 1850 de
786 1817 894 1849 caussa
915 1817 998 1849 docti
1012 1816 1072 1846 viri

341 1872 423 1903 illud
451 1878 494 1904 est
523 1871 724 1907 intruserint;
757 1880 881 1910 nempe,
911 1868 986 1910 quia
1007 1878 1072 1899 non

342 1924 544 1956 concoxerim
561 1923 810 1954 laudatissimam
834 1932 952 1957 vocem,
977 1929 1074 1961 quam

343 1986 403 2007 nos
431 1975 604 2015 patrocinio
635 1974 846 2015 qualicunque
883 1971 1076 2011 suscepimus

344 2026 586 2062 defendendam,
602 2032 633 2056 et
647 2026 780 2057 statione
795 2025 863 2063 sua,
883 2024 1007 2055 dudum
1021 2023 1074 2054 de-

344 2076 474 2118 perdita,
489 2077 721 2108 redonavimus.

388 2143 464 2173 Ver.
498 2144 571 2172 277.
607 2143 703 2172 Inde:
742 2147 782 2171 Π.
813 2141 1076 2180 Ira—sequuntur·

348 2193 490 2226 abesto.

394 2244 475 2276 Ibid.
507 2243 612 2276 ἀετινᾶ
641 2242 776 2284 laevdque
804 2249 982 2284 sequuntur.
1027 2242 1078 2272 Ita

351 2297 519 2338 Virgilius,
534 2305 602 2337 geo.
618 2295 638 2326 i.
653 2298 727 2327 235.

608 2376 704 2402 dextra
715 2376 840 2410 Iaevcique
849 2376 1004 2402 trahuntur.

398 2450 472 2481 Ver.
488 2453 559 2482 278.
576 2452 749 2491 pertinget:
776 2450 823 2479 M.
845 2455 996 2490 perteget,·
1019 2459 1081 2479 un·

354 2503 393 2534 de
407 2503 543 2542 speciem
559 2503 652 2533 habet
672 2502 834 2532 arbitraria
854 2502 1006 2540 scriptura
1019 2501 1078 2531 cri-

354 2556 497 2590 ticorum,
516 2560 665 2595 perterget
672 2569 683 2590 ‚·
710 2554 763 2584 sed
779 2565 815 2584 ea
829 2564 887 2584 vox
903 2553 1006 2584 multo
1019 2553 1080 2583 mi-

357 2617 467 2638 norem
483 2608 576 2637 habet
597 2606 767 2637 efficaciam
793 2607 826 2636 in
853 2606 1008 2637 hocloco:
1037 2612 1080 2636 Π.

352 2661 504 2699 pertingit
511 2673 521 2694 ,·
549 2668 620 2699 quae
641 2657 764 2688 videtur
786 2657 886 2688 forma
908 2657 1027 2687 facilior
1048 2666 1084 2686 ac

358 2710 460 2750 magis
482 2710 585 2741 obvia:
616 2709 672 2740 sed
702 2709 791 2740 aliter
814 2709 961 2740 Lucretio
983 2709 1087 2739 visum

358 2767 412 2797 est,
435 2769 466 2792 et
489 2761 618 2802 quidem
642 2761 882 2793 consultissime:
910 2772 984 2792 nam
998 2761 1085 2792 futu-

358 2821 431 2842 rum
455 2819 580 2853 tempus
605 2824 663 2845 nos
687 2814 776 2855 quasi
801 2824 898 2845 manu
924 2814 1011 2844 ducit
1031 2823 1087 2853 per

360 2873 488 2894 omnem
504 2866 622 2905 negotii
636 2875 844 2906 progressum,
864 2873 895 2895 et
905 2866 1024 2906 justam
1039 2874 1086 2894 se-

360 2915 439 2945 riem
456 2915 565 2946 vividis
586 2916 740 2947 coloribus
761 2917 920 2957 depingit3
942 2922 979 2946 ut
999 2925 1086 2956 egre-

361 2967 447 3008 giam
472 2966 589 2997 summi
614 2967 740 2997 artificis
756 2967 971 2998 dexteritatem
997 2965 1089 2997 facile

812 258 874 306 T.
921 251 1302 306 LUCRETII

1093 985 1274 1026 adgnosces.
1318 981 1463 1012 Editor&
1499 982 1607 1009 autem
1639 972 1823 1006 Lucreti-'ini

1093 1037 1179 1076 leges
1192 1031 1410 1065 admnantinas
1424 1028 1575 1071 quasdam
1601 1033 1633 1058 et
1655 1025 1822 1057 indissolu-

1096 1088 1173 1119 biles
1203 1086 1303 1126 poetae
1331 1093 1390 1114 suo
1419 1081 1576 1118 videntur,
1611 1077 1828 1109 inhumaniter

1097 1138 1181 1174 satis,
1203 1134 1463 1177 promulgavisse;
1487 1132 1601 1173 quibus
1621 1129 1663 1161 ad
1683 1128 1825 1160 unicolo-

1099 1201 1168 1222 rem
1192 1187 1318 1220 dicendi
1342 1185 1478 1226 speciem
1499 1183 1610 1214 infelix
1625 1187 1710 1213 vates
1722 1190 1829 1211 neces-

1100 1243 1181 1274 sario
1196 1240 1467 1281 constringeretur.
1508 1237 1613 1276 Opere
1626 1232 1830 1272 nobismetip-

1102 1296 1143 1326 sis
1156 1303 1282 1326 summo
1297 1291 1501 1333 gratulamur,
1516 1287 1557 1319 de
1570 1285 1706 1319 fortunis
1720 1285 1832 1317 nostris

1102 1353 1209 1378 aetum
1223 1354 1292 1375 esse
1306 1350 1372 1374 tam
1387 1341 1528 1378 feliciter,
1552 1345 1589 1370 ut
1602 1339 1627 1369 ii
1639 1338 1746 1373 fimus,
1760 1335 1834 1377 qui-

1104 1401 1164 1430 bus
1188 1395 1352 1438 egregium
1377 1395 1436 1424 hoc
1463 1401 1582 1422 munus
1607 1387 1835 1421 demandatum

1106 1455 1166 1487 8⁵³3
1201 1450 1354 1490 Προμηθεα
1383 1443 1500 1475 scilieet
1526 1449 1656 1481 λνομενου
1683 1439 1725 1471 de
1753 1447 1836 1469 novo

1106 1501 1140 1531 in
1170 1499 1337 1530 hominum
1365 1500 1570 1526 venustorum
1603 1491 1738 1533 gratiam
1767 1493 1838 1530 post

1107 1558 1155 1583 tot
1167 1549 1273 1582 secula
1286 1546 1432 1580 docendi:

1165 1657 1243 1690 Ἠμιι
1259 1654 1281 1681 ὃ·
1293 1663 1322 1681 εκ
1334 1662 1461 1687 μαψ
1472 1651 1587 1681 σιν-Ἰξίας
1601 1657 1641 1675 utu
1653 1644 1768 1682 ιμαέηἰ

1155 1753 1231 1784 Ver.
1247 1755 1318 1782 281.
1337 1751 1496 1791 procudit:
1523 1748 1544 1779 i.
1559 1757 1586 1778 e.
1608 1749 1632 1765 “
1648 1745 1721 1776 a'era
1738 1741 1842 1774 form&

1116 1810 1138 1826 “
1155 1807 1212 1837 sua
1225 1804 1430 1836 simulacrum
1444 1802 1564 1843 signat;
1587 1799 1626 1830 de
1646 1794 1847 1828 lineamentis

1117 1862 1139 1877 “
1155 1857 1288 1898 propriis
1323 1854 1415 1896 fingit
1457 1859 1551 1894 atque
1593 1845 1844 1892 gepanta-anza?

1117 1910 1180 1951 qua
1196 1908 1353 1940 locutione
1371 1905 1453 1937 nihil
1465 1903 1639 1946 expressius
1651 1907 1683 1932 et
1699 1897 1859 1932 eonveni-¹

1119 1963 1223 1994 entius
1259 1959 1428 2001 excogitari
1465 1962 1595 1998 poterat.
1656 1953 1709 1984 Sic
1740 1956 1850 1983 autem

1119 2014 1269 2053 scriptum
1301 2011 1459 2043 invenitur
1487 2009 1522 2040 in
1551 2003 1779 2046 exemplaribus
1809 2002 1848 2033 P.

1119 2065 1216 2096 vind.
1235 2063 1274 2095 V.
1290 2063 1337 2094 ed.
1355 2069 1396 2093 11.
1413 2068 1458 2093 n..
1477 2061 1512 2090 in
1526 2059 1562 2090 L.
1579 2064 1613 2090 Σ.
1632 2057 1785 2098 protudit,
1807 2063 1847 2084 ex

1118 2117 1239 2149 solenni
1264 2113 1512 2146 commutatione
1535 2111 1697 2142 literarum
1720 2114 1733 2139 t
1757 2113 1788 2138 et
1809 2117 1826 2137 c
1832 2120 1847 2143 ,-
1868 2118 1871 2123 >

1119 2170 1157 2201 B.
1182 2169 1344 2209 peruidit,-
1385 2165 1442 2196 ubi
1470 2163 1598 2194 fortasse
1626 2158 1853 2200 compendium

1120 2221 1279 2261 scriptura:
1300 2217 1481 2249 collatorem
1503 2213 1663 2246 fefellerit:
1689 2211 1729 2243 de
1746 2211 1794 2242 M.
1808 2210 1851 2240 si-

1122 2272 1166 2304 let
1192 2272 1449 2309 Havercampus;
1479 2266 1534 2298 sed
1558 2264 1720 2306 vulgarem
1744 2261 1852 2292 lectio-

1123 2334 1198 2355 nem
1219 2323 1377 2363 protrudit
1399 2329 1471 2350 meo
1497 2315 1636 2358 periculo
1660 2312 1855 2346 confidenter

1124 2377 1270 2419 equidem
1284 2375 1438 2417 ejecerim,
1453 2380 1489 2405 ut
1503 2370 1751 2404 commentitiam
1764 2377 1854 2408 pror-

1123 2441 1177 2461 sus
1191 2428 1270 2459 nihil
1285 2438 1350 2458 non
1373 2425 1558 2458 audentium
1581 2422 1747 2457 editorum,
1772 2417 1856 2451 nihil

1124 2492 1188 2513 non
1204 2480 1401 2516 novantium,
1419 2477 1638 2518 pollutionem.
1682 2479 1718 2505 Δ.
1733 2477 1855 2508 autem,

1120 2536 1283 2576 producit;
1307 2532 1346 2563 de
1371 2531 1465 2562 solito
1487 2529 1624 2570 trajectis
1645 2526 1756 2557 literis:
1784 2523 1869 2555 vido·

1127 2586 1320 2623 Bentleiurn,
1351 2584 1390 2615 ad
1413 2584 1525 2614 Horat.
1547 2586 1603 2612 art.
1625 2579 1707 2620 po'e't.
1721 2580 1774 2610 59.
1819 2574 1854 2606 Si

1128 2637 1231 2675 malis,
1261 2635 1456 2675 interpretari
1485 2633 1584 2673 possis
1611 2630 1765 2672 γνοομάὶί,
1801 2635 1860 2665 pe!

1123 2700 1216 2729 porro
1232 2690 1334 2719 tundit
1341 2704 1353 2725 ,·
1378 2686 1432 2718 sed
1447 2690 1573 2726 egomet
1585 2682 1689 2723 priora
1701 2678 1820 2711 malim.

1175 2749 1247 2779 Ver.
1265 2753 1336 2779 282.
1358 2757 1506 2790 quomque
1518 2751 1579 2777 est:
1607 2749 1648 2774 Π.
1666 2753 1736 2773 cum
1751 2745 1833 2772 sunt.
1852 2784 1854 2786 v

1173 2808 1246 2838 Ver.
1264 2812 1335 2839 5285.
1358 2814 1391 2839 ut
1417 2808 1504 2837 abest
1526 2804 1718 2836 M.—11unc.·
1746 2800 1788 2831 V.
1809 2796 1863 2838 ed,¹

1128 2862 1255 2896 hubent,-
1279 2870 1363 2890 error
1388 2869 1426 2889 ex
1453 2857 1614 2897 scripturae
1634 2853 1784 2885 brevitate
1801 2860 1864 2893 nno-3

1129 2919 1188 2948 tus,
1217 2918 1248 2942 et
1262 2911 1460 2951 proximitate
1474 2909 1636 2940 literarum
1660 2919 1676 2937 c
1696 2910 1729 2936 et
1749 2911 1771 2936 t.
1816 2903 1859 2934 Ιι
1886 2934 1887 2937 ,

1132 2964 1241 2996 eodem
1257 2962 1404 3002 librbffid
1418 2972 1479 2994 ver.
1495 2964 1568 2993 288.
1582 2962 1664 2992 hunc
1679 2956 1830 2989 scribitur.
1868 2947 1887 3002 7’μ’
