1912 3292
326 215 421 254 320

831 204 892 253 Τ.
933 203 1315 253 LUCRETII

466 337 728 393 Volturiique
746 336 1025 378 cadaveribus:
1049 345 1152 387 tum,
1181 336 1275 378 fissa
1294 335 1474 378 ferarum

355 416 437 452 685
470 411 639 468 Ungula
658 425 741 467 quo
759 410 895 452 tulerit
913 425 1114 467 gressum,
1134 410 1330 466 permissa
1349 425 1498 451 canum
1516 410 1577 452 vis

470 486 600 527 Ducit
607 503 620 535 ;
652 493 693 526 et
712 484 939 526 humanum
959 485 1081 542 longe
1099 484 1309 540 praesentit
1328 484 1514 534 odorem,

470 559 783 601 Romulidarum
805 561 908 601 arcis
928 568 1123 608 servator,
1145 559 1343 600 candidus
1362 573 1493 600 anser.

470 634 537 675 Sic
558 633 644 674 aliis
664 633 766 674 alius
786 633 909 674 nidor
929 633 1049 674 datus
1069 632 1122 673 ad
1142 648 1215 674 sua
1233 647 1435 688 quemque

471 707 629 747 Pabula
647 706 776 754 ducit,
799 714 839 746 et
859 721 884 746 a
902 714 1009 746 tetro
1029 705 1182 746 resilire
1201 721 1359 747 veneno

355 786 437 822 690
470 780 613 836 Cogit;
646 793 776 834 eoque
796 779 923 820 modo
943 788 1155 822 servantur
1176 780 1279 822 secla
1298 780 1487 823 ferarum.

368 936 439 967 Ver.
455 940 528 968 681.
553 939 651 978 magis
665 944 726 969 est:
745 938 786 969 V.
801 938 848 969 ed.
865 944 900 971 Σ.
911 945 938 970 et
952 941 1049 980 magis

325 994 366 1019 est
371 1003 382 1024 ;
408 988 455 1018 M.
470 995 513 1019 est
529 991 626 1029 magis
641 995 686 1024 et;
714 996 754 1020 Π.
769 1000 803 1020 ea·
818 993 916 1030 magis
930 997 982 1021 est.

365 1040 440 1070 Ver.
454 1044 526 1071 684.
554 1042 707 1072 Volturii:
727 1041 768 1072 V.
783 1041 831 1072 ed.
846 1042 883 1073 L.
901 1049 942 1073 n.
956 1047 989 1074 Σ.
1001 1049 1045 1074 Ω..

330 1092 463 1126 Volturi5
491 1091 531 1122 O.
556 1093 845 1124 Volturius.—tum.·
873 1099 913 1124 Π.
928 1100 1028 1125 tamen
1034 1110 1045 1131 ;

322 1143 344 1173 i.
359 1154 384 1173 e.
399 1145 586 1186 tna—fissa:
612 1145 750 1187 A.fisca‚·
779 1151 818 1175 Π.
831 1146 913 1187 fixa.
958 1145 1048 1177 Alibi

320 1197 497 1227 notavimus
510 1208 525 1228 s
539 1196 672 1236 duplicis
689 1208 764 1228 cum
785 1198 875 1229 litera
896 1211 916 1229 a:
940 1206 1043 1230 muta-

321 1248 456 1286 tionem;
479 1248 564 1278 unde
580 1249 774 1279 manifestior
788 1249 834 1287 fit,
857 1256 889 1280 et
902 1252 1044 1290 probabi-

320 1302 389 1338 lior,
419 1302 565 1343 migratio
586 1312 666 1332 verae
688 1302 838 1339 lectionis,
862 1310 899 1334 ut
923 1311 1043 1344 putem,

319 1354 446 1384 subnixa
462 1353 495 1383 in
511 1352 671 1394 vulgarem
685 1355 844 1390 submissa,
860 1354 899 1384 ad
914 1355 933 1385 i.
950 1359 1045 1387 95.—

319 1404 372 1434 De
387 1405 443 1434 hac
459 1410 563 1434 autem
579 1404 681 1434 forma
696 1405 787 1441 vocis,
812 1407 948 1436 Vultur-ii
961 1405 1043 1445 dico,

318 1455 462 1486 consulas
478 1454 754 1495 Oudendorpium,
778 1462 809 1486 et
824 1467 902 1497 quos
926 1456 1044 1493 laudat,

318 1505 359 1536 ad
375 1505 471 1545 Apul.
487 1512 561 1536 met.
577 1507 618 1537 iv.
635 1517 665 1546 p.
684 1510 756 1538 245.

359 1556 432 1586 Ver.
448 1560 519 1588 685.
550 1559 671 1597 Ungula
681 1571 691 1588 .·
719 1563 752 1589 Σ.
790 1560 1043 1599 Uargula—per-

316 1611 425 1640 missa:
444 1609 486 1639 sic
504 1610 550 1639 M.
568 1609 707 1649 Reliqui,
723 1616 834 1649 praeter
850 1617 890 1640 n.
907 1611 960 1650 qui
971 1622 1044 1650 pro-

319 1663 392 1696 visa,
418 1660 495 1690 dant
504 1663 665 1699 promissa.
710 1660 785 1691 Jam
810 1671 889 1696 vero,
915 1668 985 1690 utra
1007 1661 1046 1691 sit

316 1711 455 1752 genuina
470 1711 570 1746 lectio,
587 1711 705 1750 patebit
719 1711 934 1752 liquidissime,
950 1712 977 1742 si
992 1722 1044 1742 ve-

316 1777 364 1796 ras
379 1767 513 1796 rationes
525 1766 700 1797 dictionum
716 1773 832 1805 teneas,
849 1767 1045 1806 paucissimis

316 1818 518 1854 eruditorum,
546 1825 701 1859 quantum
716 1818 891 1859 intelligere
912 1819 1045 1858 valeam,

316 1870 364 1900 vel
392 1870 511 1908 leviter,
541 1881 582 1901 ne
604 1871 681 1901 dum
703 1877 858 1909 accurate,
890 1871 1043 1912 cognitas.

316 1921 586 1960 Quipermiltitur,
600 1926 621 1940 “
633 1922 672 1953 de
682 1933 747 1952 uno
756 1922 825 1953 loco
837 1933 936 1963 usque
949 1922 989 1953 ad
999 1922 1044 1953 al-

316 1975 339 1990 “
355 1978 457 2002 terum
467 1973 643 2011 permeat;”
659 1973 714 2013 qui
727 1983 834 2004 rursus
838 1976 1043 2013 promittitur,

315 2026 338 2044 ⁴‘
353 2023 490 2065 quodam
519 2030 610 2054 tenus
632 2024 832 2056 solummodo
860 2026 1038 2056 mittitur:''

316 2075 418 2116 majus
433 2085 508 2116 ergo
531 2082 578 2106 est
597 2079 748 2116 permitti,
773 2087 866 2117 quam
889 2081 1039 2118 promitti.

316 2126 415 2157 Vides
429 2132 542 2163 autem,
566 2137 682 2158 canum
697 2128 760 2158 vim
776 2128 809 2158 in
825 2129 972 2160 Lucretio
987 2141 1039 2161 us·

314 2188 376 2219 que
398 2177 438 2209 ad
462 2178 544 2208 feras
567 2180 738 2218 pervenire,
768 2179 856 2209 omni
878 2179 1042 2212 intervallo

315 2237 490 2271 peragrato:
517 2240 582 2260 non
596 2233 734 2270 sequitur
747 2230 863 2269 solum,
890 2231 945 2262 sed
969 2244 1041 2264 con-

314 2285 459 2323 sequitur.
503 2282 589 2312 Vera
603 2282 700 2322 igitur
714 2282 808 2313 lectio
822 2288 868 2313 est
876 2287 1039 2324 permissa,-

315 2344 371 2365 nec
383 2336 532 2374 promissa
551 2334 679 2375 quidem
702 2340 842 2365 mentem
865 2335 964 2375 po'e'tae
986 2335 1042 2367 ad-

313 2386 498 2425 impleverit:
518 2386 626 2417 redeas
638 2392 743 2416 autem
755 2386 794 2417 ad
811 2393 917 2418 notata
932 2398 1040 2427 nuper,

313 2440 345 2470 in
369 2451 432 2472 ver.
450 2443 523 2471 54⁶2.
549 2440 657 2471 Crasse
679 2440 817 2477 Nonius,
842 2441 874 2471 ii.
902 2444 973 2472 710.
996 2442 1042 2472 uti

313 2492 390 2523 solet
405 2493 683 2533 grammaticorum
707 2492 836 2533 vulgus:
865 2496 887 2512 “
906 2495 1040 2525 Permit-

312 2548 334 2563 “
349 2551 422 2583 tere,
436 2545 625 2584 promittere,
645 2544 848 2576 incitare—3¹
896 2545 1040 2586 Sisenna,

311 2595 380 2626 hist.
397 2595 448 2626 lib.
467 2596 510 2626 iii.
556 2599 578 2615 “
595 2596 639 2627 Et
664 2596 739 2627 inde
763 2606 882 2637 equum
903 2597 1039 2628 concita-

311 2650 334 2664 “
351 2653 419 2676 tum
429 2647 470 2677 ad
481 2647 618 2678 hostium
629 2649 781 2687 permittit
793 2647 924 2678 aciem?
948 2648 1041 2679 Falso

311 2698 479 2728 mehercle:
505 2699 571 2729 imo
586 2699 700 2738 potius,
724 2703 747 2718 “
766 2700 817 2730 Ita
831 2710 949 2740 equum
964 2710 1039 2731 con-

311 2752 334 2766 “
350 2748 433 2783 citat,
459 2755 494 2779 ut
517 2750 654 2781 hostium
684 2751 783 2781 aciem
814 2751 980 2792 pertingat,
1002 2757 1036 2782 et

310 2802 333 2817 “
350 2799 487 2839 equitem
515 2801 656 2831 hostibus
677 2801 886 2832 immisceat.”
931 2802 1033 2839 Idem,

308 2849 350 2880 ad
364 2849 485 2881 iv.548.
502 2853 524 2868 “
539 2853 720 2884 Promittere
732 2852 887 2894 significat
897 2855 938 2884 ad
947 2864 1034 2893 mag-

308 2905 330 2920 “
348 2903 518 2935 nz‘tudinem
534 2905 684 2935 nutrire.’'

1092 941 1139 971 nit
1154 941 1186 971 in
1201 941 1305 980 phrasi
1331 940 1541 977 usitatissima,
1565 951 1664 972 comas
1687 941 1812 980 promie-

1089 999 1159 1024 tere.
1205 992 1295 1022 Nihil
1316 991 1381 1022 vidi
1410 991 1516 1021 minus
1537 990 1731 1027 defaeeamm,
1760 996 1815 1022 aut

1091 1045 1166 1075 scito
1175 1050 1267 1084 atque
1279 1043 1402 1074 erudito
1412 1042 1541 1073 homine
1551 1042 1720 1082 indignius.
1737 1044 1816 1073 Pro-

1090 1097 1207 1126 mittere
1221 1096 1358 1133 barbam,
1383 1099 1414 1124 et
1439 1093 1564 1132 similia,
1595 1098 1695 1132 potest
1718 1095 1817 1124 sinere

1086 1159 1178 1187 porro
1193 1158 1332 1183 creseere,
1359 1146 1398 1177 ad
1414 1153 1530 1177 certam
1544 1145 1660 1176 scilicet
1674 1145 1816 1176 distanti-

1088 1209 1140 1230 am
1155 1199 1329 1230 demittere.
1376 1198 1463 1235 Quid
1485 1197 1691 1234 manifestius,
1714 1204 1747 1228 et
1767 1197 1815 1228 fa·

1088 1251 1179 1282 cilius
1214 1250 1406 1292 dijudicatu?
1440 1250 1501 1281 Vel
1531 1249 1630 1291 quivis
1664 1248 1817 1289 puerulus

1089 1302 1237 1343 agnoscit.
1283 1303 1370 1333 Bene
1392 1301 1543 1343 glossator
1563 1307 1665 1332 vetus.
1693 1304 1716 1319 “
1736 1302 1815 1331 Pro-

1088 1358 1110 1374 “
1126 1357 1220 1390 mitto,
1231 1355 1398 1396 προέαλλω,
1410 1354 1816 1396 προτεμτω.-Ρεννηὶιεενε.

1088 1409 1112 1424 “
1127 1405 1327 1445 διατιμπειν.”
1381 1405 1488 1436 Diana
1516 1405 1585 1445 jam
1621 1403 1815 1444 virguncula,

1089 1456 1172 1496 apud
1209 1456 1446 1491 Callimachum,
1484 1456 1592 1495 hymn.
1631 1454 1727 1485 Dian.
1765 1458 1816 1485 26.

1090 1513 1198 1550 (quem
1214 1507 1320 1538 locum
1334 1507 1391 1536 viri
1407 1507 1500 1542 docti,
1512 1516 1576 1536 non
1593 1505 1813 1546 intelligentes,

1087 1560 1201 1600 partim
1214 1559 1294 1590 male
1309 1559 1500 1598 interpretati
1513 1563 1598 1596 sunt,
1607 1557 1721 1597 partim
1734 1557 1816 1588 inse-

1088 1610 1242 1640 licissimis
1270 1609 1456 1650 conjecturis
1485 1618 1647 1646 vexavere;
1677 1608 1747 1639 vide
1771 1608 1813 1639 sis

1089 1662 1174 1692 enim
1190 1671 1242 1691 me
1257 1661 1297 1692 ad
1313 1661 1343 1691 ii.
1363 1661 1447 1702 198.)

1125 1754 1175 1784 Ὠς
1187 1755 1202 1783 ἦ
1216 1765 1275 1784 παυς
1289 1763 1380 1781 ειπερ-οι
1391 1754 1511 1785 γενειαέος
1522 1754 1588 1784 ηθελε
1598 1763 1692 1790 ποετ-ρος

1124 1802 1276 1835 Ἀψασθαιι·
1289 1807 1386 1831 mutu
1399 1802 1424 1828 δε
1433 1812 1520 1836 ματ-ην
1535 1811 1691 1828 eramo-mo
1703 1810 1790 1837 χωρας

1128 1852 1233 1886 Μεχρις,
1243 1850 1285 1877 lm
1297 1850 1415 1883 ψωυσειε·

1087 1933 1126 1965 ad
1148 1934 1245 1973 patris
1272 1940 1418 1965 mentum
1443 1934 1640 1974 promittebat
1669 1942 1812 1969 manum,

1080 1987 1256 2026 permittere
1272 1996 1337 2016 non
1351 1985 1467 2026 quibat.
1513 1985 1553 2015 In
1568 1984 1669 2015 multa
1679 1984 1814 2024 caligine

1082 2048 1174 2077 super
1197 2037 1247 2067 his
1272 2037 1429 2068 vocabulis
1451 2038 1629 2067 versabatur
1657 2035 1814 2066 Heinsius

1083 2089 1123 2120 ad
1147 2088 1270 2125 Silium,
1295 2089 1379 2119 Pun.
1404 2088 1446 2119 iii.
1463 2092 1533 2120 534.
1557 2088 1611 2118 ubi
1639 2087 1749 2118 eadem
1773 2087 1810 2118 li-

1083 2142 1212 2171 brorum
1228 2146 1273 2170 est
1287 2140 1441 2170 confusio:

1114 2235 1390 2243 ———
1495 2225 1577 2253 atque
1587 2227 1642 2246 una
1652 2220 1758 2253 pruina

1115 2262 1254 2291 Canentis,
1266 2267 1439 2293 quacumque
1450 2261 1530 2286 datur
1537 2260 1680 2293 permittere
1691 2260 1773 2291 visus,

1119 2302 1253 2334 Inger-itur
1263 2301 1354 2327 facies.

1084 2381 1179 2412 Liber
1193 2392 1285 2419 unus,
1298 2384 1473 2422 promittere
1479 2397 1490 2418 ;
1514 2391 1616 2422 neque
1630 2381 1763 2413 absurde
1777 2382 1813 2413 in

1087 2435 1146 2464 hoc
1162 2434 1241 2464 loco:
1268 2433 1321 2464 sed
1337 2434 1463 2474 vulgata
1478 2433 1571 2464 lectio
1585 2433 1737 2464 efficacior
1758 2439 1814 2466 est.

1086 2484 1179 2515 Idem
1209 2485 1363 2515 Heinsius
1390 2484 1507 2515 ibidem
1536 2483 1619 2514 male
1640 2484 1816 2524 corrigebat

1086 2537 1308 2574 Columellam,
1321 2538 1371 2568 vii.
1388 2540 1415 2568 8.
1429 2541 1458 2568 6.
1474 2543 1506 2567 et
1521 2536 1681 2574 Hirtium,
1692 2535 1732 2567 de
1743 2535 1815 2567 bell.

1085 2588 1167 2619 Gall.
1183 2589 1246 2619 viii.
1261 2594 1289 2620 9.
1306 2593 1335 2619 4.
1351 2589 1406 2619 ubi
1418 2594 1573 2628 receptam
1588 2597 1697 2617 vocem
1711 2586 1816 2618 multo

1084 2639 1287 2679 potentiorem
1299 2650 1364 2670 esse
1373 2639 1502 2679 pulchre
1512 2638 1666 2670 intellexit
1681 2636 1814 2668 Ouden-

1083 2690 1224 2730 dorpius3
1246 2691 1300 2731 qui
1322 2700 1396 2721 cum
1426 2689 1538 2721 Grotio
1551 2689 1648 2729 probe
1661 2686 1815 2718 adminis.

1084 2742 1175 2772 travit
1198 2751 1264 2772 rem
1286 2742 1327 2772 ad
1356 2742 1476 2772 Lucan.
1490 2741 1531 2771 vi.
1548 2742 1622 2771 651.
1647 2748 1725 2779 quos
1747 2748 1813 2769 non

1077 2793 1195 2834 pigebit
1223 2793 1426 2824 consuluisse.
1472 2792 1512 2822 In
1537 2791 1576 2822 P.
1602 2790 1705 2828 Mela,
1735 2789 1755 2820 i.
1779 2802 1812 2821 o.

1081 2846 1132 2876 fin.
1169 2852 1200 2877 et
1224 2849 1273 2878 19.
1304 2847 1361 2876 sub
1386 2845 1438 2876 fin.
1471 2843 1677 2874 sincerissime
1699 2841 1816 2883 legitur

729 2906 773 2936 Et
784 2906 964 2946 exemplum
979 2916 1034 2946 ΡΟ.
1073 2899 1223 2938 permissa
1249 2902 1279 2927 et
1302 2898 1495 2937 permittitur
1503 2911 1514 2934 ς
1537 2905 1606 2938 quoe
1631 2904 1692 2926 vox
1714 2893 1807 2926 debet
