1912 3292
501 202 736 252 LIBER
786 201 1138 250 TERTIUS.

97 344 181 380 220
213 339 380 381 Extima
397 335 679 377 membrorum
698 335 1012 375 circumcaesura
1030 343 1169 375 tamen
1189 349 1233 376 se

213 412 466 455 Incolomem
484 417 672 465 praestat3
703 423 780 449 nec
801 407 900 449 defit
918 407 1113 462 ponderis
1133 408 1277 450 hilum:

213 485 340 536 Quod
358 499 489 543 genus
510 492 584 535 est,
610 482 766 525 Bacchi
787 498 914 539 quom
933 482 1009 523 flos
1029 484 1210 534 evanuit,
1231 492 1302 525 aut
1322 499 1448 541 quom

179 591 181 593 v
211 561 387 616 Spiritus
406 560 608 616 unguenti
629 559 761 600 suavis
781 557 948 615 diffugit
967 558 1011 598 in
1032 573 1170 607 auras3

211 636 299 677 Aut
319 635 454 691 aliquo
474 650 601 690 quom
613 635 702 690 jam
723 649 842 675 sucus
863 632 916 674 de
936 647 1110 687 corpore
1130 633 1262 674 cessit:

94 714 176 751 225
207 709 324 752 Nihil
343 709 469 752 oculis
487 718 627 752 tamen
646 724 732 751 esse
751 709 889 750 minor
909 723 973 749 res
994 708 1083 763 ipsa
1101 705 1264 748 videtur

67 873 91 890 “
105 872 179 901 tima
214 872 456 910 circumscriptio
486 872 683 901 membrorum
713 870 792 901 solet

67 925 90 941 “
104 928 289 963 coagmenta
315 922 506 952 finire—At
534 932 607 952 vero
637 933 692 952 vos
717 922 792 953 deos

66 978 89 993 “
103 984 216 1014 parum
231 980 276 1005 est
285 974 459 1005 formarum
469 974 553 1015 quod
564 975 791 1014 amplectimini

67 1029 90 1045 “
101 1026 274 1063 mensione,
289 1025 343 1056 filo
357 1032 388 1056 et
402 1025 617 1056 adterminatis
638 1027 791 1065 humano,

66 1081 89 1096 “
105 1083 148 1116 et,
171 1078 257 1119 quod
277 1077 440 1118 indignius
454 1077 556 1107 multo
571 1083 628 1115 est,
653 1084 790 1107 terreno-

66 1131 89 1147 “
105 1139 177 1159 rum
205 1138 371 1168 corporum
401 1128 636 1160 circumcaesurd
662 1128 790 1159 finitis.'’

65 1179 228 1220 Vegetius‚
245 1180 264 1210 i.
277 1183 393 1210 24.—“
408 1179 434 1210 si
446 1180 544 1210 nimia
555 1181 720 1211 necessitas
728 1191 793 1211 non

67 1235 89 1250 “
105 1232 229 1271 premit,
254 1232 382 1271 cespites
404 1234 670 1263 circumciduntur
692 1243 710 1263 e
731 1238 792 1263 ter-

67 1285 88 1302 “
103 1283 212 1313 ra—J’
266 1283 459 1313 Ammianus
483 1283 690 1313 Marcellinus
713 1294 791 1314 eun-

64 1334 138 1364 dem
159 1334 349 1365 Lucretiano
371 1343 498 1364 sensum
520 1334 563 1364 sic
585 1335 687 1364 verbis
701 1341 791 1365 extu-

63 1385 112 1424 lit,
129 1385 163 1415 in
182 1385 265 1416 xxxi.
286 1385 520 1428 24.—-“figurii
536 1387 616 1416 bene
632 1387 794 1426 compacta

66 1441 90 1457 “
103 1437 378 1468 membrorum—-”
439 1438 610 1468 Committe
635 1445 791 1478 nostrum,

66 1489 98 1521 ἥ.
112 1492 186 1520 341.

108 1541 183 1572 Ver.
205 1544 277 1571 221.
300 1542 501 1572 Incolomem:
527 1542 568 1572 V.
591 1541 640 1572 ed.
667 1544 793 1573 Incolu-

65 1593 263 1634 men.-—deflt
275 1594 391 1624 hilum.⁴
421 1599 462 1624 Π.
476 1595 578 1636 dffcit
594 1595 692 1624 illum.

107 1645 189 1676 Ibid.
211 1647 393 1677 Incolamem
412 1653 543 1686 prcestat
561 1658 610 1678 se:
637 1648 793 1679 Horatius

66 1697 110 1727 ita
124 1697 249 1727 locutus
263 1704 319 1735 est,
337 1699 422 1737 epist.
437 1699 457 1729 i.
477 1702 525 1729 16.
546 1703 594 1730 16.

96 1757 147 1780 Hae
156 1755 267 1781 latebra:
278 1756 380 1787 dulces,
390 1760 418 1781 et
426 1757 494 1788 Jam,
505 1757 525 1781 si
536 1757 632 1787 credis,
643 1765 763 1788 amoenae,

99 1795 249 1821 Incolumem
259 1797 310 1822 tibi
319 1804 358 1821 me
366 1801 490 1829 prestant
504 1799 700 1830 septembribus
711 1799 791 1823 horis.

835 867 942 903 Porro,
960 865 1131 897 M'aeonidis
1145 866 1252 896 locum
1267 865 1390 905 respicit
1410 865 1563 906 Hesychii

834 918 948 958 glossa,
979 928 1075 958 quam
1104 917 1139 947 in
1167 924 1346 948 transcursu
1375 919 1545 949 emendabo
1561 931 1566 947 :

837 976 928 1011 Τρωει·
946 982 1104 1011 mepta-0251,
1122 974 1268 1017 AAMNQ.
1297 969 1415 1010 Vulgo,
1435 970 1563 1012 δατανᾳ.

836 1027 932 1062 Unde
953 1027 1030 1058 libet
1052 1027 1147 1058 etiam
1170 1027 1312 1067 lepidum
1328 1029 1484 1059 Martialis
1497 1031 1562 1069 epi-

835 1089 979 1120 gramma
993 1078 1140 1118 expolire,
1157 1079 1198 1109 ix.
1214 1082 1265 1110 88.

931 1163 1039 1192 septem
1049 1164 1109 1192 post
1117 1160 1212 1185 calices
1224 1160 1369 1192 Opimiani,

931 1202 1020 1224 Denso
1030 1207 1093 1224 cum
1102 1201 1209 1230 jaceam
1220 1200 1321 1225 triente
1331 1201 1417 1232 lmus,

930 1239 1014 1264 Affers
1024 1240 1113 1264 nescio
1125 1246 1190 1270 quas
1201 1239 1269 1263 mihi
1276 1241 1401 1270 tabellas;

927 1281 961 1304 Et
971 1279 1050 1304 dic'ss:
1071 1281 1090 1293 “
1100 1280 1182 1304 Modo
1192 1279 1307 1305 liberum
1318 1288 1374 1306 esse
1377 1282 1445 1313 justi

931 1321 950 1334 ‘⁶
960 1321 1070 1344 Nastam
1079 1320 1106 1343 :’'
1127 1319 1256 1351 (servulus
1267 1324 1307 1345 eet
1315 1321 1384 1345 mihi
1393 1324 1530 1354 paternus)

929 1361 950 1373 “
960 1360 1069 1392 Signa-’²
1086 1361 1150 1384 Cras
1160 1360 1266 1391 melius,
1274 1362 1407 1393 Luperce,
1416 1362 1474 1388 fiet.

931 1403 1008 1427 Nunc
1018 1403 1106 1434 signat
1116 1409 1192 1428 meus
1201 1403 1314 1428 annulus
1325 1404 1460 1437 lagenam.

838 1481 958 1523 Vulgo,
988 1484 1110 1519 bloesus‚-
1134 1483 1214 1514 nihil
1236 1483 1277 1514 ad
1298 1495 1383 1524 rem;
1415 1492 1447 1516 et
1464 1487 1564 1527 jussi,

836 1542 1007 1572 perperam.

881 1592 962 1624 Ibid.
983 1596 1107 1626 evanuit
1123 1597 1156 1625 in
1173 1606 1277 1627 auras.
1304 1596 1470 1638 Virgilius,
1487 1599 1563 1628 AEn.

837 1644 876 1675 ἰν.
894 1649 967 1676 278.

1002 1719 1028 1743 in
1039 1722 1153 1745 tenuem
1163 1727 1200 1745 ex
1211 1721 1294 1746 oculis
1304 1723 1418 1747 evanuit
1427 1731 1530 1748 auram.

844 1794 846 1796 ’
880 1781 955 1812 Ver.
972 1785 1043 1812 225.
1065 1785 1183 1814 suavis:
1210 1784 1248 1814 P.
1265 1785 1305 1814 V.
1319 1785 1365 1815 ed.
1385 1786 1424 1816 O.
1439 1798 1559 1824 suaves,-

109 1847 185 1877 Ver.
219 1851 290 1877 222.
323 1850 465 1878 evanuit:
504 1855 544 1879 11.
566 1860 670 1884 evam;
698 1850 735 1890 (i.
767 1860 793 1880 e.
837 1833 1113 1876 male·—‘lff¹g²'c·'
1139 1836 1236 1867 Vind·
1265 1837 1408 1878 ‘'Z'ffl‘dl'ti
1442 1847 1482 1871 Π·
1513 1844 1566 1872 (ἰθ-

69 1908 144 1929 cum
157 1910 178 1928 n
194 1904 225 1928 et
239 1898 340 1937 priore
355 1899 451 1930 ductu
468 1913 506 1931 τε
520 1900 556 1940 ιι)
585 1901 673 1931 hiatu
689 1901 797 1932 relicto
829 1885 932 1926 fugit’
970 1886 1092 1917 ⁵⁰lem¹i
1127 1888 1358 1926 permumtione
1393 1891 1565 1922 scribarum

68 1950 151 1980 inter
166 1961 196 1980 m
212 1956 243 1980 et
261 1957 325 1981 aut.

110 2001 190 2032 Ibid.
212 2009 240 2032 et
256 2003 384 2033 Bacchi.
429 2003 533 2044 Lego:

157 2061 236 2092 Quod
246 2067 331 2093 genus
341 2065 387 2086 aut
398 2061 537 2086 Bacchi-.

456 2102 506 2132 Bt
512 2113 534 2133 N
541 2113 562 2133 T
569 2113 586 2133 1.
592 2114 609 2133 z
615 2114 651 2134 ru
659 2115 684 2134 s.

64 2153 155 2184 Nihil
168 2153 239 2184 heic
253 2159 343 2183 muto
357 2160 465 2184 contra
479 2153 573 2185 libros
584 2162 719 2196 egomet.

108 2206 189 2236 Ibid.
220 2208 340 2237 Bacchi
358 2208 431 2248 flos.
486 2207 579 2237 Prior
604 2208 730 2238 Ennius
756 2208 791 2239 in

67 2256 240 2287 Alceetide:

95 2317 163 2341 Haee
173 2323 238 2341 anus
248 2317 398 2342 admodum
409 2317 531 2349 frigutit:
547 2318 669 2343 nimirum
688 2326 716 2345 se
735 2325 793 2345 sau-

188 2357 270 2381 elavit
271 2357 337 2388 flore
347 2357 438 2382 Liberi.

66 2406 165 2446 Lege,
180 2407 319 2437 nimium.
342 2409 499 2438 sauciavit
513 2414 620 2439 autem
646 2419 740 2440 suum
755 2420 793 2440 ex

66 2457 213 2488 Homero
226 2457 338 2494 hausit,
356 2457 418 2488 Od.
435 2464 474 2489 Φ.
491 2463 563 2491 295.

115 2519 223 2545 omo}
238 2528 266 2545 n
276 2520 386 2545 'rrum
397 2521 561 2554 lamnam-2

66 2570 152 2601 Vide
166 2570 272 2601 locum
295 2571 439 2610 Pacuvii,
460 2573 501 2604 ad
514 2573 534 2604 i.
551 2578 622 2606 256.
645 2582 677 2605 et
698 2575 791 2612 Livii,

65 2621 151 2660 apud
165 2622 296 2652 Festum
311 2622 345 2653 in
359 2633 434 2656 voce
449 2625 603 2657 Anclare:
622 2637 681 2657 nos
695 2628 791 2657 etiam

63 2673 108 2705 nd
127 2673 160 2704 ii.
175 2677 248 2706 847.
270 2684 345 2705 cum
367 2675 493 2713 Plauto,
518 2678 589 2709 Cas.
616 2678 662 2710 iii.
685 2682 714 2711 5.
738 2683 789 2710 16.

68 2727 290 2768 Inscriptionae
307 2730 449 2769 Gruteri,
464 2742 494 2771 p.
512 2735 586 2765 529.

104 2796 214 2820 amuis.
235 2797 382 2818 nonin-r.
405 2799 551 2820 mucius.
574 2801 722 2822 ornem-1·

106 2841 232 2866 HUHUK.
254 2845 340 2866 OLET.
364 2846 529 2868 ΤΕΠΒΤΠΜ.
552 2849 602 2869 ΕΤ.
625 2850 751 2871 FLOBEM

107 2889 184 2911 um.
199 2892 381 2914 ὛΒΊἚΕΙΒ-ν-

839 1948 936 1978 ἓτθὲῑ·

883 1998 964 2029 Ibid.
997 2000 1130 2039 Spiritus
1155 2003 1315 2040 unguenti.
1376 2002 1566 2042 Calpurnius

837 2050 953 2092 dignus
967 2057 1023 2088 est,
1040 2052 1094 2092 qui
1109 2053 1334 2092 committatur,
1350 2054 1441 2086 initio
1451 2056 1506 2087 ecl.
1522 2058 1562 2087 iv.

836 2103 928 2143 cujus
949 2104 1162 2135 ornatissimos
1188 2115 1304 2143 versus,
1326 2117 1385 2146 ope
1408 2110 1563 2139 membra-

836 2165 949 2185 narum
965 2165 1049 2194 usuS,
1065 2155 1223 2186 dimittam
1237 2158 1460 2198 castigatiores:

866 2236 938 2268 Quid
953 2237 1061 2268 tacitus,
1078 2238 1217 2270 Corydon,
1236 2239 1368 2271 vultuque
1382 2241 1494 2266 subinde
1513 2243 1562 2267 mi-

961 2277 1032 2306 naci,

867 2316 974 2348 Quidve
987 2317 1035 2341 sub
1054 2317 1104 2342 hac
1116 2317 1236 2350 platano,
1251 2319 1295 2343 cui
1313 2320 1434 2351 garrulis
1450 2319 1565 2353 obstrepi!

960 2357 1070 2387 humor,

868 2398 968 2423 Infesta
979 2399 1106 2430 statione,
1116 2401 1206 2426 sedes?
1223 2402 1305 2432 Juvat
1316 2401 1428 2426 humida
1437 2401 1528 2427 forsan

869 2438 946 2470 Ripa,
956 2438 1084 2470 levatque
1094 2439 1166 2465 diem
1179 2440 1260 2465 vicini
1269 2440 1372 2473 spiritus
1383 2441 1475 2465 amnis.

839 2517 960 2559 Vulgo,
983 2531 1074 2559 quam
1091 2522 1248 2560 adstrepit.
1293 2521 1336 2550 Et
1350 2520 1431 2551 illud
1445 2522 1563 2564 Infi’stzi

835 2581 890 2609 per
923 2571 1156 2603 inscitissimam
1193 2573 1463 2612 importunitatem
1506 2577 1563 2607 viri

835 2621 918 2652 docti
931 2623 997 2654 unzi
1010 2625 1105 2663 operfi
1120 2625 1283 2655 solicitant.
1305 2625 1422 2667 Infistli
1437 2637 1561 2668 nempe,

836 2677 856 2691 “
871 2674 912 2704 ob
926 2675 1090 2714 strepitum
1104 2675 1222 2714 platani
1238 2683 1269 2707 et
1284 2678 1397 2716 amnis,
1423 2680 1561 2710 carmina

838 2730 858 2742 “
873 2725 1151 2765 interpellantem,”
1188 2729 1235 2758 uti
1270 2728 1374 2759 Titius
1403 2731 1562 2762 verissime

787 2815 789 2817 Ι
837 2777 986 2816 explicuit
1000 2779 1039 2808 ab
1054 2778 1109 2809 ecl.
1124 2779 1163 2810 vi.
1184 2782 1236 2811 65.
1258 2781 1310 2812 cui
1334 2781 1430 2813 addas
1445 2783 1559 2814 ibidem

835 2838 895 2858 ver.
919 2833 970 2860 62.
996 2835 1032 2860 ut
1054 2840 1253 2871 summopere
1267 2832 1362 2863 mirer
1376 2833 1425 2863 his
1439 2834 1562 2865 criticos

834 2879 919 2911 haud
934 2881 1130 2922 acquievisse.
1176 2883 1264 2915 Hinc
1285 2884 1410 2916 macula
1430 2885 1560 2916 eluetur-
