1912 3292
347 165 438 206 152

853 159 913 206 Τ.
951 159 1330 208 LUCRETII

487 287 722 345 Tamquam
740 290 785 331 in
804 298 940 332 morte
957 291 1053 332 mali
1072 306 1167 333 cum
1186 293 1330 347 primis
1348 291 1428 334 hoc
1449 294 1499 334 sit
1518 308 1675 343 eorum,

372 367 455 403 930
487 361 615 411 Quod
636 364 720 404 sitis
740 372 889 406 exurat
909 365 1077 406 miseros
1096 373 1218 421 atque
1237 365 1353 406 arida
1371 374 1540 416 torreat,

487 437 577 478 Aut
594 437 684 478 aliae
705 438 850 493 quoius
869 439 1117 480 desiderium
1135 439 1309 481 insideat
1328 441 1400 482 rei.

485 510 574 553 Nec
595 511 669 553 sibi
689 513 799 553 enim
821 514 1037 570 quisquam
1056 521 1144 556 tum
1166 529 1208 555 se
1228 515 1433 571 vitamque
1453 516 1646 572 requiret,

342 668 364 684 “
374 666 571 699 eureus—?''
590 668 688 699 Multi
702 669 798 701 MSS,
810 670 892 706 libri,
903 673 1064 703 homullus.-

340 717 443 749 adhuc
458 724 563 750 tamen
578 720 696 751 diverse
713 721 903 760 Priscianus,
917 723 968 753 lib.
984 723 1027 754 iii.
1039 734 1067 763 p.

340 772 412 800 614.
436 769 490 799 ubi
516 769 603 799 locus
626 771 708 801 male
735 771 852 803 Plauto
875 774 1062 814 assignatur:

340 823 363 838 ‘⁸
380 820 500 856 Homo,
527 821 753 854 homunculus:
792 825 896 856 Plaut.
933 826 966 856 in
1000 827 1068 857 Ru-

339 873 362 888 “
377 870 485 900 dente:
514 873 708 904 Homunculi
728 876 838 915 quanti
866 877 948 914 estis,
978 878 1067 918 ejecti

337 924 360 939 “
376 927 412 951 ut
427 927 550 953 natant:
579 924 615 964 (i.
630 928 657 955 2.
673 925 741 965 65.)
760 925 886 958 Dicitur
901 934 1019 966 tamen,
1035 936 1066 960 et

337 976 360 991 “
375 973 557 1011 homuncio,
583 980 615 1005 ct
628 978 791 1016 homullus,
815 985 846 1008 et
859 975 1064 1012 homullulus.

338 1027 360 1042 “
378 1024 471 1055 Idem
492 1026 526 1056 in
548 1026 672 1057 eodem:
702 1029 901 1061 Homullulus
915 1036 947 1060 et
962 1041 1000 1061 ex
1015 1042 1064 1062 ar-

337 1077 360 1093 “
375 1075 451 1116 gilla
477 1083 508 1107 et
536 1087 574 1108 ex
604 1077 672 1109 luto
701 1079 820 1111 fictus.”
868 1081 1066 1113 Glossarium

338 1126 503 1159 Graecum:
545 1133 567 1147 “
591 1133 758 1171 Avdpmraor,
797 1135 947 1166 homullus
955 1136 985 1165 :'’
1023 1141 1063 1173 et,

336 1182 358 1197 ‘⁴
374 1182 572 1223 Avdpuffoepaov,
592 1183 992 1225 lzomzdlus.''—Caeterum‚
1009 1197 1064 1227 op-

332 1236 505 1270 portunum
518 1231 670 1263 Stratonis
679 1234 873 1275 epigramma
881 1235 1062 1274 adscribam,

333 1282 473 1314 Brunck.
496 1284 626 1316 analect.
652 1286 734 1328 epig.
760 1291 810 1319 96.
834 1293 869 1319 ut
884 1289 954 1321 mea
968 1291 1062 1330 operit

334 1335 532 1368 emendatius
546 1337 683 1379 legatur:

372 1424 424 1451 ltus
437 1433 475 1450 me
489 1435 533 1455 νυν,
546 1435 594 1451 και
605 1434 657 1460 spa,
676 1425 848 1462 Δαμοκριτες·
861 1438 876 1454 υ
888 1439 940 1465 γαρ
951 1439 973 1458 ες
987 1440 1033 1456 αιει

410 1471 523 1506 Πιομιθζ
537 1472 577 1499 υδ’
587 1483 633 1500 met
644 1483 718 1501 amum
731 1476 907 1509 συνισσομεθα·

372 1519 423 1544 Rau
434 1527 560 1552 στεφανως
571 1525 688 1554 meaux
699 1522 883 1556 πυκωσωμεθα,
895 1534 942 1550 κου
952 1535 1059 1561 μυρισω-

487 1576 542 1599 μεν,

405 1613 568 1641 ’ΔΥΤΟῙΣ
581 1626 634 1651 πριν
645 1614 749 1650 τυμέοις
761 1617 849 1644 τᾶυτα
861 1627 931 1655 φερειν
942 1619 1028 1656 ἔτεμες.

368 1663 417 1687 Nun
446 1663 520 1687 ΜΕΝ
542 1671 595 1695 epaon
617 1673 692 1690 πιιτω
713 1665 776 1699 μεθυ
797 1677 826 1692 το
855 1672 925 1694 ἵλεον
954 1668 1060 1696 οΣΤΕ’

487 1710 639 1735 ΕΝΔῙΝῙΑ’

406 1757 494 1791 Νεκρα,
503 1756 528 1782 δε
537 1755 683 1785 Aetnaeo-mv
691 1769 762 1786 αντα,
771 1766 983 1790 καταικλυσοιτω.

330 1830 508 1870 Perpendas
533 1834 641 1864 omnia
668 1834 844 1876 diligenter,
880 1844 911 1868 et
935 1841 1059 1879 opposi-

326 1880 428 1912 tiones
442 1883 533 1913 scitas
548 1883 759 1917 locutionum:
785 1898 849 1929 quo
862 1888 955 1926 facto,
970 1891 1058 1928 meis,

323 1938 380 1962 aut
391 1942 452 1973 ego
466 1933 567 1971 fallor,
583 1937 826 1969 correctionibus
839 1941 1020 1973 subscribes.

368 1982 444 2014 Ver.
463 1988 534 2016 928.
556 1997 669 2026 neque:
697 1993 732 2019 Δ.
755 2000 828 2026 nec;
853 1997 889 2021 ut
903 2002 984 2031 saepe
999 2004 1054 2024 co-

324 2033 384 2064 dex
399 2034 465 2065 iste.

369 2086 450 2119 Ibid.
475 2090 550 2120 Jam
565 2090 686 2130 fioeert'c.
729 2091 780 2123 Ita
796 2093 961 2135 Virgilius,
979 2097 1054 2128 AEn.

323 2137 355 2168 ii.
370 2140 444 2170 325.

509 2216 615 2247 suimus
626 2220 729 2251 Tro’es;
738 2221 797 2252 suit
811 2222 937 2249 Ilium—t

322 2269 466 2303 imitatus
482 2273 682 2315 Euripidem,
698 2278 812 2311 Troad.
829 2284 902 2312 581.

439 2350 499 2376 Auo.
541 2353 601 2387 Πριν
614 2353 671 2380 ero-r’
680 2356 788 2382 HMEN.

436 2398 494 2425 Ἐκ.
535 2398 644 2428 Βεζαικεν
659 2401 741 2433 okeos*
750 2403 847 2437 βεὲοικε
857 2409 949 2443 Tpouz.

323 2468 417 2501 Adsit
430 2471 526 2504 etiam
542 2473 702 2515 Tibullus,
722 2477 766 2508 iii.
783 2482 812 2510 5.
827 2483 879 2510 52.

381 2538 442 2564 Sive
451 2540 562 2572 erimus,
572 2548 618 2568 seu
629 2549 677 2568 nos
689 2544 753 2569 Fata
755 2545 842 2576 fuisse
852 2546 956 2573 volent.

365 2595 437 2628 Ver.
454 2602 528 2630 950.
551 2606 684 2634 torreat:
711 2603 748 2634 P.
764 2604 862 2635 Vind.
884 2606 924 2637 V.
941 2606 988 2638 ed.
1012 2607 1049 2639 B.

321 2645 361 2675 Ο.
379 2652 415 2677 Δ.
443 2655 483 2679 Π.
500 2655 535 2683 Σ.
559 2658 674 2691 εστι-αι,-
697 2654 747 2686 vel
774 2655 814 2686 de
840 2663 941 2688 metro
962 2659 1050 2689 vanis

317 2696 484 2729 timoribus
499 2703 586 2739 moti,
601 2704 651 2735 vel
665 2706 799 2737 celerem
814 2708 970 2740 vocalium
984 2710 1048 2740 col-

316 2746 557 2789 liquefactamm
573 2758 866 2794 pronunciationem
876 2761 1050 2801 exprimere

316 2799 467 2859 volentes:
486 2805 615 2845 quidem
625 2810 748 2844 codices
762 2812 824 2852 Pii,
839 2820 871 2846 et
887 2820 933 2846 Ω..
953 2822 1048 2852 terrm

318 2860 449 2886 ommno
463 2854 581 2889 vitiose.

1156 680 1237 711 Ibid.
1259 682 1326 711 sitis
1340 686 1448 711 exurat
1461 686 1552 720 atque
1566 686 1697 711 torreat:
1722 684 1758 710 ut
1770 685 1831 711 lor-

1111 742 1176 762 rere
1202 737 1295 772 atque
1316 743 1413 767 urere,
1436 742 1462 762 v.
1489 735 1560 763 900.
1597 731 1699 761 nihilo
1727 731 1833 762 miuus

1111 782 1282 824 legendum
1297 783 1389 813 forte:

1142 853 1221 884 Quod
1232 853 1288 877 sitis
1298 856 1397 878 exurat
1408 853 1518 879 miseros
1527 855 1610 884 atque
1619 853 1692 878 arida
1707 856 1830 887 eor-queat.

1113 911 1205 942 Certe
1216 923 1280 943 non
1294 913 1385 944 aliter
1401 913 1524 949 Statim,
1540 913 1638 944 Theb.
1654 914 1693 944 iv.
1709 916 1783 945 724.
1804 914 1847 945 et‘

1109 973 1198 994 voces
1218 971 1315 996 torreo
1336 976 1372 996 ac
1395 972 1517 1006 torqueo
1543 971 1778 999 commutantur
1798 966 1831 996 in

1109 1014 1247 1054 Propert.
1263 1015 1306 1046 iii.
1330 1019 1359 1046 4.
1374 1020 1425 1049 39.
1449 1017 1503 1048 Sil.
1528 1018 1566 1048 It.
1590 1018 1610 1048 i.
1626 1021 1697 1050 194.
1720 1024 1752 1050 et
1773 1018 1830 1049 ali-

1107 1066 1179 1096 cubi
1208 1067 1242 1096 in
1271 1067 1410 1098 Lucano.
1456 1069 1508 1099 Sic
1529 1074 1635 1100 autem
1657 1080 1690 1100 se
1717 1070 1834 1101 habent

1109 1127 1213 1148 versus
1228 1118 1412 1158 Papiniani:

1139 1201 1208 1233 Ergo
1220 1207 1269 1226 nec
1279 1201 1404 1227 ardentes
1415 1201 1523 1235 clypeos
1534 1205 1653 1233 vectare,
1668 1210 1717 1228 nec
1727 1206 1802 1229 artos

1138 1240 1296 1265 Thon-acum
1308 1248 1406 1271 nexus,
1417 1245 1525 1267 tantum
1536 1242 1590 1267 sitis
1599 1242 1676 1268 arida
1686 1246 1781 1276 torquet
1788 1247 1799 1269 .'

1137 1280 1316 1305 Sufficiunt—.

1108 1352 1160 1382 Ita
1174 1353 1392 1394 castigandum
1414 1365 1482 1386 esse
1503 1355 1608 1387 locum
1629 1356 1769 1394 arbitror,
1792 1368 1831 1389 ex

1105 1403 1263 1435 Lucretio.

1109 1455 1216 1497 Vulgo
1229 1456 1352 1497 legitur,
1377 1460 1513 1490 horrida.
1555 1459 1632 1491 Jam
1652 1470 1724 1491 vero
1738 1463 1832 1492 verba

1106 1514 1238 1548 cognata
1247 1509 1383 1540 vidimus
1393 1511 1523 1541 confusa
1537 1511 1579 1542 ad
1592 1511 1613 1542 i.
1631 1514 1702 1544 175.
1719 1519 1752 1544 et
1760 1516 1829 1545 sitis

1103 1562 1195 1591 arida
1221 1561 1337 1602 legitur
1360 1561 1394 1591 in
1422 1561 1514 1593 Ovid.
1540 1569 1614 1594 met.
1637 1565 1677 1595 xi.
1701 1567 1772 1597 129.
1795 1565 1830 1597 in

1108 1612 1236 1643 Anthol.
1259 1613 1328 1644 Lat.
1343 1614 1382 1645 iv.
1401 1617 1448 1646 11.
1465 1618 1494 1645 2.
1509 1614 1551 1645 iii.
1568 1619 1618 1647 62.
1637 1619 1686 1648 15.
1710 1618 1766 1649 ubi
1786 1619 1831 1650 sic

1103 1665 1326 1705 rescripserim:

1167 1739 1223 1764 Illic
1233 1740 1303 1765 inter
1313 1747 1394 1772 aquas
1405 1741 1457 1766 urit
1467 1741 1521 1766 sitis
1530 1743 1606 1767 arida
1615 1743 1721 1769 fauces:

1197 1780 1246 1805 Hic
1257 1780 1304 1805 dat
1315 1784 1405 1813 sponsa
1414 1789 1459 1806 suo
1470 1782 1540 1807 basia
1548 1783 1616 1808 mille
1626 1784 1695 1809 viro.

1105 1842 1245 1874 Alterius
1259 1844 1423 1875 medicinae
1447 1845 1595 1878 Tibullus
1608 1847 1738 1890 indIget,
1760 1849 1780 1881 i.
1795 1853 1825 1881 4.

1103 1895 1153 1922 42.

1193 1951 1227 1975 Et
1237 1951 1308 1975 canis
1319 1952 1403 1976 arenti
1413 1955 1514 1978 torreat
1522 1960 1587 1978 arva
1596 1953 1656 1979 siti:

1097 2006 1173 2037 illuc
1188 2008 1272 2038 enim
1288 2009 1395 2048 reponi
1417 2010 1509 2041 debet
1533 2013 1677 2048 horrenti,
1702 2019 1825 2052 propter

1098 2070 1173 2090 arva
1195 2060 1324 2090 scilicet:
1350 2061 1457 2092 confer
1474 2062 1561 2104 Virg.
1583 2073 1651 2104 geo.
1667 2064 1687 2095 i.
1702 2068 1753 2096 66.
1773 2067 1824 2096 72.

1097 2110 1130 2141 ii,
1145 2115 1217 2142 355.
1232 2112 1275 2143 iii.
1293 2116 1363 2144 161.
1409 2114 1558 2151 Rutilius,
1575 2115 1642 2147 itin.
1658 2116 1679 2147 i.
1698 2120 1770 2148 482.

1128 2189 1187 2219 Ast,
1196 2189 1243 2214 ubi
1255 2189 1398 2222 flagrantes
1408 2192 1530 2217 admovit
1541 2193 1620 2218 Sirius
1629 2193 1718 2226 ignes,

1161 2230 1231 2254 Cum
1243 2230 1344 2262 pallent
1356 2231 1459 2262 herbae,
1470 2239 1534 2257 cum
1545 2233 1598 2258 sitit
1609 2234 1696 2259 omnis
1705 2241 1778 2267 ager,

1127 2269 1214 2298 Tum,
1221 2274 1419 2295 cataractarum
1427 2272 1547 2297 claustris
1555 2273 1710 2298 excluditur
1717 2279 1824 2306 aequor,

1159 2309 1198 2332 Ut
1208 2308 1279 2334 fixos
1289 2309 1380 2335 latices
1390 2310 1492 2335 horrida
1502 2311 1582 2337 duret
1591 2313 1692 2338 humus.

1099 2371 1152 2402 Ad
1162 2383 1257 2413 quem
1267 2373 1374 2404 locum
1389 2374 1628 2415 incogitantiam
1642 2377 1822 2408 Burmanni

1096 2423 1170 2454 satis
1184 2423 1292 2455 mirari
1307 2435 1437 2466 nequeo,
1457 2427 1628 2466 repositum
1645 2427 1748 2458 euntis
1761 2434 1824 2459 tor·-

1095 2478 1184 2507 rz‘da:
1209 2487 1286 2518 quas
1310 2478 1462 2509 dictiones
1483 2485 1591 2510 tamen
1612 2490 1677 2510 non
1699 2481 1726 2512 is
1739 2491 1823 2519 sum,

1095 2529 1148 2568 qui
1174 2539 1288 2570 negem
1314 2530 1478 2571 aliquoties
1499 2537 1720 2564 conunutatas:
1752 2532 1823 2563 vide

1093 2579 1192 2610 varias
1216 2580 1365 2612 lectiones
1379 2581 1419 2612 ad
1444 2582 1564 2613 Lucan.
1585 2583 1624 2614 iv.
1648 2587 1722 2629 259.
1764 2583 1818 2614 Ad

1093 2629 1304 2670 Propertium,
1324 2634 1365 2663 iv.
1384 2637 1412 2665 9.
1428 2637 1479 2665 21.

1286 2700 1357 2726 sicco
1367 2704 1444 2726 torret
1451 2701 1507 2726 sitis
1519 2707 1566 2727 ora
1576 2701 1681 2734 palato:

1093 2760 1186 2792 multi
1218 2761 1298 2797 libri,
1327 2768 1461 2803 torquet,·
1497 2761 1551 2792 sed
1579 2767 1704 2800 recepta
1728 2760 1821 2792 lectio

1093 2812 1181 2844 nulla
1194 2812 1234 2844 de
1249 2813 1357 2844 caussa
1371 2814 1404 2844 in
1419 2815 1478 2845 hoc
1500 2813 1611 2845 saltem
1635 2813 1695 2844 loci
1717 2813 1820 2844 solici-

1092 2865 1152 2897 tari
1166 2865 1267 2898 debet.
1313 2865 1335 2898 J
1339 2864 1478 2898 uvenalis
1492 2865 1591 2898 codex
1606 2865 1679 2899 MS.
1705 2865 1820 2897 Canta-

1078 2928 1098 2937 ,-

1075 2937 1095 2954 0
