1912 3292
466 249 700 300 LIBER
741 243 1120 303 QUARTUS.
1451 250 1546 293 269

200 388 291 430 Nec
309 389 477 442 possunt
496 379 626 421 oculei
645 383 837 418 naturam
855 388 1024 415 noscere
1044 387 1192 414 rerum.

202 459 396 507 Proinde,
419 453 545 496 animi
564 452 709 493 vitium
728 449 844 490 hocc’
865 447 990 489 oculis
1010 446 1220 503 adfingere
1238 446 1336 488 noli.

260 532 353 581 Qua
374 529 560 570 vehimur
580 525 690 575 navi,
711 524 855 572 fertur,
877 535 1004 577 quom
1023 527 1130 561 stare
1149 520 1332 571 videtur;

202 609 310 657 Quae
329 610 468 645 manet
487 604 530 643 in
551 601 738 649 statione,
760 613 808 639 ea
826 603 978 652 praeter
998 595 1178 636 creditur
1197 595 1273 635 ire:

89 689 170 726 390
201 682 257 723 Et
276 679 416 736 fugere
436 677 489 718 ad
508 675 682 731 puppim
702 672 838 722 colles,
860 670 1115 726 campeique‚
1138 668 1342 719 videntur,

202 755 320 803 Quos
340 753 498 809 agimus
519 757 671 805 praeter
691 761 853 796 navem,
875 745 1052 800 velisque
1072 742 1266 784 volamus.

259 827 404 869 Sidera
423 839 592 874 cessare,
615 822 793 864 aetheriis
813 819 954 861 adfixa
973 817 1171 867 cavernis,

203 902 367 944 Cuncta
387 899 578 942 videntur
585 916 598 948 3
630 904 671 938 et
691 895 864 938 adsiduo
884 899 980 935 sunt
998 891 1139 934 omnia
1157 897 1292 940 motu;

55 1081 107 1110 28.
130 1079 153 1095 “
170 1075 258 1112 Quid
271 1074 332 1106 ita?
356 1074 429 1115 quia
450 1073 525 1104 huic
548 1071 656 1113 generi
678 1069 780 1101 malo·
823 1068 895 1098 tivae
909 1064 1114 1105 simplicitatis
1128 1066 1323 1094 venustatem
1336 1059 1466 1102 Virgilii
1480 1060 1550 1093 loco

58 1133 80 1149 “
96 1140 169 1160 rum
197 1138 262 1158 non
288 1128 428 1168 affigitur
458 1125 512 1155 illa
537 1122 683 1164 opinio:”
706 1132 781 1152 nam

56 1181 141 1211 idem
156 1180 241 1211 color
260 1184 306 1209 est
329 1177 484 1209 orationis.
531 1175 564 1206 Si
586 1175 625 1206 de
646 1172 779 1204 Arnobii

55 1233 189 1264 lectione
213 1242 262 1262 res
287 1237 366 1262 esset
391 1229 432 1261 ad
450 1228 607 1269 liquidum
622 1226 779 1266 perducta,

55 1285 90 1315 in
104 1290 196 1324 portu
211 1283 372 1323 navigaret
386 1286 508 1319 recepta
523 1278 663 1310 Lucretii
684 1276 778 1315 scrip-

56 1342 138 1374 tura,
164 1335 216 1365 lib.
232 1335 252 1364 i.
274 1345 304 1372 p.
321 1337 370 1364 15.
395 1336 417 1351 “
434 1335 493 1367 Ac,
520 1341 560 1360 ne
574 1329 644 1370 quis
660 1338 716 1358 nos
731 1333 777 1357 ta-

56 1391 80 1406 “
95 1397 182 1423 men,
197 1384 374 1415 diffidentia
389 1381 605 1422 responsionis,
627 1379 778 1419 tranquil-

53 1441 77 1457 “
94 1437 190 1468 litatis
204 1436 360 1466 existimet
374 1435 448 1465 deos
461 1434 577 1463 donare
588 1430 780 1465 muneribus,

55 1495 78 1512 “
93 1490 237 1522 innoxias
250 1491 397 1531 affingere
411 1488 461 1518 his
475 1492 604 1521 mentes,
628 1489 721 1524 atque
742 1484 781 1513 ab

54 1551 80 1567 “
94 1547 183 1578 omni
211 1545 443 1585 perturbatione
465 1540 672 1574 dimotas—.’'
721 1539 782 1570 Sed

54 1600 90 1630 in
117 1598 276 1630 nonnullis
304 1596 456 1636 exemplis
484 1594 626 1625 scribitur
648 1591 781 1631 affigere.

58 1650 161 1686 Idem,
177 1650 229 1680 lib.
245 1649 284 1679 vi.
298 1648 368 1678 init.
382 1658 414 1687 p.
433 1651 501 1678 189.
526 1648 548 1664 “
567 1645 607 1675 In
621 1645 679 1674 hac
694 1643 780 1672 enim

56 1705 81 1722 ‘⁶
96 1701 266 1732 consuestis
280 1705 366 1739 parte
374 1699 493 1728 crimen
504 1696 594 1727 nobis
604 1694 781 1725 maximum

60 1756 84 1772 ‘⁶
99 1753 265 1793 impietatis
278 1749 479 1792 affige⁷·e-.’‘
514 1747 580 1783 Qui
595 1747 682 1777 locus
695 1755 780 1775 sum-

62 1816 115 1837 me
129 1805 339 1844 tempestivus,
363 1803 419 1833 sed
439 1802 492 1832 hic
504 1811 627 1842 quoque
641 1797 785 1829 similiter

59 1857 130 1888 libri
145 1856 306 1887 fluctuant.
349 1854 467 1889 Livius,
494 1853 575 1882 xxiv.
589 1855 621 1882 5.
640 1854 667 1882 7.
691 1854 714 1868 “
731 1850 781 1880 Ac

57 1911 81 1927 “
96 1907 247 1938 miracula
261 1907 366 1947 aliqua
379 1906 583 1948 affinguntur
598 1902 782 1942 plerumque

59 1962 81 1978 “
98 1965 165 1988 tam
203 1958 379 1998 insignibus
414 1955 521 1986 locis.”
567 1954 633 1985 Ubi
661 1953 782 1984 codices

56 2010 152 2040 etiam
165 2010 366 2049 effinguntur,
380 2010 589 2046 attinguntur,
604 2010 635 2035 et
648 2005 782 2044 affigun-

55 2069 118 2098 tur,
140 2062 265 2091 habent.
308 2060 426 2090 Videas
441 2058 581 2099 ejusdem
595 2055 784 2087 limatissimi

58 2112 214 2153 scriptoris
229 2111 380 2142 editorem
397 2110 438 2141 ad
452 2109 555 2140 xxxiv.
565 2111 617 2139 57.
628 2110 727 2138 3.-—“
740 2107 784 2136 Et

59 2167 82 2183 “
98 2164 239 2205 graviora
253 2169 346 2204 atque
360 2161 538 2202 indigniora
558 2159 703 2200 quaedam
725 2160 782 2188 ad-

60 2215 307 2257 “finoeisset—.’'
352 2214 508 2254 Denique,
524 2221 624 2253 quum
638 2212 784 2251 affingere

57 2268 200 2298 videatur
234 2266 314 2296 velle
349 2267 538 2297 comminisci
573 2263 784 2302 potissimum,

58 2319 183 2359 qffigere
198 2323 305 2348 autem
319 2317 418 2347 valeat
440 2319 603 2356 imputare,
625 2315 784 2350 ascribere,

60 2371 237 2406 attribuere,
249 2369 303 2409 qui
319 2378 427 2398 sensus
441 2377 533 2407 scopo
543 2365 682 2397 Lucretii
697 2375 784 2394 max-

62 2421 127 2450 ime
142 2419 306 2459 competit3
330 2419 368 2449 de
387 2418 551 2455 sententia,
576 2427 672 2459 quam
693 2416 786 2446 dede-

61 2472 136 2509 rim,
163 2481 229 2501 non
251 2470 417 2507 discedam,
443 2470 541 2501 donec
561 2469 642 2500 docti
657 2469 786 2499 certiora

59 2522 205 2564 quaedam
218 2522 444 2561 impertientur.

103 2583 179 2614 Ver.
197 2586 270 2613 588.
294 2595 394 2624 quom,
409 2583 458 2613 vel
473 2594 554 2614 cum:
582 2586 616 2614 Σ.
639 2587 752 2618 tamem,-
769 2592 785 2612 c

62 2646 177 2676 nempe
191 2647 265 2667 cum
276 2643 289 2667 t
298 2636 333 2667 in
347 2637 505 2676 scripturae
519 2636 705 2676 compendio
716 2646 786 2666 mu-

61 2687 140 2719 tata:
166 2686 202 2719 τῖι
218 2694 249 2718 et
263 2690 310 2718 cu.

106 2749 182 2780 Ver.
196 2753 270 2781 589.
293 2751 385 2785 Quae:
410 2749 446 2780 P.
462 2749 504 2779 V.
519 2748 566 2779 ed.
583 2748 620 2778 B.
637 2753 678 2778 Π.
695 2748 787 2784 Haec,-

64 2802 102 2830 Δ.
123 2801 340 2832 Vel.-manet:
361 2801 400 2831 Ο.
418 2807 457 2831 Π.
468 2805 735 2840 movet.—-praeter.·
751 2798 787 2828 B.

16 2853 22 2857 ⁴
57 2857 184 2890 propter
194 2865 204 2882 :
221 2851 292 2882 vide
306 2851 346 2883 ad
361 2851 392 2882 ii.
408 2855 480 2883 689.

101 2913 184 2946 Ibid.
209 2914 291 2947 Haec
303 2914 453 2947 naturalis
464 2914 580 2954 species
591 2913 726 2945 multam
734 2922 789 2943 nae

824 1118 950 1158 peperit,
968 1117 1043 1147 AEn.
1058 1115 1101 1146 1ii.
1119 1117 1168 1146 72.

838 1175 1012 1201 Provehimur
1023 1176 1121 1205 portu:
1138 1175 1271 1204 terraeque,
1282 1169 1411 1202 urbesque,
1421 1170 1550 1195 recedunt.

829 1228 946 1261 Cicero,
980 1224 1078 1255 Acad.
1104 1224 1135 1254 ii.
1157 1226 1208 1255 25.
1232 1226 1254 1241 “
1272 1222 1410 1252 Videsne
1439 1231 1554 1251 navem

824 1282 847 1297 “
861 1275 972 1308 illam?
991 1279 1014 1294 “
1033 1275 1121 1305 Stare
1135 1273 1225 1304 nobis
1235 1273 1369 1310 videtur,
1385 1279 1417 1302 at
1431 1272 1480 1310 iis,
1497 1271 1552 1312 qui

824 1334 847 1350 “
863 1329 896 1359 in
912 1327 982 1358 navi
1000 1332 1081 1362 sunt,
1103 1325 1221 1356 moveri
1237 1327 1303 1355 haec
1318 1323 1421 1354 villa.”

867 1381 941 1410 Ver.
956 1381 1028 1410 591.
1051 1388 1169 1408 navem:
1197 1376 1240 1406 sie
1256 1376 1291 1406 P.
1309 1376 1352 1405 V.
1374 1373 1421 1404 ed.
1443 1373 1481 1404 L.
1497 1374 1549 1404 M.

827 1432 866 1462 0.
885 1438 929 1462 Ω.
946 1429 1051 1470 vulg0‚
1074 1430 1192 1459 navim.-
1217 1426 1286 1456 vide
1310 1425 1496 1463 Heinsium,
1512 1423 1554 1454 ad

824 1483 915 1523 Virg.
931 1483 1006 1512 AEn.
1021 1481 1040 1511 i.
1061 1483 1131 1511 l20.
1147 1481 1185 1510 B.
1199 1481 1301 1510 navis:
1325 1478 1345 1508 i.
1362 1488 1387 1508 e.
1403 1477 1519 1508 naveis.

869 1538 952 1569 Ibid.
975 1538 1106 1577 velisque
1120 1537 1263 1567 volamus.
1308 1532 1399 1563 Hinc
1420 1530 1552 1571 sumpsit

824 1601 881 1621 sua
896 1588 1061 1629 Virgilius,
1077 1588 1153 1618 AEn.
1169 1586 1212 1616 iii.
1230 1588 1303 1615 124.

857 1656 1019 1688 Linquimus
1027 1653 1150 1685 Ortygiae
1161 1655 1265 1684 portus,
1273 1650 1409 1683 pelagoque
1419 1649 1552 1674 volamus.

825 1717 870 1746 Et
885 1726 960 1746 cum
975 1720 1088 1745 ornatu
1105 1712 1224 1753 majore
1245 1711 1409 1742 notionem
1424 1709 1476 1739 ille
1500 1718 1554 1740 ex-

826 1767 900 1797 tulit
913 1765 987 1796 ibid.
1003 1774 1062 1795 ver.
1078 1767 1151 1795 520.

857 1835 1065 1864 Tentamusque
1073 1832 1157 1862 viam,
1168 1834 1195 1856 et
1206 1830 1326 1855 velorum
1335 1829 1478 1861 pandimus
1488 1827 1555 1853 alas.

870 1892 943 1922 Ver.
958 1895 1031 1923 392.
1046 1891 1193 1922 aeclzerz'z‘s:
1209 1890 1246 1920 B.
1257 1887 1552 1928 eveheris—adfixa.-

830 1948 865 1974 Δ.
882 1943 998 1983 affissa5
1015 1942 1054 1972 de
1069 1951 1132 1981 quo
1146 1945 1272 1980 peccato
1287 1938 1468 1974 scribarum,
1486 1936 1556 1967 vide

827 1993 1132 2028 Drakenborchium‚
1159 1992 1201 2022 ad
1223 1991 1291 2021 Liv.
1314 1990 1351 2019 vi.
1374 1993 1425 2019 52.
1450 1992 1498 2019 lo.
1523 1993 1555 2018 et

826 2046 908 2077 alibi.
955 2046 1006 2075 Sic
1029 2045 1064 2074 in
1093 2043 1221 2074 Gruteri
1242 2041 1391 2080 inscriptt.
1421 2051 1452 2079 p.
1477 2043 1552 2071 298.

826 2099 1062 2128 habemusz-“
1079 2095 1200 2136 injussu
1236 2093 1303 2133 ejus
1338 2091 1446 2132 praelio
1481 2101 1552 2121 con-

827 2146 1031 2191 “flz'ssissee.”

871 2200 949 2230 Ver.
964 2202 1038 2230 592.
1060 2198 1194 2228 aetherz'z's
1209 2197 1364 2227 cavernis:
1388 2193 1494 2224 redeas
1514 2192 1555 2224 ad

829 2261 890 2281 ver.
909 2253 978 2281 172.
1003 2248 1053 2279 Sic
1070 2247 1234 2283 Manilius,
1252 2247 1273 2277 i.
1289 2250 1360 2277 202.

890 2332 934 2354 Est
944 2329 1027 2361 igitur
1037 2328 1116 2355 tenus
1125 2328 1243 2354 mediam
1254 2327 1348 2352 sortita
1357 2332 1500 2351 cavernam

890 2369 978 2394 Aeris:

830 2451 925 2481 quem
939 2440 1045 2470 locum
1060 2440 1160 2470 Faber
1173 2438 1268 2469 etiam
1282 2435 1423 2475 superius
1445 2434 1551 2465 admo-

828 2493 882 2523 vit.
930 2492 1039 2522 Cicero
1054 2492 1087 2522 in
1101 2490 1276 2527 consulatu,
1296 2488 1335 2518 de
1350 2487 1443 2518 divin.
1459 2487 1480 2517 i.
1503 2490 1551 2517 11.

860 2560 971 2585 AEtheris
980 2560 1079 2585 aeterni
1089 2563 1176 2591 saepta
1186 2561 1268 2589 atque
1277 2556 1378 2582 inclusa
1387 2554 1519 2580 cavernis.

835 2618 1011 2658 Oppianus,
1023 2628 1131 2659 cyneg.
1144 2618 1165 2648 i.
1182 2620 1253 2648 281.

870 2698 970 2722 szom
981 2706 1060 2730 ταιχοι
1068 2705 1145 2729 μενος
1156 2703 1259 2721 εναντιον
1267 2692 1398 2727 ισοῳαιριξοι

873 2744 960 2773 Acen-05
972 2743 1189 2769 ΑΙΘΕΡΙΟῙΣΙΝ
1201 2740 1293 2767 &meum
1303 2737 1511 2765 r’fAA0121N:

831 2810 886 2840 ubi
895 2809 1047 2841 videndus
1059 2810 1111 2840 De
1120 2808 1225 2845 Ballu,
1236 2805 1461 2838 Schneiderum
1473 2810 1554 2835 recte

834 2861 993 2901 sugillans.
1037 2863 1084 2892 AE
1087 2862 1179 2892 theris
1202 2862 1315 2890 viscera
1332 2857 1474 2888 Avienus
1496 2866 1554 2886 no-

835 2913 948 2954 minat,
971 2913 1060 2945 Atat.
1074 2916 1124 2944 44.
1146 2912 1189 2944 ita
1202 2910 1458 2953 distinguendus;
1480 2918 1553 2939 nam
