1912 3292
857 173 917 222 T.
971 173 1352 223 LUCRETII

497 305 737 360 Propterea,
758 306 868 362 quia,
894 306 947 347 de
967 306 1118 362 speculi
1137 306 1218 363 qua
1238 314 1355 362 parte
1375 307 1556 358 recedas,

497 379 709 421 Continuo
729 388 934 436 nequeant
952 380 1062 422 illinc
1082 380 1297 422 simulacra
1316 382 1487 422 revorti:

495 452 651 494 Omnia
669 453 1005 511 quandoquidem
1025 455 1137 512 cogit
1156 462 1306 496 natura
1324 455 1481 505 referri,

495 527 560 568 Ac
578 527 731 569 resilire
749 528 802 570 ab
821 528 957 578 rebus,
979 528 1033 569 ad
1060 543 1200 584 aequos
1220 528 1380 570 reddita
1398 529 1543 570 flexus.

381 604 461 642 325

552 601 776 656 Splendida
794 617 921 657 porro
941 602 1071 643 oculei
1089 602 1281 659 fugitant,
1303 604 1513 659 vitantque
1536 604 1659 654 tueri;

494 675 565 716 Sol
584 675 708 716 etiam
728 683 870 724 caecat,
891 684 1037 716 contra
1055 676 1089 716 si
1109 676 1277 717 tendere
1296 692 1457 734 pergas:

491 747 732 802 Propterea,
753 747 849 802 quia
868 748 928 788 vis
947 761 1100 805 magna
1118 758 1179 790 est
1196 749 1337 805 ipsius,
1360 759 1401 793 et
1419 751 1498 793 alte

351 911 483 944 quarum
498 902 654 941 pauculas,
682 903 716 933 in
742 904 866 935 lectoris
889 905 983 945 lepidi
1003 916 1074 947 gra-

349 955 438 993 tiam,
455 968 480 986 εν
496 954 606 996 παροδῳ
621 954 852 994 depromemus.

350 1006 498 1037 Primum
526 1006 657 1037 nebulas
691 1006 871 1046 discutiam,
908 1008 1077 1040 editoribus

349 1056 476 1096 offusas,
499 1063 565 1088 tarn
580 1057 634 1099 qui
649 1064 829 1098 corruptum
849 1059 954 1090 locum
971 1059 1076 1090 existi-

348 1109 512 1147 maverint,
536 1115 602 1139 tam
617 1108 672 1150 qui
691 1109 856 1148 sinceram,
879 1110 920 1141 ad
939 1111 977 1147 Q.
996 1111 1076 1142 Cur·

347 1160 439 1196 tium,
461 1160 500 1191 iv.
519 1164 569 1191 15.
585 1164 615 1192 6.
640 1164 663 1179 “
679 1161 815 1200 Deinde,
831 1168 952 1192 tantam
967 1162 1074 1193 multi-

349 1212 531 1243 “tudinem
546 1213 758 1255 circumfundi
780 1214 978 1254 paucioribus
1003 1226 1074 1254 pos-

349 1266 372 1281 “
387 1263 460 1294 se:'’
483 1263 503 1294 i.
518 1274 545 1295 e.
569 1274 658 1303 posse
679 1276 709 1296 se
731 1266 977 1307 circumfundere
996 1278 1074 1307 pau-

349 1315 491 1351 cior-ibus,
514 1321 545 1346 et
559 1316 695 1347 inclusos
710 1318 878 1349 continere.
925 1319 1010 1355 Quid
1027 1320 1074 1351 fa.

349 1365 459 1398 cilius?
491 1367 568 1407 quid
590 1368 744 1407 apertius?
777 1369 853 1410 quid
879 1370 1074 1411 elegantius?

349 1418 414 1448 Ubi
439 1418 566 1459 passivae
590 1420 674 1451 vocis
688 1427 822 1460 potestas
847 1432 974 1453 sensum
1000 1423 1075 1455 effe·

349 1470 451 1508 cissct,
473 1471 573 1502 menti
595 1473 751 1512 scriptoris
775 1483 814 1504 ex
833 1474 986 1506 diametro
1000 1486 1075 1506 con-

350 1521 491 1552 trarium.
525 1522 669 1563 Hujusoe
685 1523 729 1554 rei
745 1525 900 1565 ignoratio
917 1527 952 1557 C.
970 1527 1077 1567 Nepo-

349 1576 413 1601 tem
438 1573 610 1604 invenustis
633 1576 874 1607 correctionibus
899 1578 1021 1608 vexavit
1042 1579 1076 1609 in

351 1622 469 1661 Dione,
495 1624 516 1654 i.
540 1627 569 1655 2.
593 1628 615 1643 “
633 1625 674 1655 ln
698 1626 747 1656 his
771 1627 935 1667 ingenium
964 1629 1076 1667 docile,

352 1676 375 1692 “
390 1683 492 1712 come,
515 1681 625 1714 aptum
646 1676 687 1706 ad
709 1683 789 1707 artes
810 1679 957 1717 optimas:
988 1690 1077 1721 mag-

350 1727 372 1742 “
389 1734 464 1754 nam
478 1726 615 1765 corporis
631 1727 827 1768 dignitatem,
851 1741 922 1771 quae
937 1741 1002 1762 non
1017 1733 1077 1763 mi-

349 1778 373 1793 “
389 1776 514 1807 nimum
539 1781 813 1811 commendatur.·''
841 1782 861 1813 i.
876 1793 904 1813 e.
936 1794 966 1815 se
994 1795 1073 1816 com-

347 1830 488 1865 memini,-
511 1839 582 1869 quae
607 1830 724 1861 scilicet
749 1842 899 1874 magnam
925 1836 973 1866 sui
987 1846 1074 1868 com-

347 1879 582 1911 mendationem
609 1892 673 1921 prae
697 1894 730 1914 se
756 1884 829 1915 fert:
859 1886 930 1918 vide
956 1898 1023 1926 nos,
1047 1900 1074 1921 v.

347 1934 420 1962 859.
459 1932 507 1962 M.
537 1933 663 1964 Tullius
698 1937 738 1966 ab
767 1937 918 1977 imperitis
945 1940 1075 1971 medicis

345 1991 453 2021 passus
475 1989 521 2013 est
545 1984 668 2021 similia,
695 1986 736 2017 ad
751 1987 844 2019 Tusc.
861 1989 960 2030 dispp.
976 1991 1008 2022 ii.
1024 1996 1073 2023 21.

345 2037 414 2057 ——“
430 2034 528 2075 eriget
541 2035 606 2074 ipse
628 2047 661 2067 se
678 2039 843 2080 (sapiens),
865 2045 1072 2081 suscitabitur,

345 2088 369 2103 “
385 2085 526 2123 instruet,
550 2089 755 2120 armabit—.''
785 2092 924 2128 Quidam
938 2095 1072 2134 codices,

344 2139 500 2168 suscitabit
506 2152 518 2173 ,·
544 2139 627 2179 quod
643 2140 716 2171 viris
731 2142 829 2173 doctis
844 2155 908 2175 non
924 2145 1073 2177 debuerat

343 2188 476 2228 placere,
502 2191 604 2222 multo
630 2194 730 2234 magis
755 2195 848 2226 affine
874 2197 1072 2230 librariorum

344 2241 582 2279 importunitati,
601 2254 695 2284 quarn
710 2245 807 2277 altera
821 2249 980 2288 scriptura.
1026 2252 1070 2282 E-

343 2293 495 2325 ditoribus
510 2297 725 2330 miserabiliter
741 2303 955 2342 aestuantibus,
976 2310 1007 2335 et
1022 2306 1070 2335 ni-

343 2345 388 2375 hil
414 2347 564 2378 extricare
589 2355 695 2380 tamen
725 2351 906 2389 valentibus,
938 2355 1071 2395 opitule-

344 2406 428 2434 mur,
451 2397 492 2428 ad
507 2399 647 2437 Florum,
664 2401 707 2431 iii.
724 2406 773 2433 22.
791 2407 820 2434 2.
867 2405 919 2435 De
936 2406 1071 2438 Sertorio

345 2447 483 2488 loquitur
503 2450 683 2483 historicus:
713 2457 735 2472 “
752 2454 853 2485 Exsul
875 2463 906 2486 et
919 2459 1072 2499 profugus

345 2502 367 2517 “
384 2499 489 2530 feralis
513 2501 598 2532 illius
623 2504 748 2543 tabulae,
775 2506 820 2536 vir
845 2518 977 2539 summae
1001 2511 1070 2551 qui-

347 2553 369 2568 “
386 2549 469 2589 dem,
508 2552 563 2583 sed
593 2554 792 2595 calamitosae,
830 2559 951 2590 virtutis
980 2561 1072 2592 malis

345 2603 447 2633 “suis
462 2605 560 2635 maria
570 2612 727 2649 terrasque
741 2610 939 2650 permiscuit;
961 2618 994 2643 et
1003 2613 1072 2653 jam

346 2656 368 2671 “
386 2654 510 2695 Afric-ti,
533 2657 601 2698 jam
618 2659 800 2692 Balearibus
825 2662 945 2701 insulis,
971 2665 1071 2696 fortu-

346 2707 369 2722 “
385 2715 459 2736 nam
479 2715 633 2748 expertus,
655 2713 826 2754 missusque
848 2714 881 2744 in
903 2725 1071 2755 oceanum,

347 2759 370 2774 “
386 2756 570 2791 Fortunatas
585 2762 701 2793 insulas
715 2766 918 2803 penetravit.”
953 2767 1070 2809 Vulg0‚

347 2807 484 2847 Africoe;
519 2821 688 2851 perperam.
736 2817 852 2848 Allissus
881 2824 999 2857 autem,
1031 2829 1068 2850 ει·

346 2868 530 2901 ΜιττεΝε,
557 2863 604 2894 vel
628 2867 803 2907 prqjice'cm.
848 2869 937 2900 Nihil
958 2871 1072 2902 certius

1118 906 1153 937 in
1167 907 1311 937 omnium
1322 907 1506 938 certissimis.
1531 907 1742 939 Politissimus
1750 908 1845 948 scrip-

1119 962 1167 986 tor
1181 957 1215 986 in
1229 957 1336 987 animo
1347 958 1456 988 habuit
1465 959 1682 999 pervulgatum
1691 959 1846 990 distichon

1119 1007 1324 1048 Theognidis,
1339 1010 1376 1039 de
1386 1015 1588 1048 paupertate:

1156 1093 1204 1119 Ἦν
1217 1093 1247 1123 δη
1259 1104 1310 1128 χρη
1322 1101 1453 1127 §emor-ra,
1474 1104 1522 1120 κω
1535 1094 1580 1120 ΕΣ
1593 1103 1751 1127 peyna-rna
1760 1096 1848 1122 uon-
1894 1095 1905 1137 Ἰ

1315 1143 1390 1167 'rou

1185 1189 1351 1220 ‘PIHTE1N,
1364 1199 1412 1215 κω
1425 1197 1524 1225 τες-ρων.
1539 1192 1620 1225 Ram,
1633 1189 1698 1217 xm·
1709 1187 1844 1220 memor.

1121 1263 1190 1300 Sed,
1216 1274 1256 1294 ne
1281 1264 1372 1294 nimii
1398 1264 1507 1302 simus,
1533 1275 1608 1296 cum
1634 1264 1843 1296 retuderimus

1118 1325 1277 1345 summam
1306 1315 1444 1346 Bentleii
1473 1316 1647 1353 audaciam,
1677 1316 1718 1348 ad
1743 1316 1846 1348 Luca-

1119 1376 1208 1402 num,
1224 1365 1243 1397 i.
1260 1369 1332 1396 215.
1348 1367 1382 1396 in
1397 1367 1480 1397 viam
1496 1367 1680 1398 redibimus:

1133 1451 1220 1476 Fonte
1231 1451 1303 1476 cadit
1313 1451 1433 1482 modico,
1443 1452 1585 1484 parvisque
1595 1451 1733 1484 impellitur
1742 1452 1833 1484 undis,

1134 1490 1263 1516 Puniceus
1273 1491 1471 1517 Rubicon—z

1119 1561 1138 1592 i.
1155 1571 1181 1592 e.
1203 1573 1233 1594 se
1259 1565 1398 1603 impellit,
1424 1574 1456 1594 se
1486 1570 1656 1604 promovet.
1702 1564 1848 1597 Haecine

1119 1619 1224 1644 autem
1259 1614 1327 1645 viro
1362 1615 1503 1646 maximo
1541 1622 1701 1656 tantopere
1737 1615 1844 1656 displi-

1120 1665 1231 1703 cuisse,
1257 1671 1293 1695 ut
1313 1665 1353 1696 de
1375 1676 1456 1697 novo
1469 1667 1638 1699 lectoribus
1657 1667 1846 1699 versiculum

1121 1716 1312 1755 procuderet,
1329 1717 1384 1758 qui
1399 1719 1615 1760 subsequitur?

1152 1799 1238 1823 Fonte
1245 1798 1309 1829 fluit
1319 1799 1438 1830 modico,
1446 1800 1594 1833 parvaque
1603 1799 1716 1833 ignobilis
1727 1801 1808 1832 ιιηιᾶ,

1149 1837 1277 1863 Puniceus
1288 1838 1481 1864 Rubicon—.

1120 1909 1229 1949 Dolet,
1245 1911 1310 1942 imo
1332 1912 1483 1952 perdolet,
1500 1913 1562 1944 tale
1577 1913 1742 1955 ingenium
1757 1914 1790 1944 in
1811 1924 1844 1944 se

1118 1967 1237 1992 tantam
1248 1964 1453 1995 temeritatem
1465 1972 1496 1995 et
1507 1965 1661 1996 inscitiam
1677 1965 1846 1998 admisisse.

1120 2012 1238 2044 Confer
1254 2015 1347 2046 Ovid.
1365 2016 1434 2046 fast.
1449 2016 1469 2046 i.
1485 2020 1558 2047 404.
1573 2023 1647 2048 met.
1662 2027 1711 2048 xv.
1731 2020 1800 2048 181.
1849 2035 1853 2042 ·

1161 2073 1233 2103 Ver.
1249 2077 1322 2106 519.
1349 2086 1442 2115 porro
1462 2078 1602 2116 pariter:
1639 2077 1687 2108 M.
1719 2080 1842 2118 pariter

1110 2134 1212 2164 porro.

1158 2184 1232 2215 Ver.
1247 2188 1320 2216 520.
1342 2187 1495 2218 nobiscum
1506 2201 1516 2217 .·
1542 2187 1583 2218 V.
1600 2187 1648 2219 ed.
1663 2190 1747 2220 nobis
1761 2200 1846 2230 qum.

1158 2244 1232 2275 Ver.
1247 2248 1319 2276 522.
1336 2254 1498 2286 nequeant:
1523 2247 1566 2278 sic
1582 2247 1618 2279 P.
1632 2248 1730 2280 Vind.
1743 2249 1783 2280 V.
1795 2249 1843 2281 ed.

1115 2295 1152 2326 L.
1169 2303 1211 2327 Π.
1229 2302 1263 2328 Σ.
1278 2304 1323 2328 n..
1338 2298 1445 2339 vulgo,
1460 2306 1625 2340 nequeunt:
1650 2300 1722 2332 vide
1732 2301 1752 2332 i.
1768 2305 1841 2334 909.
1896 2302 1898 2306 ’

1115 2350 1213 2380 Illinc
1239 2356 1356 2389 autem,
1382 2354 1405 2370 ‘⁸
1421 2352 1460 2382 ab
1485 2351 1540 2382 illa
1563 2358 1662 2392 parte,
1686 2353 1726 2384 ad
1747 2363 1843 2395 quam

1116 2403 1138 2418 ‘⁶
1154 2401 1327 2436 recedendo
1347 2403 1562 2441 perveneris;”
1585 2404 1629 2434 ita
1656 2410 1693 2435 ut
1721 2405 1842 2447 imago,

1114 2457 1145 2481 te
1160 2453 1389 2493 progrediente,
1412 2455 1517 2485 statim
1531 2461 1712 2495 revertatur,
1735 2463 1767 2487 et
1780 2463 1842 2488 sta-

1115 2502 1234 2533 tionem
1249 2510 1356 2535 servet.

1158 2555 1233 2586 Ver.
1248 2560 1322 2588 524.
1348 2559 1413 2590 Ac:
1452 2559 1492 2591 O.
1524 2561 1763 2592 adh—reddita.-
1800 2567 1839 2592 11.

1114 2608 1213 2637 redita
1221 2623 1232 2644 ,·
1255 2618 1325 2648 quae
1343 2619 1415 2640 vera
1440 2610 1568 2642 fortasse
1581 2612 1679 2642 fuerit
1693 2611 1759 2642 aevo
1773 2611 1839 2642 Lu-

1114 2658 1200 2687 cretii
1215 2659 1329 2690 usitata
1342 2660 1441 2691 doctis
1455 2662 1614 2702 scriptura.

1160 2709 1233 2741 Ver.
1249 2714 1321 2743 525.
1343 2715 1518 2754 vitantque:
1542 2714 1583 2744 V.
1598 2713 1646 2745 ed.
1672 2719 1707 2746 Σ.
1732 2717 1841 2747 vitam-

1115 2771 1188 2801 que;
1217 2767 1253 2792 Δ.
1266 2769 1309 2793 Π.
1326 2766 1455 2804 vitaque.

1158 2820 1234 2851 Ver.
1251 2825 1323 2853 526.
1346 2825 1482 2855 tendere:
1508 2824 1528 2855 i.
1543 2835 1568 2855 e.
1584 2825 1641 2864 ire,
1657 2835 1731 2857 cum
1745 2827 1838 2858 oculis

1115 2871 1239 2904 scilicet.
1277 2873 1442 2916 Virgilius,
1459 2876 1534 2908 AEn.
1550 2877 1602 2909 xii.
1619 2881 1689 2910 958.
