<?xml version="1.0" encoding="UTF-8"?>
<!DOCTYPE html PUBLIC "-//W3C//DTD XHTML 1.0 Transitional//EN"
    "http://www.w3.org/TR/xhtml1/DTD/xhtml1-transitional.dtd">
<html xmlns="http://www.w3.org/1999/xhtml" xml:lang="en" lang="en">
 <head>
  <title>
</title>
<meta http-equiv="Content-Type" content="text/html;charset=utf-8" />
  <meta name='ocr-system' content='tesseract 3.04.00' />
  <meta name='ocr-capabilities' content='ocr_page ocr_carea ocr_par ocr_line ocrx_word'/>
</head>
<body>
  <div class='ocr_page' id='page_1' title='image "./tlucretiicarider02lucruoft_0064.png"; bbox 0 0 1912 3292; ppageno 0'>
   <div class='ocr_carea' id='block_1_1' title="bbox 331 263 391 300">
    <p class='ocr_par' dir='ltr' id='par_1_1' title="bbox 331 263 391 300">
     <span class='ocr_line' id='line_1_1' title="bbox 331 263 391 300; baseline -0.017 0"><span class='ocrx_word' id='word_1_1' title='bbox 331 263 391 300; x_wconf 73' lang='grc'>34-</span> 
     </span>
    </p>
   </div>
   <div class='ocr_carea' id='block_1_2' title="bbox 825 243 1317 295">
    <p class='ocr_par' dir='ltr' id='par_1_2' title="bbox 825 243 1317 295">
     <span class='ocr_line' id='line_1_2' title="bbox 825 243 1317 295; baseline -0.008 0"><span class='ocrx_word' id='word_1_2' title='bbox 825 246 885 295; x_wconf 91' lang='grc' dir='ltr'><strong>Τ.</strong></span> <span class='ocrx_word' id='word_1_3' title='bbox 936 243 1317 295; x_wconf 89' lang='lat' dir='ltr'>LUCRETII</span> 
     </span>
    </p>
   </div>
   <div class='ocr_carea' id='block_1_3' title="bbox 360 375 1676 807">
    <p class='ocr_par' dir='ltr' id='par_1_3' title="bbox 360 375 1676 807">
     <span class='ocr_line' id='line_1_3' title="bbox 473 375 1676 436; baseline -0.006 -14"><span class='ocrx_word' id='word_1_4' title='bbox 473 381 531 423; x_wconf 87' lang='lat' dir='ltr'>At</span> <span class='ocrx_word' id='word_1_5' title='bbox 551 389 710 430; x_wconf 85' lang='lat' dir='ltr'>contra,</span> <span class='ocrx_word' id='word_1_6' title='bbox 732 393 1034 436; x_wconf 79' lang='lat' dir='ltr'>quaequomque</span> <span class='ocrx_word' id='word_1_7' title='bbox 1053 377 1184 434; x_wconf 88' lang='lat' dir='ltr'>magis</span> <span class='ocrx_word' id='word_1_8' title='bbox 1204 391 1299 418; x_wconf 90' lang='lat' dir='ltr'>cum</span> <span class='ocrx_word' id='word_1_9' title='bbox 1318 375 1503 431; x_wconf 89' lang='lat' dir='ltr'>pondere</span> <span class='ocrx_word' id='word_1_10' title='bbox 1522 389 1676 434; x_wconf 85' lang='lat' dir='ltr'>magno</span> 
     </span>
     <span class='ocr_line' id='line_1_4' title="bbox 474 451 1557 511; baseline -0.006 -14"><span class='ocrx_word' id='word_1_11' title='bbox 474 456 713 511; x_wconf 81' lang='lat' dir='ltr'>Asperaque</span> <span class='ocrx_word' id='word_1_12' title='bbox 731 454 1012 502; x_wconf 88' lang='lat' dir='ltr'>inveniuntur,</span> <span class='ocrx_word' id='word_1_13' title='bbox 1034 467 1084 493; x_wconf 88' lang='lat' dir='ltr'>eo</span> <span class='ocrx_word' id='word_1_14' title='bbox 1105 451 1280 492; x_wconf 84' lang='lat' dir='ltr'>stabilita</span> <span class='ocrx_word' id='word_1_15' title='bbox 1299 451 1430 508; x_wconf 85' lang='lat' dir='ltr'>magis</span> <span class='ocrx_word' id='word_1_16' title='bbox 1451 458 1557 492; x_wconf 87' lang='lat' dir='ltr'>sunt.</span> 
     </span>
     <span class='ocr_line' id='line_1_5' title="bbox 531 524 1612 585; baseline -0.006 -15"><span class='ocrx_word' id='word_1_17' title='bbox 531 529 655 570; x_wconf 90' lang='lat' dir='ltr'>Nunc</span> <span class='ocrx_word' id='word_1_18' title='bbox 675 528 815 585; x_wconf 85' lang='lat' dir='ltr'>igitur,</span> <span class='ocrx_word' id='word_1_19' title='bbox 837 527 1033 584; x_wconf 89' lang='lat' dir='ltr'>quoniam</span> <span class='ocrx_word' id='word_1_20' title='bbox 1055 534 1114 566; x_wconf 86' lang='lat' dir='ltr'>est</span> <span class='ocrx_word' id='word_1_21' title='bbox 1133 524 1261 566; x_wconf 88' lang='lat' dir='ltr'>animi</span> <span class='ocrx_word' id='word_1_22' title='bbox 1282 532 1431 564; x_wconf 84' lang='lat' dir='ltr'>natura</span> <span class='ocrx_word' id='word_1_23' title='bbox 1450 531 1612 579; x_wconf 87' lang='lat' dir='ltr'>reperta</span> 
     </span>
     <span class='ocr_line' id='line_1_6' title="bbox 360 603 1535 660; baseline -0.005 -16"><span class='ocrx_word' id='word_1_24' title='bbox 360 608 442 644; x_wconf 74' lang='lat'>‘205</span> <span class='ocrx_word' id='word_1_25' title='bbox 475 603 644 644; x_wconf 86' lang='lat' dir='ltr'>Mobilis</span> <span class='ocrx_word' id='word_1_26' title='bbox 664 603 842 660; x_wconf 85' lang='lat' dir='ltr'><strong>egregie,</strong></span> <span class='ocrx_word' id='word_1_27' title='bbox 865 615 1063 658; x_wconf 83' lang='lat' dir='ltr'><strong>perquam</strong></span> <span class='ocrx_word' id='word_1_28' title='bbox 1084 607 1272 641; x_wconf 74' lang='lat' dir='ltr'>constare</span> <span class='ocrx_word' id='word_1_29' title='bbox 1291 613 1455 640; x_wconf 56' lang='lat' dir='ltr'>necesse</span> <span class='ocrx_word' id='word_1_30' title='bbox 1474 604 1535 638; x_wconf 86' lang='lat' dir='ltr'>est</span> 
     </span>
     <span class='ocr_line' id='line_1_7' title="bbox 479 671 1542 733; baseline -0.008 -14"><span class='ocrx_word' id='word_1_31' title='bbox 479 677 736 733; x_wconf 87' lang='lat' dir='ltr'>Corporibus</span> <span class='ocrx_word' id='word_1_32' title='bbox 755 677 907 732; x_wconf 85' lang='lat' dir='ltr'>parvis,</span> <span class='ocrx_word' id='word_1_33' title='bbox 930 685 971 716; x_wconf 89' lang='lat' dir='ltr'>et</span> <span class='ocrx_word' id='word_1_34' title='bbox 990 674 1174 724; x_wconf 87' lang='lat' dir='ltr'>laevibus,</span> <span class='ocrx_word' id='word_1_35' title='bbox 1196 682 1319 730; x_wconf 82' lang='lat' dir='ltr'>atque</span> <span class='ocrx_word' id='word_1_36' title='bbox 1339 671 1542 713; x_wconf 89' lang='lat' dir='ltr'>rotundis:</span> 
     </span>
     <span class='ocr_line' id='line_1_8' title="bbox 476 745 1542 807; baseline -0.006 -15"><span class='ocrx_word' id='word_1_37' title='bbox 476 751 585 800; x_wconf 86' lang='lat' dir='ltr'>Quae</span> <span class='ocrx_word' id='word_1_38' title='bbox 605 750 678 792; x_wconf 89' lang='lat' dir='ltr'>tibi</span> <span class='ocrx_word' id='word_1_39' title='bbox 700 751 868 807; x_wconf 86' lang='lat' dir='ltr'>cognita</span> <span class='ocrx_word' id='word_1_40' title='bbox 887 765 951 791; x_wconf 87' lang='lat' dir='ltr'>res</span> <span class='ocrx_word' id='word_1_41' title='bbox 972 749 1014 789; x_wconf 86' lang='lat' dir='ltr'>in</span> <span class='ocrx_word' id='word_1_42' title='bbox 1035 748 1188 798; x_wconf 88' lang='lat' dir='ltr'>multis,</span> <span class='ocrx_word' id='word_1_43' title='bbox 1210 762 1237 788; x_wconf 94' lang='lat' dir='ltr'>o</span> <span class='ocrx_word' id='word_1_44' title='bbox 1257 745 1385 788; x_wconf 90' lang='lat' dir='ltr'>bone!</span> <span class='ocrx_word' id='word_1_45' title='bbox 1419 745 1542 786; x_wconf 88' lang='lat' dir='ltr'>rebus</span> 
     </span>
    </p>
   </div>
   <div class='ocr_carea' id='block_1_4' title="bbox 324 912 1070 2972">
    <p class='ocr_par' dir='ltr' id='par_1_4' title="bbox 330 912 1063 1521">
     <span class='ocr_line' id='line_1_9' title="bbox 331 912 1054 954; baseline -0.003 -9"><span class='ocrx_word' id='word_1_46' title='bbox 331 913 431 945; x_wconf 78' lang='lat' dir='ltr'>facilis</span> <span class='ocrx_word' id='word_1_47' title='bbox 452 918 530 944; x_wconf 87' lang='lat' dir='ltr'>esset</span> <span class='ocrx_word' id='word_1_48' title='bbox 551 913 647 944; x_wconf 87' lang='lat' dir='ltr'>etiam</span> <span class='ocrx_word' id='word_1_49' title='bbox 671 912 876 944; x_wconf 79' lang='lat' dir='ltr'><strong>commutatio</strong></span> <span class='ocrx_word' id='word_1_50' title='bbox 897 912 965 954; x_wconf 89' lang='lat' dir='ltr'>ejus</span> <span class='ocrx_word' id='word_1_51' title='bbox 980 922 1054 943; x_wconf 90' lang='lat' dir='ltr'>cum</span> 
     </span>
     <span class='ocr_line' id='line_1_10' title="bbox 330 964 1055 1004; baseline -0.003 -7"><span class='ocrx_word' id='word_1_52' title='bbox 330 972 434 998; x_wconf 81' lang='lat' dir='ltr'>actus:</span> <span class='ocrx_word' id='word_1_53' title='bbox 460 973 491 996; x_wconf 85' lang='lat' dir='ltr'>et</span> <span class='ocrx_word' id='word_1_54' title='bbox 511 971 594 996; x_wconf 87' lang='lat' dir='ltr'>certe</span> <span class='ocrx_word' id='word_1_55' title='bbox 611 964 656 995; x_wconf 87' lang='lat' dir='ltr'>sic</span> <span class='ocrx_word' id='word_1_56' title='bbox 675 965 783 995; x_wconf 84' lang='lat' dir='ltr'>scribae</span> <span class='ocrx_word' id='word_1_57' title='bbox 797 971 1002 1004; x_wconf 84' lang='lat' dir='ltr'>peccaverunt</span> <span class='ocrx_word' id='word_1_58' title='bbox 1015 964 1055 995; x_wconf 89' lang='lat' dir='ltr'>ad</span> 
     </span>
     <span class='ocr_line' id='line_1_11' title="bbox 332 1015 1057 1055; baseline -0.004 -7"><span class='ocrx_word' id='word_1_59' title='bbox 332 1016 498 1049; x_wconf 84' lang='lat' dir='ltr'>Ammiani</span> <span class='ocrx_word' id='word_1_60' title='bbox 521 1015 700 1047; x_wconf 84' lang='lat' dir='ltr'>Marcellini</span> <span class='ocrx_word' id='word_1_61' title='bbox 724 1015 776 1046; x_wconf 89' lang='lat' dir='ltr'>lib.</span> <span class='ocrx_word' id='word_1_62' title='bbox 799 1015 873 1046; x_wconf 88' lang='lat' dir='ltr'>xxii.</span> <span class='ocrx_word' id='word_1_63' title='bbox 895 1025 961 1055; x_wconf 89' lang='lat' dir='ltr'>cap.</span> <span class='ocrx_word' id='word_1_64' title='bbox 984 1019 1057 1046; x_wconf 86' lang='lat'>8.—</span> 
     </span>
     <span class='ocr_line' id='line_1_12' title="bbox 332 1065 1056 1107; baseline -0.004 -8"><span class='ocrx_word' id='word_1_65' title='bbox 332 1075 357 1090; x_wconf 85' lang='grc'>“</span> <span class='ocrx_word' id='word_1_66' title='bbox 373 1068 459 1099; x_wconf 86' lang='lat' dir='ltr'>fluvii</span> <span class='ocrx_word' id='word_1_67' title='bbox 476 1067 599 1106; x_wconf 86' lang='lat' dir='ltr'>diversi,</span> <span class='ocrx_word' id='word_1_68' title='bbox 623 1068 784 1105; x_wconf 85' lang='lat' dir='ltr'>Acheron,</span> <span class='ocrx_word' id='word_1_69' title='bbox 807 1065 978 1107; x_wconf 87' lang='lat' dir='ltr'>itidemque</span> <span class='ocrx_word' id='word_1_70' title='bbox 996 1067 1056 1096; x_wconf 89' lang='lat' dir='ltr'>Ar·</span> 
     </span>
     <span class='ocr_line' id='line_1_13' title="bbox 334 1117 1057 1159; baseline -0.006 -8"><span class='ocrx_word' id='word_1_71' title='bbox 334 1125 358 1140; x_wconf 86' lang='lat'><strong>“</strong></span> <span class='ocrx_word' id='word_1_72' title='bbox 374 1120 492 1159; x_wconf 78' lang='lat' dir='ltr'>cadius,</span> <span class='ocrx_word' id='word_1_73' title='bbox 508 1126 540 1151; x_wconf 88' lang='lat' dir='ltr'>et</span> <span class='ocrx_word' id='word_1_74' title='bbox 559 1119 632 1158; x_wconf 91' lang='lat' dir='ltr'>Iris,</span> <span class='ocrx_word' id='word_1_75' title='bbox 646 1125 678 1149; x_wconf 88' lang='lat' dir='ltr'>et</span> <span class='ocrx_word' id='word_1_76' title='bbox 692 1119 808 1157; x_wconf 85' lang='lat' dir='ltr'>Tibris,</span> <span class='ocrx_word' id='word_1_77' title='bbox 823 1124 855 1149; x_wconf 90' lang='lat' dir='ltr'>et</span> <span class='ocrx_word' id='word_1_78' title='bbox 872 1118 964 1159; x_wconf 89' lang='lat' dir='ltr'>juxta</span> <span class='ocrx_word' id='word_1_79' title='bbox 980 1117 1057 1148; x_wconf 84' lang='lat' dir='ltr'>Par-</span> 
     </span>
     <span class='ocr_line' id='line_1_14' title="bbox 335 1169 1060 1210; baseline -0.004 -7"><span class='ocrx_word' id='word_1_80' title='bbox 335 1178 359 1194; x_wconf 86' lang='lat'><strong>“</strong></span> <span class='ocrx_word' id='word_1_81' title='bbox 375 1173 511 1210; x_wconf 88' lang='lat' dir='ltr'>thenius,</span> <span class='ocrx_word' id='word_1_82' title='bbox 529 1181 640 1202; x_wconf 89' lang='lat' dir='ltr'>omnes</span> <span class='ocrx_word' id='word_1_83' title='bbox 654 1171 688 1201; x_wconf 86' lang='lat' dir='ltr'>in</span> <span class='ocrx_word' id='word_1_84' title='bbox 703 1181 790 1201; x_wconf 86' lang='lat' dir='ltr'>mare</span> <span class='ocrx_word' id='word_1_85' title='bbox 805 1172 869 1201; x_wconf 80' lang='lat' dir='ltr'>ictu</span> <span class='ocrx_word' id='word_1_86' title='bbox 883 1169 992 1209; x_wconf 86' lang='lat' dir='ltr'>rapido</span> <span class='ocrx_word' id='word_1_87' title='bbox 1007 1169 1060 1200; x_wconf 85' lang='lat' dir='ltr'>de-</span> 
     </span>
     <span class='ocr_line' id='line_1_15' title="bbox 335 1221 1060 1260; baseline -0.006 -6"><span class='ocrx_word' id='word_1_88' title='bbox 335 1227 359 1243; x_wconf 87' lang='lat'>“</span> <span class='ocrx_word' id='word_1_89' title='bbox 375 1222 564 1254; x_wconf 85' lang='lat' dir='ltr'>currentes.”</span> <span class='ocrx_word' id='word_1_90' title='bbox 622 1221 779 1257; x_wconf 83' lang='lat' dir='ltr'>Rescribe,</span> <span class='ocrx_word' id='word_1_91' title='bbox 810 1231 882 1251; x_wconf 86' lang='lat' dir='ltr'>meo</span> <span class='ocrx_word' id='word_1_92' title='bbox 910 1221 1060 1260; x_wconf 88' lang='lat' dir='ltr'>periculo,</span> 
     </span>
     <span class='ocr_line' id='line_1_16' title="bbox 332 1272 1060 1314; baseline -0.005 -8"><span class='ocrx_word' id='word_1_93' title='bbox 332 1281 423 1306; x_wconf 78' lang='lat' dir='ltr'>actu:</span> <span class='ocrx_word' id='word_1_94' title='bbox 449 1274 469 1304; x_wconf 93' lang='lat' dir='ltr'>i.</span> <span class='ocrx_word' id='word_1_95' title='bbox 484 1284 510 1304; x_wconf 89' lang='lat' dir='ltr'>e.</span> <span class='ocrx_word' id='word_1_96' title='bbox 526 1273 667 1314; x_wconf 87' lang='lat' dir='ltr'>agmine:</span> <span class='ocrx_word' id='word_1_97' title='bbox 693 1272 764 1303; x_wconf 74' lang='lat' dir='ltr'>vide</span> <span class='ocrx_word' id='word_1_98' title='bbox 780 1278 933 1308; x_wconf 85' lang='lat' dir='ltr'>nostrum,</span> <span class='ocrx_word' id='word_1_99' title='bbox 948 1282 975 1302; x_wconf 88' lang='lat' dir='ltr'>v.</span> <span class='ocrx_word' id='word_1_100' title='bbox 988 1275 1060 1303; x_wconf 79' lang='lat'>272.</span> 
     </span>
     <span class='ocr_line' id='line_1_17' title="bbox 339 1324 1060 1366; baseline -0.004 -8"><span class='ocrx_word' id='word_1_101' title='bbox 339 1328 420 1358; x_wconf 90' lang='lat' dir='ltr'>Sane</span> <span class='ocrx_word' id='word_1_102' title='bbox 436 1327 476 1358; x_wconf 92' lang='lat' dir='ltr'>ad</span> <span class='ocrx_word' id='word_1_103' title='bbox 497 1336 631 1358; x_wconf 83' lang='lat' dir='ltr'>manum</span> <span class='ocrx_word' id='word_1_104' title='bbox 656 1332 730 1357; x_wconf 92' lang='lat' dir='ltr'>sunt</span> <span class='ocrx_word' id='word_1_105' title='bbox 754 1325 834 1364; x_wconf 89' lang='lat' dir='ltr'>loca,</span> <span class='ocrx_word' id='word_1_106' title='bbox 857 1325 972 1366; x_wconf 90' lang='lat' dir='ltr'>quibus</span> <span class='ocrx_word' id='word_1_107' title='bbox 992 1324 1060 1355; x_wconf 88' lang='lat' dir='ltr'>vul-</span> 
     </span>
     <span class='ocr_line' id='line_1_18' title="bbox 335 1375 1063 1419; baseline -0.004 -10"><span class='ocrx_word' id='word_1_108' title='bbox 335 1385 408 1419; x_wconf 85' lang='lat' dir='ltr'>gata</span> <span class='ocrx_word' id='word_1_109' title='bbox 422 1378 513 1409; x_wconf 81' lang='lat' dir='ltr'>lectio</span> <span class='ocrx_word' id='word_1_110' title='bbox 527 1377 653 1408; x_wconf 87' lang='lat' dir='ltr'>defendi</span> <span class='ocrx_word' id='word_1_111' title='bbox 669 1383 786 1417; x_wconf 55' lang='lat' dir='ltr'>possen</span> <span class='ocrx_word' id='word_1_112' title='bbox 806 1376 859 1407; x_wconf 89' lang='lat' dir='ltr'>sed</span> <span class='ocrx_word' id='word_1_113' title='bbox 874 1375 1063 1416; x_wconf 79' lang='lat' dir='ltr'><strong>probabilior</strong></span> 
     </span>
     <span class='ocr_line' id='line_1_19' title="bbox 333 1427 1063 1467; baseline -0.004 -7"><span class='ocrx_word' id='word_1_114' title='bbox 333 1436 383 1460; x_wconf 87' lang='lat' dir='ltr'>est</span> <span class='ocrx_word' id='word_1_115' title='bbox 397 1435 501 1460; x_wconf 85' lang='lat' dir='ltr'>nostra</span> <span class='ocrx_word' id='word_1_116' title='bbox 515 1428 676 1467; x_wconf 82' lang='lat' dir='ltr'>divinatio,</span> <span class='ocrx_word' id='word_1_117' title='bbox 689 1434 720 1458; x_wconf 92' lang='lat' dir='ltr'>et</span> <span class='ocrx_word' id='word_1_118' title='bbox 735 1438 851 1458; x_wconf 88' lang='lat' dir='ltr'>nomen</span> <span class='ocrx_word' id='word_1_119' title='bbox 866 1430 945 1459; x_wconf 84' lang='lat' dir='ltr'>ictus</span> <span class='ocrx_word' id='word_1_120' title='bbox 960 1427 993 1457; x_wconf 87' lang='lat' dir='ltr'>in</span> <span class='ocrx_word' id='word_1_121' title='bbox 1005 1428 1063 1458; x_wconf 89' lang='lat' dir='ltr'>hoc</span> 
     </span>
     <span class='ocr_line' id='line_1_20' title="bbox 336 1481 838 1521; baseline -0.004 -8"><span class='ocrx_word' id='word_1_122' title='bbox 336 1493 408 1521; x_wconf 87' lang='lat' dir='ltr'>usu,</span> <span class='ocrx_word' id='word_1_123' title='bbox 424 1483 458 1513; x_wconf 90' lang='lat' dir='ltr'>ni</span> <span class='ocrx_word' id='word_1_124' title='bbox 472 1482 572 1518; x_wconf 86' lang='lat' dir='ltr'>fallor,</span> <span class='ocrx_word' id='word_1_125' title='bbox 589 1481 733 1521; x_wconf 84' lang='lat' dir='ltr'>exemplo</span> <span class='ocrx_word' id='word_1_126' title='bbox 747 1487 838 1512; x_wconf 83' lang='lat' dir='ltr'>caret.</span> 
     </span>
    </p>

    <p class='ocr_par' dir='ltr' id='par_1_5' title="bbox 334 1530 1061 1627">
     <span class='ocr_line' id='line_1_21' title="bbox 379 1530 1061 1570; baseline -0.003 -6"><span class='ocrx_word' id='word_1_127' title='bbox 379 1534 455 1565; x_wconf 87' lang='lat' dir='ltr'>Ver.</span> <span class='ocrx_word' id='word_1_128' title='bbox 484 1537 552 1565; x_wconf 83' lang='lat'>194.</span> <span class='ocrx_word' id='word_1_129' title='bbox 574 1536 673 1565; x_wconf 84' lang='lat' dir='ltr'>enim:</span> <span class='ocrx_word' id='word_1_130' title='bbox 702 1538 736 1563; x_wconf 89' lang='grc' dir='ltr'><strong>Δ.</strong></span> <span class='ocrx_word' id='word_1_131' title='bbox 759 1532 934 1570; x_wconf 55' lang='lat' dir='ltr'>‹ea—Mox,</span> <span class='ocrx_word' id='word_1_132' title='bbox 953 1530 992 1562; x_wconf 90' lang='lat' dir='ltr'>V.</span> <span class='ocrx_word' id='word_1_133' title='bbox 1015 1530 1061 1562; x_wconf 87' lang='lat' dir='ltr'>ed.</span> 
     </span>
     <span class='ocr_line' id='line_1_22' title="bbox 334 1587 813 1627; baseline -0.004 -9"><span class='ocrx_word' id='word_1_134' title='bbox 334 1587 462 1618; x_wconf 79' lang='lat' dir='ltr'>exhibet</span> <span class='ocrx_word' id='word_1_135' title='bbox 477 1587 566 1618; x_wconf 89' lang='lat' dir='ltr'>nobis</span> <span class='ocrx_word' id='word_1_136' title='bbox 579 1589 645 1627; x_wconf 79' lang='lat' dir='ltr'>qui,</span> <span class='ocrx_word' id='word_1_137' title='bbox 661 1596 717 1626; x_wconf 90' lang='lat' dir='ltr'>pro</span> <span class='ocrx_word' id='word_1_138' title='bbox 730 1587 813 1627; x_wconf 81' lang='lat' dir='ltr'>quia.</span> 
     </span>
    </p>

    <p class='ocr_par' dir='ltr' id='par_1_6' title="bbox 334 1635 1068 2029">
     <span class='ocr_line' id='line_1_23' title="bbox 381 1635 1062 1678; baseline -0.004 -10"><span class='ocrx_word' id='word_1_139' title='bbox 381 1638 453 1669; x_wconf 88' lang='lat' dir='ltr'>Ver.</span> <span class='ocrx_word' id='word_1_140' title='bbox 473 1641 542 1670; x_wconf 84' lang='lat'>197.</span> <span class='ocrx_word' id='word_1_141' title='bbox 561 1639 740 1678; x_wconf 79' lang='lat' dir='ltr'>papaveris:</span> <span class='ocrx_word' id='word_1_142' title='bbox 767 1638 808 1668; x_wconf 90' lang='lat' dir='ltr'>V.</span> <span class='ocrx_word' id='word_1_143' title='bbox 824 1635 872 1667; x_wconf 80' lang='lat' dir='ltr'>ed.</span> <span class='ocrx_word' id='word_1_144' title='bbox 900 1642 940 1666; x_wconf 87' lang='lat' dir='ltr'>n.</span> <span class='ocrx_word' id='word_1_145' title='bbox 962 1646 1062 1675; x_wconf 82' lang='lat' dir='ltr'>papa-</span> 
     </span>
     <span class='ocr_line' id='line_1_24' title="bbox 336 1686 1068 1729; baseline -0.005 -8"><span class='ocrx_word' id='word_1_146' title='bbox 336 1700 438 1721; x_wconf 83' lang='lat' dir='ltr'>verum</span> <span class='ocrx_word' id='word_1_147' title='bbox 447 1705 457 1725; x_wconf 89' lang='grc'>,·</span> <span class='ocrx_word' id='word_1_148' title='bbox 483 1695 523 1726; x_wconf 88' lang='lat' dir='ltr'>et‚</span> <span class='ocrx_word' id='word_1_149' title='bbox 540 1690 662 1729; x_wconf 79' lang='lat' dir='ltr'>opinor,</span> <span class='ocrx_word' id='word_1_150' title='bbox 679 1688 753 1719; x_wconf 84' lang='lat' dir='ltr'>ferri</span> <span class='ocrx_word' id='word_1_151' title='bbox 768 1694 899 1728; x_wconf 86' lang='lat' dir='ltr'>poterat:</span> <span class='ocrx_word' id='word_1_152' title='bbox 925 1686 995 1718; x_wconf 90' lang='lat' dir='ltr'>vide</span> <span class='ocrx_word' id='word_1_153' title='bbox 1010 1697 1068 1717; x_wconf 88' lang='lat' dir='ltr'>nos</span> 
     </span>
     <span class='ocr_line' id='line_1_25' title="bbox 336 1739 1065 1772; baseline -0.004 -1"><span class='ocrx_word' id='word_1_154' title='bbox 336 1740 377 1771; x_wconf 83' lang='lat' dir='ltr'>ad</span> <span class='ocrx_word' id='word_1_155' title='bbox 391 1740 424 1770; x_wconf 91' lang='lat' dir='ltr'>ii.</span> <span class='ocrx_word' id='word_1_156' title='bbox 440 1744 511 1772; x_wconf 84' lang='lat'>465.</span> <span class='ocrx_word' id='word_1_157' title='bbox 535 1740 590 1771; x_wconf 89' lang='lat' dir='ltr'>sed</span> <span class='ocrx_word' id='word_1_158' title='bbox 608 1740 707 1771; x_wconf 79' lang='lat' dir='ltr'>tutius</span> <span class='ocrx_word' id='word_1_159' title='bbox 722 1741 817 1770; x_wconf 87' lang='lat' dir='ltr'>habui</span> <span class='ocrx_word' id='word_1_160' title='bbox 832 1739 999 1770; x_wconf 88' lang='lat' dir='ltr'>meliorum</span> <span class='ocrx_word' id='word_1_161' title='bbox 1014 1748 1065 1769; x_wconf 91' lang='lat' dir='ltr'>co-</span> 
     </span>
     <span class='ocr_line' id='line_1_26' title="bbox 336 1789 1064 1832; baseline -0.004 -10"><span class='ocrx_word' id='word_1_162' title='bbox 336 1791 444 1822; x_wconf 88' lang='lat' dir='ltr'>dicum</span> <span class='ocrx_word' id='word_1_163' title='bbox 469 1791 634 1829; x_wconf 84' lang='lat' dir='ltr'>voluntati,</span> <span class='ocrx_word' id='word_1_164' title='bbox 665 1797 759 1832; x_wconf 81' lang='lat' dir='ltr'>atque</span> <span class='ocrx_word' id='word_1_165' title='bbox 787 1791 884 1821; x_wconf 84' lang='lat' dir='ltr'>etiam</span> <span class='ocrx_word' id='word_1_166' title='bbox 913 1789 1064 1829; x_wconf 87' lang='lat' dir='ltr'>plurium,</span> 
     </span>
     <span class='ocr_line' id='line_1_27' title="bbox 334 1842 1066 1883; baseline -0.004 -9"><span class='ocrx_word' id='word_1_167' title='bbox 334 1843 550 1874; x_wconf 86' lang='lat' dir='ltr'>obsecundari.</span> <span class='ocrx_word' id='word_1_168' title='bbox 594 1843 698 1874; x_wconf 90' lang='lat' dir='ltr'>Locus</span> <span class='ocrx_word' id='word_1_169' title='bbox 707 1843 775 1883; x_wconf 87' lang='lat' dir='ltr'>jam</span> <span class='ocrx_word' id='word_1_170' title='bbox 791 1842 926 1873; x_wconf 87' lang='lat' dir='ltr'>occurrit</span> <span class='ocrx_word' id='word_1_171' title='bbox 940 1842 972 1871; x_wconf 91' lang='lat' dir='ltr'>in</span> <span class='ocrx_word' id='word_1_172' title='bbox 987 1851 1066 1881; x_wconf 82' lang='lat' dir='ltr'>prae-</span> 
     </span>
     <span class='ocr_line' id='line_1_28' title="bbox 338 1893 1068 1935; baseline -0.003 -9"><span class='ocrx_word' id='word_1_173' title='bbox 338 1895 532 1934; x_wconf 82' lang='lat' dir='ltr'>cedentibus,</span> <span class='ocrx_word' id='word_1_174' title='bbox 549 1895 604 1926; x_wconf 90' lang='lat' dir='ltr'>ubi</span> <span class='ocrx_word' id='word_1_175' title='bbox 620 1906 736 1925; x_wconf 89' lang='lat' dir='ltr'>nomen</span> <span class='ocrx_word' id='word_1_176' title='bbox 751 1894 910 1935; x_wconf 80' lang='lat' dir='ltr'>singulare</span> <span class='ocrx_word' id='word_1_177' title='bbox 925 1893 1068 1924; x_wconf 86' lang='lat' dir='ltr'>similiter</span> 
     </span>
     <span class='ocr_line' id='line_1_29' title="bbox 337 1945 1064 1988; baseline -0.003 -11"><span class='ocrx_word' id='word_1_178' title='bbox 337 1947 516 1988; x_wconf 83' lang='lat' dir='ltr'>generalem</span> <span class='ocrx_word' id='word_1_179' title='bbox 531 1958 657 1977; x_wconf 82' lang='lat' dir='ltr'>sensum</span> <span class='ocrx_word' id='word_1_180' title='bbox 669 1947 726 1977; x_wconf 89' lang='lat' dir='ltr'>sibi</span> <span class='ocrx_word' id='word_1_181' title='bbox 737 1946 917 1977; x_wconf 78' lang='lat' dir='ltr'>vindicavit:</span> <span class='ocrx_word' id='word_1_182' title='bbox 943 1945 997 1976; x_wconf 86' lang='lat' dir='ltr'>sed</span> <span class='ocrx_word' id='word_1_183' title='bbox 1012 1956 1064 1976; x_wconf 84' lang='lat' dir='ltr'>ex-</span> 
     </span>
     <span class='ocr_line' id='line_1_30' title="bbox 334 1998 588 2029; baseline -0.004 0"><span class='ocrx_word' id='word_1_184' title='bbox 334 1998 413 2029; x_wconf 82' lang='lat' dir='ltr'>cidit</span> <span class='ocrx_word' id='word_1_185' title='bbox 428 1998 588 2029; x_wconf 70' lang='lat' dir='ltr'>memoria.</span> 
     </span>
    </p>

    <p class='ocr_par' dir='ltr' id='par_1_7' title="bbox 338 2048 1068 2193">
     <span class='ocr_line' id='line_1_31' title="bbox 382 2048 1064 2090; baseline -0.003 -9"><span class='ocrx_word' id='word_1_186' title='bbox 382 2050 463 2081; x_wconf 92' lang='lat' dir='ltr'>Ibid.</span> <span class='ocrx_word' id='word_1_187' title='bbox 485 2051 641 2090; x_wconf 77' lang='lat' dir='ltr'>subpensa.</span> <span class='ocrx_word' id='word_1_188' title='bbox 689 2049 844 2081; x_wconf 87' lang='lat' dir='ltr'>Consulas</span> <span class='ocrx_word' id='word_1_189' title='bbox 868 2048 951 2079; x_wconf 86' lang='lat' dir='ltr'>dicta</span> <span class='ocrx_word' id='word_1_190' title='bbox 974 2048 1014 2079; x_wconf 77' lang='lat' dir='ltr'>ad</span> <span class='ocrx_word' id='word_1_191' title='bbox 1038 2059 1064 2079; x_wconf 90' lang='lat' dir='ltr'>v.</span> 
     </span>
     <span class='ocr_line' id='line_1_32' title="bbox 339 2100 1068 2143; baseline -0.003 -11"><span class='ocrx_word' id='word_1_192' title='bbox 339 2105 432 2132; x_wconf 83' lang='lat'>1068.</span> <span class='ocrx_word' id='word_1_193' title='bbox 454 2112 524 2143; x_wconf 82' lang='lat' dir='ltr'>quae</span> <span class='ocrx_word' id='word_1_194' title='bbox 540 2103 597 2132; x_wconf 85' lang='lat' dir='ltr'>hoc</span> <span class='ocrx_word' id='word_1_195' title='bbox 619 2100 808 2131; x_wconf 87' lang='lat' dir='ltr'>vocabulum</span> <span class='ocrx_word' id='word_1_196' title='bbox 829 2106 976 2140; x_wconf 86' lang='lat' dir='ltr'>spectant.</span> <span class='ocrx_word' id='word_1_197' title='bbox 1021 2100 1068 2130; x_wconf 84' lang='lat' dir='ltr'>At</span> 
     </span>
     <span class='ocr_line' id='line_1_33' title="bbox 338 2153 742 2193; baseline 0 -9"><span class='ocrx_word' id='word_1_198' title='bbox 338 2153 449 2184; x_wconf 88' lang='lat' dir='ltr'>malim</span> <span class='ocrx_word' id='word_1_199' title='bbox 463 2153 554 2184; x_wconf 87' lang='lat' dir='ltr'>scribi</span> <span class='ocrx_word' id='word_1_200' title='bbox 569 2155 742 2193; x_wconf 78' lang='lat' dir='ltr'>subspensa.</span> 
     </span>
    </p>

    <p class='ocr_par' dir='ltr' id='par_1_8' title="bbox 324 2203 1068 2608">
     <span class='ocr_line' id='line_1_34' title="bbox 381 2203 1066 2244; baseline -0.001 -10"><span class='ocrx_word' id='word_1_201' title='bbox 381 2204 455 2234; x_wconf 73' lang='lat' dir='ltr'>Ver.</span> <span class='ocrx_word' id='word_1_202' title='bbox 475 2208 544 2236; x_wconf 80' lang='lat'>198.</span> <span class='ocrx_word' id='word_1_203' title='bbox 566 2205 623 2234; x_wconf 83' lang='lat' dir='ltr'>ab:</span> <span class='ocrx_word' id='word_1_204' title='bbox 652 2210 691 2234; x_wconf 84' lang='grc' dir='ltr'><strong>Π.</strong></span> <span class='ocrx_word' id='word_1_205' title='bbox 711 2203 924 2244; x_wconf 66' lang='grc' dir='ltr'><strong>α.-ι1ζ()ῗιιαί.·</strong></span> <span class='ocrx_word' id='word_1_206' title='bbox 952 2208 992 2233; x_wconf 85' lang='lat' dir='ltr'>n.</span> <span class='ocrx_word' id='word_1_207' title='bbox 1015 2204 1066 2233; x_wconf 82' lang='lat' dir='ltr'>de-</span> 
     </span>
     <span class='ocr_line' id='line_1_35' title="bbox 324 2255 1068 2298; baseline -0.003 -12"><span class='ocrx_word' id='word_1_208' title='bbox 324 2257 432 2298; x_wconf 51' lang='grc' dir='ltr'>ιῙῖιιαιὴ</span> <span class='ocrx_word' id='word_1_209' title='bbox 457 2266 519 2286; x_wconf 87' lang='lat' dir='ltr'>non</span> <span class='ocrx_word' id='word_1_210' title='bbox 536 2255 629 2294; x_wconf 87' lang='lat' dir='ltr'>male,</span> <span class='ocrx_word' id='word_1_211' title='bbox 651 2262 683 2286; x_wconf 88' lang='lat' dir='ltr'>et</span> <span class='ocrx_word' id='word_1_212' title='bbox 697 2261 762 2286; x_wconf 89' lang='lat' dir='ltr'>erat</span> <span class='ocrx_word' id='word_1_213' title='bbox 777 2256 843 2285; x_wconf 80' lang='lat' dir='ltr'>liaec</span> <span class='ocrx_word' id='word_1_214' title='bbox 864 2255 1068 2285; x_wconf 87' lang='lat' dir='ltr'>commutatio</span> 
     </span>
     <span class='ocr_line' id='line_1_36' title="bbox 338 2308 1066 2349; baseline -0.003 -10"><span class='ocrx_word' id='word_1_215' title='bbox 338 2308 502 2348; x_wconf 79' lang='lat' dir='ltr'>speranda:</span> <span class='ocrx_word' id='word_1_216' title='bbox 529 2315 719 2349; x_wconf 84' lang='lat' dir='ltr'>anteponam</span> <span class='ocrx_word' id='word_1_217' title='bbox 744 2314 850 2338; x_wconf 86' lang='lat' dir='ltr'>tamen</span> <span class='ocrx_word' id='word_1_218' title='bbox 875 2321 909 2338; x_wconf 68' lang='grc' dir='ltr'>το</span> <span class='ocrx_word' id='word_1_219' title='bbox 931 2308 1066 2349; x_wconf 68' lang='lat' dir='ltr'>diffluat,</span> 
     </span>
     <span class='ocr_line' id='line_1_37' title="bbox 338 2358 1065 2400; baseline -0.004 -9"><span class='ocrx_word' id='word_1_220' title='bbox 338 2360 358 2391; x_wconf 88' lang='lat' dir='ltr'>i.</span> <span class='ocrx_word' id='word_1_221' title='bbox 375 2371 400 2391; x_wconf 92' lang='lat' dir='ltr'>e.</span> <span class='ocrx_word' id='word_1_222' title='bbox 428 2365 451 2380; x_wconf 92' lang='lat'>“</span> <span class='ocrx_word' id='word_1_223' title='bbox 468 2360 500 2390; x_wconf 87' lang='lat' dir='ltr'>in</span> <span class='ocrx_word' id='word_1_224' title='bbox 516 2371 626 2391; x_wconf 87' lang='lat' dir='ltr'>omnes</span> <span class='ocrx_word' id='word_1_225' title='bbox 641 2366 742 2400; x_wconf 85' lang='lat' dir='ltr'>partes</span> <span class='ocrx_word' id='word_1_226' title='bbox 757 2358 963 2391; x_wconf 89' lang='lat' dir='ltr'>diversimode</span> <span class='ocrx_word' id='word_1_227' title='bbox 982 2369 1065 2398; x_wconf 91' lang='lat' dir='ltr'>spar-</span> 
     </span>
     <span class='ocr_line' id='line_1_38' title="bbox 339 2411 1066 2455; baseline -0.004 -11"><span class='ocrx_word' id='word_1_228' title='bbox 339 2416 362 2432; x_wconf 91' lang='lat'><strong>“</strong></span> <span class='ocrx_word' id='word_1_229' title='bbox 378 2412 502 2454; x_wconf 79' lang='lat' dir='ltr'>gatur‚”</span> <span class='ocrx_word' id='word_1_230' title='bbox 537 2427 579 2454; x_wconf 71' lang='grc' dir='ltr'>τῳ</span> <span class='ocrx_word' id='word_1_231' title='bbox 609 2415 738 2455; x_wconf 66' lang='grc' dir='ltr'>άςβιιαι,</span> <span class='ocrx_word' id='word_1_232' title='bbox 773 2413 792 2443; x_wconf 89' lang='lat' dir='ltr'>i.</span> <span class='ocrx_word' id='word_1_233' title='bbox 817 2423 843 2443; x_wconf 83' lang='lat' dir='ltr'>e.</span> <span class='ocrx_word' id='word_1_234' title='bbox 876 2415 899 2429; x_wconf 79' lang='lat'>‘⁶</span> <span class='ocrx_word' id='word_1_235' title='bbox 920 2411 1066 2442; x_wconf 85' lang='lat' dir='ltr'>deorsum</span> 
     </span>
     <span class='ocr_line' id='line_1_39' title="bbox 337 2463 1064 2503; baseline -0.001 -8"><span class='ocrx_word' id='word_1_236' title='bbox 337 2467 361 2483; x_wconf 76' lang='lat'>‘⁴</span> <span class='ocrx_word' id='word_1_237' title='bbox 379 2464 488 2503; x_wconf 86' lang='lat' dir='ltr'>fluat,”</span> <span class='ocrx_word' id='word_1_238' title='bbox 505 2465 553 2496; x_wconf 86' lang='lat' dir='ltr'>vel</span> <span class='ocrx_word' id='word_1_239' title='bbox 569 2471 592 2485; x_wconf 75' lang='lat'>‘⁴</span> <span class='ocrx_word' id='word_1_240' title='bbox 609 2464 763 2496; x_wconf 88' lang='lat' dir='ltr'>decidat.”</span> <span class='ocrx_word' id='word_1_241' title='bbox 789 2463 870 2494; x_wconf 87' lang='lat' dir='ltr'>Vide</span> <span class='ocrx_word' id='word_1_242' title='bbox 881 2463 1064 2503; x_wconf 85' lang='lat' dir='ltr'>perdoctum</span> 
     </span>
     <span class='ocr_line' id='line_1_40' title="bbox 339 2515 1066 2557; baseline 0 -11"><span class='ocrx_word' id='word_1_243' title='bbox 339 2516 565 2555; x_wconf 87' lang='lat' dir='ltr'>Munckerum,</span> <span class='ocrx_word' id='word_1_244' title='bbox 587 2516 627 2548; x_wconf 82' lang='lat' dir='ltr'>ad</span> <span class='ocrx_word' id='word_1_245' title='bbox 651 2516 771 2557; x_wconf 82' lang='lat' dir='ltr'>Hygin.</span> <span class='ocrx_word' id='word_1_246' title='bbox 787 2516 847 2546; x_wconf 82' lang='lat' dir='ltr'>sab.</span> <span class='ocrx_word' id='word_1_247' title='bbox 864 2515 904 2546; x_wconf 87' lang='lat' dir='ltr'>lx.</span> <span class='ocrx_word' id='word_1_248' title='bbox 928 2522 1010 2546; x_wconf 90' lang='lat' dir='ltr'>recte</span> <span class='ocrx_word' id='word_1_249' title='bbox 1027 2515 1066 2546; x_wconf 87' lang='lat' dir='ltr'>de</span> 
     </span>
     <span class='ocr_line' id='line_1_41' title="bbox 338 2566 808 2608; baseline 0.002 -12"><span class='ocrx_word' id='word_1_250' title='bbox 338 2566 388 2597; x_wconf 87' lang='lat' dir='ltr'>his</span> <span class='ocrx_word' id='word_1_251' title='bbox 402 2567 591 2598; x_wconf 85' lang='lat' dir='ltr'>dictionibus</span> <span class='ocrx_word' id='word_1_252' title='bbox 601 2567 808 2608; x_wconf 89' lang='lat' dir='ltr'>judicantem.</span> 
     </span>
    </p>

    <p class='ocr_par' dir='ltr' id='par_1_9' title="bbox 336 2617 1070 2972">
     <span class='ocr_line' id='line_1_42' title="bbox 383 2617 1067 2660; baseline 0.001 -14"><span class='ocrx_word' id='word_1_253' title='bbox 383 2617 456 2648; x_wconf 87' lang='lat' dir='ltr'>Ver.</span> <span class='ocrx_word' id='word_1_254' title='bbox 475 2622 544 2651; x_wconf 88' lang='lat'><strong>199.</strong></span> <span class='ocrx_word' id='word_1_255' title='bbox 566 2621 738 2660; x_wconf 80' lang='lat' dir='ltr'>spicarum:</span> <span class='ocrx_word' id='word_1_256' title='bbox 764 2618 807 2648; x_wconf 85' lang='lat' dir='ltr'>sic</span> <span class='ocrx_word' id='word_1_257' title='bbox 833 2617 949 2659; x_wconf 89' lang='lat' dir='ltr'>legitur</span> <span class='ocrx_word' id='word_1_258' title='bbox 974 2617 1007 2647; x_wconf 89' lang='lat' dir='ltr'>iu</span> <span class='ocrx_word' id='word_1_259' title='bbox 1030 2617 1067 2648; x_wconf 88' lang='lat' dir='ltr'>P.</span> 
     </span>
     <span class='ocr_line' id='line_1_43' title="bbox 341 2667 1068 2706; baseline 0.001 -8"><span class='ocrx_word' id='word_1_260' title='bbox 341 2667 440 2699; x_wconf 83' lang='lat' dir='ltr'>Vind.</span> <span class='ocrx_word' id='word_1_261' title='bbox 455 2669 491 2699; x_wconf 90' lang='lat' dir='ltr'>L.</span> <span class='ocrx_word' id='word_1_262' title='bbox 509 2669 551 2700; x_wconf 94' lang='lat' dir='ltr'>O.</span> <span class='ocrx_word' id='word_1_263' title='bbox 571 2670 609 2706; x_wconf 88' lang='lat' dir='ltr'>Q.</span> <span class='ocrx_word' id='word_1_264' title='bbox 633 2675 668 2701; x_wconf 82' lang='grc' dir='ltr'><strong>Δ.</strong></span> <span class='ocrx_word' id='word_1_265' title='bbox 687 2676 728 2701; x_wconf 87' lang='grc' dir='ltr'><strong>Π.</strong></span> <span class='ocrx_word' id='word_1_266' title='bbox 744 2674 778 2701; x_wconf 86' lang='grc' dir='ltr'><strong>Σ.</strong></span> <span class='ocrx_word' id='word_1_267' title='bbox 797 2676 841 2700; x_wconf 84' lang='grc' dir='ltr'><strong>Ω.</strong></span> <span class='ocrx_word' id='word_1_268' title='bbox 864 2675 895 2700; x_wconf 89' lang='lat' dir='ltr'>et</span> <span class='ocrx_word' id='word_1_269' title='bbox 909 2668 994 2699; x_wconf 81' lang='lat' dir='ltr'>haud</span> <span class='ocrx_word' id='word_1_270' title='bbox 1009 2668 1068 2699; x_wconf 92' lang='lat' dir='ltr'>du-</span> 
     </span>
     <span class='ocr_line' id='line_1_44' title="bbox 340 2718 1070 2761; baseline 0.004 -12"><span class='ocrx_word' id='word_1_271' title='bbox 340 2718 390 2749; x_wconf 88' lang='lat' dir='ltr'>bie</span> <span class='ocrx_word' id='word_1_272' title='bbox 405 2724 493 2750; x_wconf 88' lang='lat' dir='ltr'>vetus</span> <span class='ocrx_word' id='word_1_273' title='bbox 507 2726 553 2750; x_wconf 88' lang='lat' dir='ltr'>est</span> <span class='ocrx_word' id='word_1_274' title='bbox 567 2721 651 2752; x_wconf 85' lang='lat' dir='ltr'>verbi</span> <span class='ocrx_word' id='word_1_275' title='bbox 666 2732 742 2751; x_wconf 89' lang='lat' dir='ltr'>usus</span> <span class='ocrx_word' id='word_1_276' title='bbox 757 2731 813 2761; x_wconf 88' lang='lat' dir='ltr'>pro</span> <span class='ocrx_word' id='word_1_277' title='bbox 838 2723 995 2752; x_wconf 78' lang='lat' dir='ltr'>hastarum</span> <span class='ocrx_word' id='word_1_278' title='bbox 1004 2736 1014 2757; x_wconf 90' lang='lat'><em>;</em></span> <span class='ocrx_word' id='word_1_279' title='bbox 1038 2727 1070 2752; x_wconf 89' lang='lat' dir='ltr'>et</span> 
     </span>
     <span class='ocr_line' id='line_1_45' title="bbox 339 2772 1070 2816; baseline 0.004 -15"><span class='ocrx_word' id='word_1_280' title='bbox 339 2772 437 2802; x_wconf 88' lang='lat' dir='ltr'>altera</span> <span class='ocrx_word' id='word_1_281' title='bbox 451 2772 553 2810; x_wconf 86' lang='lat' dir='ltr'>lectio,</span> <span class='ocrx_word' id='word_1_282' title='bbox 568 2777 754 2814; x_wconf 78' lang='lat' dir='ltr'>spiculorum</span> <span class='ocrx_word' id='word_1_283' title='bbox 770 2786 892 2816; x_wconf 86' lang='lat' dir='ltr'>nempe,</span> <span class='ocrx_word' id='word_1_284' title='bbox 906 2775 947 2806; x_wconf 92' lang='lat' dir='ltr'>V.</span> <span class='ocrx_word' id='word_1_285' title='bbox 963 2774 1010 2806; x_wconf 89' lang='lat' dir='ltr'>ed.</span> <span class='ocrx_word' id='word_1_286' title='bbox 1022 2774 1070 2805; x_wconf 90' lang='lat' dir='ltr'>vel</span> 
     </span>
     <span class='ocr_line' id='line_1_46' title="bbox 338 2826 1070 2870; baseline 0.005 -15"><span class='ocrx_word' id='word_1_287' title='bbox 338 2826 514 2865; x_wconf 55' lang='lat' dir='ltr'>wiciorum,</span> <span class='ocrx_word' id='word_1_288' title='bbox 542 2827 588 2857; x_wconf 87' lang='lat' dir='ltr'>M.</span> <span class='ocrx_word' id='word_1_289' title='bbox 611 2827 637 2857; x_wconf 84' lang='lat' dir='ltr'>si</span> <span class='ocrx_word' id='word_1_290' title='bbox 663 2827 738 2859; x_wconf 83' lang='lat' dir='ltr'>fides</span> <span class='ocrx_word' id='word_1_291' title='bbox 764 2829 993 2868; x_wconf 85' lang='lat' dir='ltr'>Havercampo,</span> <span class='ocrx_word' id='word_1_292' title='bbox 1019 2829 1070 2870; x_wconf 90' lang='lat' dir='ltr'>(ut</span> 
     </span>
     <span class='ocr_line' id='line_1_47' title="bbox 336 2877 1067 2920; baseline 0.007 -15"><span class='ocrx_word' id='word_1_293' title='bbox 336 2878 434 2916; x_wconf 80' lang='lat' dir='ltr'>poclis</span> <span class='ocrx_word' id='word_1_294' title='bbox 460 2877 663 2915; x_wconf 83' lang='lat' dir='ltr'>Prudentius,</span> <span class='ocrx_word' id='word_1_295' title='bbox 693 2880 858 2920; x_wconf 84' lang='lat' dir='ltr'>peristeph.</span> <span class='ocrx_word' id='word_1_296' title='bbox 884 2891 913 2911; x_wconf 91' lang='lat' dir='ltr'>x.</span> <span class='ocrx_word' id='word_1_297' title='bbox 941 2883 1012 2912; x_wconf 88' lang='lat'>740.</span> <span class='ocrx_word' id='word_1_298' title='bbox 1035 2885 1067 2910; x_wconf 85' lang='lat' dir='ltr'>et</span> 
     </span>
     <span class='ocr_line' id='line_1_48' title="bbox 340 2927 1066 2972; baseline 0.006 -14"><span class='ocrx_word' id='word_1_299' title='bbox 340 2927 403 2959; x_wconf 83' lang='lat' dir='ltr'>alia</span> <span class='ocrx_word' id='word_1_300' title='bbox 417 2927 573 2972; x_wconf 87' lang='lat' dir='ltr'>similiter)</span> <span class='ocrx_word' id='word_1_301' title='bbox 589 2940 648 2971; x_wconf 83' lang='lat' dir='ltr'>pro</span> <span class='ocrx_word' id='word_1_302' title='bbox 662 2930 939 2971; x_wconf 76' lang='lat' dir='ltr'>interpretamento</span> <span class='ocrx_word' id='word_1_303' title='bbox 954 2936 1066 2962; x_wconf 79' lang='lat' dir='ltr'>nostrae</span> 
     </span>
    </p>
   </div>
   <div class='ocr_carea' id='block_1_5' title="bbox 1097 907 1847 2968">
    <p class='ocr_par' dir='ltr' id='par_1_10' title="bbox 1097 907 1840 1466">
     <span class='ocr_line' id='line_1_49' title="bbox 1097 907 1832 950; baseline -0.001 -8"><span class='ocrx_word' id='word_1_304' title='bbox 1097 911 1203 942; x_wconf 87' lang='lat' dir='ltr'>haberi</span> <span class='ocrx_word' id='word_1_305' title='bbox 1218 911 1320 941; x_wconf 89' lang='lat' dir='ltr'>debet.</span> <span class='ocrx_word' id='word_1_306' title='bbox 1365 910 1490 950; x_wconf 80' lang='lat' dir='ltr'>Spicula</span> <span class='ocrx_word' id='word_1_307' title='bbox 1514 907 1632 939; x_wconf 90' lang='lat' dir='ltr'>scilicet</span> <span class='ocrx_word' id='word_1_308' title='bbox 1646 918 1770 940; x_wconf 85' lang='lat' dir='ltr'>merum</span> <span class='ocrx_word' id='word_1_309' title='bbox 1784 915 1832 941; x_wconf 85' lang='lat' dir='ltr'>est</span> 
     </span>
     <span class='ocr_line' id='line_1_50' title="bbox 1098 962 1826 1001; baseline -0.003 -7"><span class='ocrx_word' id='word_1_310' title='bbox 1098 963 1323 994; x_wconf 82' lang='lat' dir='ltr'>diminutivum</span> <span class='ocrx_word' id='word_1_311' title='bbox 1340 975 1378 993; x_wconf 67' lang='lat' dir='ltr'>«re</span> <span class='ocrx_word' id='word_1_312' title='bbox 1391 964 1495 1001; x_wconf 80' lang='lat' dir='ltr'>spica:</span> <span class='ocrx_word' id='word_1_313' title='bbox 1521 966 1557 991; x_wconf 92' lang='lat' dir='ltr'>ut</span> <span class='ocrx_word' id='word_1_314' title='bbox 1571 962 1664 999; x_wconf 86' lang='lat' dir='ltr'>mica,</span> <span class='ocrx_word' id='word_1_315' title='bbox 1693 962 1826 997; x_wconf 81' lang='lat' dir='ltr'>micula,-</span> 
     </span>
     <span class='ocr_line' id='line_1_51' title="bbox 1099 1011 1832 1054; baseline -0.001 -10"><span class='ocrx_word' id='word_1_316' title='bbox 1099 1017 1199 1054; x_wconf 79' lang='lat' dir='ltr'>spina,</span> <span class='ocrx_word' id='word_1_317' title='bbox 1214 1015 1338 1054; x_wconf 77' lang='lat' dir='ltr'>spinula</span> <span class='ocrx_word' id='word_1_318' title='bbox 1347 1029 1358 1049; x_wconf 83' lang='lat'>,-</span> <span class='ocrx_word' id='word_1_319' title='bbox 1383 1018 1415 1043; x_wconf 90' lang='lat' dir='ltr'>et</span> <span class='ocrx_word' id='word_1_320' title='bbox 1429 1011 1551 1042; x_wconf 75' lang='lat' dir='ltr'>similia.</span> <span class='ocrx_word' id='word_1_321' title='bbox 1591 1011 1744 1051; x_wconf 84' lang='lat' dir='ltr'>Isidorus,</span> <span class='ocrx_word' id='word_1_322' title='bbox 1760 1012 1832 1044; x_wconf 84' lang='lat' dir='ltr'>xvii.</span> 
     </span>
     <span class='ocr_line' id='line_1_52' title="bbox 1100 1064 1836 1104; baseline -0.003 -7"><span class='ocrx_word' id='word_1_323' title='bbox 1100 1070 1197 1097; x_wconf 80' lang='lat'>3.—“</span> <span class='ocrx_word' id='word_1_324' title='bbox 1214 1065 1337 1104; x_wconf 86' lang='lat' dir='ltr'>proprie</span> <span class='ocrx_word' id='word_1_325' title='bbox 1363 1067 1448 1104; x_wconf 80' lang='lat' dir='ltr'>spica</span> <span class='ocrx_word' id='word_1_326' title='bbox 1473 1070 1532 1102; x_wconf 86' lang='lat' dir='ltr'>est,</span> <span class='ocrx_word' id='word_1_327' title='bbox 1562 1074 1636 1095; x_wconf 91' lang='lat' dir='ltr'>cum</span> <span class='ocrx_word' id='word_1_328' title='bbox 1662 1074 1717 1104; x_wconf 87' lang='lat' dir='ltr'>per</span> <span class='ocrx_word' id='word_1_329' title='bbox 1738 1064 1836 1095; x_wconf 90' lang='lat' dir='ltr'>culmi</span> 
     </span>
     <span class='ocr_line' id='line_1_53' title="bbox 1103 1115 1836 1147; baseline 0.001 -1"><span class='ocrx_word' id='word_1_330' title='bbox 1103 1120 1126 1136; x_wconf 76' lang='lat'>‘⁶</span> <span class='ocrx_word' id='word_1_331' title='bbox 1143 1115 1467 1147; x_wconf 66' lang='lat' dir='ltr'>folliculum—aristae</span> <span class='ocrx_word' id='word_1_332' title='bbox 1482 1115 1585 1146; x_wconf 88' lang='lat' dir='ltr'>adhuc</span> <span class='ocrx_word' id='word_1_333' title='bbox 1597 1121 1708 1146; x_wconf 66' lang='lat' dir='ltr'>tenues</span> <span class='ocrx_word' id='word_1_334' title='bbox 1721 1117 1755 1146; x_wconf 89' lang='lat' dir='ltr'>in</span> <span class='ocrx_word' id='word_1_335' title='bbox 1767 1124 1836 1147; x_wconf 86' lang='lat' dir='ltr'>mo-</span> 
     </span>
     <span class='ocr_line' id='line_1_54' title="bbox 1106 1167 1835 1208; baseline 0.001 -9"><span class='ocrx_word' id='word_1_336' title='bbox 1106 1172 1129 1187; x_wconf 91' lang='lat'>“</span> <span class='ocrx_word' id='word_1_337' title='bbox 1145 1168 1223 1199; x_wconf 90' lang='lat' dir='ltr'>dum</span> <span class='ocrx_word' id='word_1_338' title='bbox 1236 1170 1349 1208; x_wconf 73' lang='lat' dir='ltr'>spiculi</span> <span class='ocrx_word' id='word_1_339' title='bbox 1371 1167 1542 1198; x_wconf 86' lang='lat' dir='ltr'>eminent.”</span> <span class='ocrx_word' id='word_1_340' title='bbox 1590 1167 1691 1198; x_wconf 85' lang='lat' dir='ltr'>Idem.</span> <span class='ocrx_word' id='word_1_341' title='bbox 1706 1168 1790 1199; x_wconf 86' lang='lat' dir='ltr'>xviii.</span> <span class='ocrx_word' id='word_1_342' title='bbox 1806 1172 1835 1200; x_wconf 87' lang='lat'>8.</span> 
     </span>
     <span class='ocr_line' id='line_1_55' title="bbox 1105 1218 1838 1261; baseline 0.001 -11"><span class='ocrx_word' id='word_1_343' title='bbox 1105 1224 1128 1239; x_wconf 89' lang='lat'><strong>“</strong></span> <span class='ocrx_word' id='word_1_344' title='bbox 1144 1222 1268 1261; x_wconf 61' lang='lat' dir='ltr'>spicula</span> <span class='ocrx_word' id='word_1_345' title='bbox 1285 1227 1360 1250; x_wconf 83' lang='lat' dir='ltr'>sunt</span> <span class='ocrx_word' id='word_1_346' title='bbox 1375 1219 1509 1260; x_wconf 68' lang='lat' dir='ltr'>sagittae,</span> <span class='ocrx_word' id='word_1_347' title='bbox 1524 1218 1574 1249; x_wconf 85' lang='lat' dir='ltr'>vel</span> <span class='ocrx_word' id='word_1_348' title='bbox 1587 1218 1706 1250; x_wconf 77' lang='lat' dir='ltr'>lanoeae</span> <span class='ocrx_word' id='word_1_349' title='bbox 1721 1221 1838 1258; x_wconf 81' lang='lat' dir='ltr'>breves,</span> 
     </span>
     <span class='ocr_line' id='line_1_56' title="bbox 1107 1271 1836 1312; baseline 0.003 -10"><span class='ocrx_word' id='word_1_350' title='bbox 1107 1276 1130 1290; x_wconf 90' lang='lat'><strong>“</strong></span> <span class='ocrx_word' id='word_1_351' title='bbox 1145 1273 1185 1302; x_wconf 88' lang='lat' dir='ltr'>ab</span> <span class='ocrx_word' id='word_1_352' title='bbox 1198 1274 1356 1312; x_wconf 80' lang='lat' dir='ltr'>spicarum</span> <span class='ocrx_word' id='word_1_353' title='bbox 1371 1271 1473 1310; x_wconf 85' lang='lat' dir='ltr'>specie</span> <span class='ocrx_word' id='word_1_354' title='bbox 1488 1271 1700 1311; x_wconf 77' lang='lat' dir='ltr'>nuncupata.”</span> <span class='ocrx_word' id='word_1_355' title='bbox 1749 1272 1836 1304; x_wconf 87' lang='lat' dir='ltr'>Con-</span> 
     </span>
     <span class='ocr_line' id='line_1_57' title="bbox 1107 1322 1840 1362; baseline 0.003 -9"><span class='ocrx_word' id='word_1_356' title='bbox 1107 1323 1174 1353; x_wconf 88' lang='lat' dir='ltr'>sule</span> <span class='ocrx_word' id='word_1_357' title='bbox 1191 1323 1294 1353; x_wconf 87' lang='lat' dir='ltr'>Gratii</span> <span class='ocrx_word' id='word_1_358' title='bbox 1308 1332 1418 1362; x_wconf 86' lang='lat' dir='ltr'>cyneg.</span> <span class='ocrx_word' id='word_1_359' title='bbox 1434 1332 1494 1352; x_wconf 88' lang='lat' dir='ltr'>ver.</span> <span class='ocrx_word' id='word_1_360' title='bbox 1510 1325 1580 1354; x_wconf 82' lang='lat'>118.</span> <span class='ocrx_word' id='word_1_361' title='bbox 1599 1328 1632 1353; x_wconf 84' lang='lat' dir='ltr'>et</span> <span class='ocrx_word' id='word_1_362' title='bbox 1639 1322 1748 1354; x_wconf 78' lang='lat' dir='ltr'>doctos</span> <span class='ocrx_word' id='word_1_363' title='bbox 1759 1324 1840 1355; x_wconf 75' lang='lat' dir='ltr'>Bar-</span> 
     </span>
     <span class='ocr_line' id='line_1_58' title="bbox 1106 1374 1838 1416; baseline 0.004 -12"><span class='ocrx_word' id='word_1_364' title='bbox 1106 1374 1162 1404; x_wconf 85' lang='lat' dir='ltr'>thii</span> <span class='ocrx_word' id='word_1_365' title='bbox 1193 1374 1450 1412; x_wconf 77' lang='lat' dir='ltr'>commentarios3</span> <span class='ocrx_word' id='word_1_366' title='bbox 1473 1384 1531 1405; x_wconf 84' lang='lat' dir='ltr'>nec</span> <span class='ocrx_word' id='word_1_367' title='bbox 1560 1384 1625 1405; x_wconf 88' lang='lat' dir='ltr'>non</span> <span class='ocrx_word' id='word_1_368' title='bbox 1653 1375 1838 1416; x_wconf 78' lang='lat' dir='ltr'>Virgilium,</span> 
     </span>
     <span class='ocr_line' id='line_1_59' title="bbox 1106 1426 1301 1466; baseline 0 -10"><span class='ocrx_word' id='word_1_369' title='bbox 1106 1436 1174 1466; x_wconf 91' lang='lat' dir='ltr'>geo.</span> <span class='ocrx_word' id='word_1_370' title='bbox 1190 1426 1210 1456; x_wconf 92' lang='lat' dir='ltr'>i.</span> <span class='ocrx_word' id='word_1_371' title='bbox 1231 1429 1301 1458; x_wconf 78' lang='lat'>292.</span> 
     </span>
    </p>

    <p class='ocr_par' dir='ltr' id='par_1_11' title="bbox 1106 1476 1846 2190">
     <span class='ocr_line' id='line_1_60' title="bbox 1152 1476 1843 1513; baseline 0.004 -7"><span class='ocrx_word' id='word_1_372' title='bbox 1152 1476 1223 1508; x_wconf 87' lang='lat' dir='ltr'>Ver.</span> <span class='ocrx_word' id='word_1_373' title='bbox 1241 1481 1313 1508; x_wconf 80' lang='lat'>200.</span> <span class='ocrx_word' id='word_1_374' title='bbox 1339 1478 1451 1508; x_wconf 75' lang='lat' dir='ltr'>lVenu:</span> <span class='ocrx_word' id='word_1_375' title='bbox 1479 1476 1524 1507; x_wconf 79' lang='lat' dir='ltr'>sie</span> <span class='ocrx_word' id='word_1_376' title='bbox 1553 1477 1592 1513; x_wconf 85' lang='lat' dir='ltr'>Q.</span> <span class='ocrx_word' id='word_1_377' title='bbox 1619 1477 1656 1508; x_wconf 92' lang='lat' dir='ltr'>B.</span> <span class='ocrx_word' id='word_1_378' title='bbox 1681 1476 1718 1507; x_wconf 89' lang='lat' dir='ltr'>L.</span> <span class='ocrx_word' id='word_1_379' title='bbox 1745 1477 1794 1508; x_wconf 88' lang='lat' dir='ltr'>M.</span> <span class='ocrx_word' id='word_1_380' title='bbox 1816 1478 1843 1509; x_wconf 83' lang='lat' dir='ltr'>si</span> 
     </span>
     <span class='ocr_line' id='line_1_61' title="bbox 1107 1527 1839 1560; baseline 0.001 -1"><span class='ocrx_word' id='word_1_381' title='bbox 1107 1528 1203 1560; x_wconf 88' lang='lat' dir='ltr'>modo</span> <span class='ocrx_word' id='word_1_382' title='bbox 1231 1539 1318 1559; x_wconf 87' lang='lat' dir='ltr'>veros</span> <span class='ocrx_word' id='word_1_383' title='bbox 1344 1528 1513 1559; x_wconf 87' lang='lat' dir='ltr'>habuimus</span> <span class='ocrx_word' id='word_1_384' title='bbox 1532 1527 1707 1559; x_wconf 76' lang='lat' dir='ltr'>collatores:</span> <span class='ocrx_word' id='word_1_385' title='bbox 1734 1529 1839 1560; x_wconf 73' lang='lat' dir='ltr'>eoeoeri</span> 
     </span>
     <span class='ocr_line' id='line_1_62' title="bbox 1106 1580 1845 1621; baseline 0 -10"><span class='ocrx_word' id='word_1_386' title='bbox 1106 1591 1227 1619; x_wconf 58' lang='lat' dir='ltr'>omnes,</span> <span class='ocrx_word' id='word_1_387' title='bbox 1253 1582 1369 1619; x_wconf 73' lang='lat' dir='ltr'>IVulla,</span> <span class='ocrx_word' id='word_1_388' title='bbox 1385 1586 1496 1619; x_wconf 84' lang='lat' dir='ltr'>praeter</span> <span class='ocrx_word' id='word_1_389' title='bbox 1512 1585 1549 1611; x_wconf 90' lang='grc' dir='ltr'><strong>Δ.</strong></span> <span class='ocrx_word' id='word_1_390' title='bbox 1573 1580 1629 1621; x_wconf 91' lang='lat' dir='ltr'>qui</span> <span class='ocrx_word' id='word_1_391' title='bbox 1647 1582 1765 1617; x_wconf 84' lang='lat' dir='ltr'>Noemi,</span> <span class='ocrx_word' id='word_1_392' title='bbox 1786 1590 1845 1620; x_wconf 81' lang='lat' dir='ltr'>pro</span> 
     </span>
     <span class='ocr_line' id='line_1_63' title="bbox 1106 1631 1841 1674; baseline 0.001 -11"><span class='ocrx_word' id='word_1_393' title='bbox 1106 1633 1305 1674; x_wconf 85' lang='lat' dir='ltr'>exquisitiore</span> <span class='ocrx_word' id='word_1_394' title='bbox 1319 1632 1480 1669; x_wconf 80' lang='lat' dir='ltr'>vocabulo,</span> <span class='ocrx_word' id='word_1_395' title='bbox 1495 1631 1580 1673; x_wconf 89' lang='lat' dir='ltr'>quod</span> <span class='ocrx_word' id='word_1_396' title='bbox 1592 1631 1841 1671; x_wconf 78' lang='lat' dir='ltr'>imprimendum</span> 
     </span>
     <span class='ocr_line' id='line_1_64' title="bbox 1110 1683 1840 1722; baseline 0.003 -8"><span class='ocrx_word' id='word_1_397' title='bbox 1110 1683 1279 1722; x_wconf 90' lang='lat' dir='ltr'>voluimus,</span> <span class='ocrx_word' id='word_1_398' title='bbox 1305 1683 1443 1714; x_wconf 89' lang='lat' dir='ltr'>multum</span> <span class='ocrx_word' id='word_1_399' title='bbox 1467 1683 1598 1714; x_wconf 84' lang='lat' dir='ltr'>faciens:</span> <span class='ocrx_word' id='word_1_400' title='bbox 1626 1683 1696 1714; x_wconf 88' lang='lat' dir='ltr'>vide</span> <span class='ocrx_word' id='word_1_401' title='bbox 1711 1684 1750 1715; x_wconf 90' lang='lat' dir='ltr'>iv.</span> <span class='ocrx_word' id='word_1_402' title='bbox 1767 1686 1840 1716; x_wconf 85' lang='lat'>716.</span> 
     </span>
     <span class='ocr_line' id='line_1_65' title="bbox 1111 1734 1843 1774; baseline 0 -8"><span class='ocrx_word' id='word_1_403' title='bbox 1111 1735 1237 1766; x_wconf 88' lang='lat' dir='ltr'>Nonius</span> <span class='ocrx_word' id='word_1_404' title='bbox 1268 1735 1452 1773; x_wconf 82' lang='lat' dir='ltr'>Marcellus,</span> <span class='ocrx_word' id='word_1_405' title='bbox 1489 1735 1521 1765; x_wconf 90' lang='lat' dir='ltr'>ii.</span> <span class='ocrx_word' id='word_1_406' title='bbox 1552 1737 1625 1766; x_wconf 87' lang='lat'>580.</span> <span class='ocrx_word' id='word_1_407' title='bbox 1659 1734 1843 1774; x_wconf 84' lang='lat' dir='ltr'>exemplum</span> 
     </span>
     <span class='ocr_line' id='line_1_66' title="bbox 1111 1785 1846 1825; baseline 0.003 -9"><span class='ocrx_word' id='word_1_408' title='bbox 1111 1787 1303 1816; x_wconf 82' lang='lat' dir='ltr'>conservavit</span> <span class='ocrx_word' id='word_1_409' title='bbox 1327 1786 1411 1817; x_wconf 84' lang='lat' dir='ltr'>vocis</span> <span class='ocrx_word' id='word_1_410' title='bbox 1437 1787 1534 1817; x_wconf 73' lang='lat' dir='ltr'>IVenu</span> <span class='ocrx_word' id='word_1_411' title='bbox 1563 1795 1602 1816; x_wconf 87' lang='lat' dir='ltr'>ex</span> <span class='ocrx_word' id='word_1_412' title='bbox 1630 1785 1786 1825; x_wconf 79' lang='lat' dir='ltr'>Varrone,</span> <span class='ocrx_word' id='word_1_413' title='bbox 1813 1792 1846 1818; x_wconf 87' lang='lat' dir='ltr'>et</span> 
     </span>
     <span class='ocr_line' id='line_1_67' title="bbox 1109 1836 1842 1869; baseline 0 -1"><span class='ocrx_word' id='word_1_414' title='bbox 1109 1838 1243 1868; x_wconf 87' lang='lat' dir='ltr'>alterum</span> <span class='ocrx_word' id='word_1_415' title='bbox 1259 1837 1382 1868; x_wconf 89' lang='lat' dir='ltr'>Lucilii.</span> <span class='ocrx_word' id='word_1_416' title='bbox 1415 1837 1491 1868; x_wconf 87' lang='lat' dir='ltr'>Non</span> <span class='ocrx_word' id='word_1_417' title='bbox 1506 1837 1629 1868; x_wconf 81' lang='lat' dir='ltr'>videtur</span> <span class='ocrx_word' id='word_1_418' title='bbox 1642 1836 1717 1868; x_wconf 80' lang='lat' dir='ltr'>alibi</span> <span class='ocrx_word' id='word_1_419' title='bbox 1732 1847 1842 1869; x_wconf 82' lang='lat' dir='ltr'>occur-</span> 
     </span>
     <span class='ocr_line' id='line_1_68' title="bbox 1110 1889 1844 1921; baseline -0.001 0"><span class='ocrx_word' id='word_1_420' title='bbox 1110 1901 1177 1921; x_wconf 84' lang='lat' dir='ltr'>rere</span> <span class='ocrx_word' id='word_1_421' title='bbox 1200 1891 1234 1920; x_wconf 91' lang='lat' dir='ltr'>in</span> <span class='ocrx_word' id='word_1_422' title='bbox 1261 1891 1530 1921; x_wconf 86' lang='lat' dir='ltr'>monimentorum</span> <span class='ocrx_word' id='word_1_423' title='bbox 1553 1889 1743 1920; x_wconf 76' lang='lat' dir='ltr'>Latinorum</span> <span class='ocrx_word' id='word_1_424' title='bbox 1770 1889 1844 1920; x_wconf 88' lang='lat' dir='ltr'>reli-</span> 
     </span>
     <span class='ocr_line' id='line_1_69' title="bbox 1109 1941 1840 1984; baseline -0.001 -11"><span class='ocrx_word' id='word_1_425' title='bbox 1109 1943 1298 1984; x_wconf 63' lang='lat' dir='ltr'>quiis—pro</span> <span class='ocrx_word' id='word_1_426' title='bbox 1313 1954 1423 1983; x_wconf 81' lang='lat' dir='ltr'>quam:</span> <span class='ocrx_word' id='word_1_427' title='bbox 1449 1942 1494 1972; x_wconf 88' lang='lat' dir='ltr'>sic</span> <span class='ocrx_word' id='word_1_428' title='bbox 1510 1949 1555 1973; x_wconf 85' lang='grc' dir='ltr'>Ω..</span> <span class='ocrx_word' id='word_1_429' title='bbox 1578 1943 1625 1972; x_wconf 89' lang='lat' dir='ltr'>uti</span> <span class='ocrx_word' id='word_1_430' title='bbox 1641 1941 1739 1972; x_wconf 84' lang='lat' dir='ltr'>editio</span> <span class='ocrx_word' id='word_1_431' title='bbox 1755 1943 1840 1972; x_wconf 86' lang='lat' dir='ltr'>Ant-</span> 
     </span>
     <span class='ocr_line' id='line_1_70' title="bbox 1109 1992 1842 2033; baseline 0 -9"><span class='ocrx_word' id='word_1_432' title='bbox 1109 1995 1278 2033; x_wconf 85' lang='lat' dir='ltr'>werpiana,</span> <span class='ocrx_word' id='word_1_433' title='bbox 1304 1994 1381 2024; x_wconf 87' lang='lat' dir='ltr'>anni</span> <span class='ocrx_word' id='word_1_434' title='bbox 1410 1996 1502 2025; x_wconf 88' lang='lat'>1565.</span> <span class='ocrx_word' id='word_1_435' title='bbox 1528 1998 1561 2023; x_wconf 84' lang='lat' dir='ltr'>et</span> <span class='ocrx_word' id='word_1_436' title='bbox 1579 1992 1842 2032; x_wconf 75' lang='lat' dir='ltr'>ancofunana,</span> 
     </span>
     <span class='ocr_line' id='line_1_71' title="bbox 1110 2047 1844 2080; baseline 0.001 -2"><span class='ocrx_word' id='word_1_437' title='bbox 1110 2048 1186 2078; x_wconf 89' lang='lat' dir='ltr'>anni</span> <span class='ocrx_word' id='word_1_438' title='bbox 1204 2051 1296 2078; x_wconf 81' lang='lat' dir='ltr'>1c51.</span> <span class='ocrx_word' id='word_1_439' title='bbox 1319 2047 1505 2078; x_wconf 77' lang='lat' dir='ltr'>Verissime:</span> <span class='ocrx_word' id='word_1_440' title='bbox 1532 2047 1603 2078; x_wconf 85' lang='lat' dir='ltr'>vide</span> <span class='ocrx_word' id='word_1_441' title='bbox 1626 2047 1668 2078; x_wconf 85' lang='lat' dir='ltr'>sis</span> <span class='ocrx_word' id='word_1_442' title='bbox 1693 2047 1777 2078; x_wconf 80' lang='lat' dir='ltr'>dicta</span> <span class='ocrx_word' id='word_1_443' title='bbox 1802 2047 1844 2080; x_wconf 85' lang='lat' dir='ltr'>ad</span> 
     </span>
     <span class='ocr_line' id='line_1_72' title="bbox 1110 2097 1841 2140; baseline 0 -10"><span class='ocrx_word' id='word_1_444' title='bbox 1110 2099 1143 2131; x_wconf 89' lang='lat' dir='ltr'>ii.</span> <span class='ocrx_word' id='word_1_445' title='bbox 1176 2102 1267 2130; x_wconf 81' lang='lat'>1156.</span> <span class='ocrx_word' id='word_1_446' title='bbox 1293 2099 1330 2129; x_wconf 91' lang='grc' dir='ltr'><strong>Ρ.</strong></span> <span class='ocrx_word' id='word_1_447' title='bbox 1354 2109 1498 2139; x_wconf 79' lang='lat' dir='ltr'>quoeque;</span> <span class='ocrx_word' id='word_1_448' title='bbox 1524 2097 1648 2139; x_wconf 83' lang='lat' dir='ltr'>reliqui,</span> <span class='ocrx_word' id='word_1_449' title='bbox 1669 2109 1841 2140; x_wconf 76' lang='lat' dir='ltr'>perquam,-</span> 
     </span>
     <span class='ocr_line' id='line_1_73' title="bbox 1110 2161 1348 2190; baseline 0 -10"><span class='ocrx_word' id='word_1_450' title='bbox 1110 2161 1183 2182; x_wconf 80' lang='lat' dir='ltr'>vero</span> <span class='ocrx_word' id='word_1_451' title='bbox 1198 2161 1348 2190; x_wconf 81' lang='lat' dir='ltr'>proxime.</span> 
     </span>
    </p>

    <p class='ocr_par' dir='ltr' id='par_1_12' title="bbox 1108 2200 1847 2968">
     <span class='ocr_line' id='line_1_74' title="bbox 1155 2200 1841 2233; baseline 0.001 -2"><span class='ocrx_word' id='word_1_452' title='bbox 1155 2201 1229 2232; x_wconf 87' lang='lat' dir='ltr'>Ver.</span> <span class='ocrx_word' id='word_1_453' title='bbox 1257 2205 1329 2232; x_wconf 81' lang='lat'>201.</span> <span class='ocrx_word' id='word_1_454' title='bbox 1373 2202 1435 2232; x_wconf 78' lang='lat' dir='ltr'>Et:</span> <span class='ocrx_word' id='word_1_455' title='bbox 1477 2200 1514 2231; x_wconf 90' lang='lat' dir='ltr'>P.</span> <span class='ocrx_word' id='word_1_456' title='bbox 1559 2202 1841 2233; x_wconf 53' lang='lat' dir='ltr'>lsi—mobilitate.-</span> 
     </span>
     <span class='ocr_line' id='line_1_75' title="bbox 1112 2253 1845 2293; baseline -0.001 -8"><span class='ocrx_word' id='word_1_457' title='bbox 1112 2254 1209 2285; x_wconf 84' lang='lat' dir='ltr'>Vind.</span> <span class='ocrx_word' id='word_1_458' title='bbox 1226 2255 1263 2285; x_wconf 93' lang='lat' dir='ltr'>L.</span> <span class='ocrx_word' id='word_1_459' title='bbox 1280 2255 1319 2290; x_wconf 86' lang='lat' dir='ltr'>Q.</span> <span class='ocrx_word' id='word_1_460' title='bbox 1334 2255 1522 2285; x_wconf 72' lang='lat' dir='ltr'>nzobilitata:</span> <span class='ocrx_word' id='word_1_461' title='bbox 1540 2253 1596 2284; x_wconf 87' lang='lat' dir='ltr'>sed</span> <span class='ocrx_word' id='word_1_462' title='bbox 1609 2253 1690 2284; x_wconf 84' lang='lat' dir='ltr'>mihi</span> <span class='ocrx_word' id='word_1_463' title='bbox 1702 2259 1845 2293; x_wconf 77' lang='lat' dir='ltr'>suspecta</span> 
     </span>
     <span class='ocr_line' id='line_1_76' title="bbox 1111 2305 1845 2346; baseline 0 -9"><span class='ocrx_word' id='word_1_464' title='bbox 1111 2313 1158 2337; x_wconf 82' lang='lat' dir='ltr'>est</span> <span class='ocrx_word' id='word_1_465' title='bbox 1182 2305 1367 2337; x_wconf 90' lang='lat' dir='ltr'>collatorum</span> <span class='ocrx_word' id='word_1_466' title='bbox 1392 2305 1775 2346; x_wconf 57' lang='lat' dir='ltr'>diligentia—fruuntur.-</span> <span class='ocrx_word' id='word_1_467' title='bbox 1801 2305 1845 2338; x_wconf 85' lang='lat' dir='ltr'>sic</span> 
     </span>
     <span class='ocr_line' id='line_1_77' title="bbox 1111 2356 1844 2397; baseline 0 -9"><span class='ocrx_word' id='word_1_468' title='bbox 1111 2358 1147 2388; x_wconf 93' lang='lat' dir='ltr'>P.</span> <span class='ocrx_word' id='word_1_469' title='bbox 1164 2357 1261 2388; x_wconf 78' lang='lat' dir='ltr'>Vind.</span> <span class='ocrx_word' id='word_1_470' title='bbox 1280 2358 1320 2387; x_wconf 85' lang='lat' dir='ltr'>V.</span> <span class='ocrx_word' id='word_1_471' title='bbox 1337 2357 1384 2387; x_wconf 87' lang='lat' dir='ltr'>ed.</span> <span class='ocrx_word' id='word_1_472' title='bbox 1406 2357 1445 2388; x_wconf 93' lang='grc' dir='ltr'><strong>Ο.</strong></span> <span class='ocrx_word' id='word_1_473' title='bbox 1465 2357 1504 2393; x_wconf 85' lang='lat' dir='ltr'>Q.</span> <span class='ocrx_word' id='word_1_474' title='bbox 1520 2363 1551 2386; x_wconf 84' lang='lat' dir='ltr'>et</span> <span class='ocrx_word' id='word_1_475' title='bbox 1577 2361 1611 2388; x_wconf 83' lang='grc' dir='ltr'><strong>Σ.</strong></span> <span class='ocrx_word' id='word_1_476' title='bbox 1639 2356 1673 2386; x_wconf 88' lang='lat' dir='ltr'>in</span> <span class='ocrx_word' id='word_1_477' title='bbox 1688 2356 1844 2397; x_wconf 81' lang='lat' dir='ltr'>margine,</span> 
     </span>
     <span class='ocr_line' id='line_1_78' title="bbox 1110 2408 1839 2450; baseline -0.001 -10"><span class='ocrx_word' id='word_1_478' title='bbox 1110 2409 1307 2440; x_wconf 86' lang='lat' dir='ltr'>multimodis</span> <span class='ocrx_word' id='word_1_479' title='bbox 1331 2409 1518 2450; x_wconf 73' lang='lat' dir='ltr'>elegantius:</span> <span class='ocrx_word' id='word_1_480' title='bbox 1544 2408 1652 2449; x_wconf 83' lang='lat' dir='ltr'>vulgo,</span> <span class='ocrx_word' id='word_1_481' title='bbox 1671 2408 1839 2450; x_wconf 77' lang='lat' dir='ltr'>seruntur,-</span> 
     </span>
     <span class='ocr_line' id='line_1_79' title="bbox 1109 2459 1842 2503; baseline -0.003 -11"><span class='ocrx_word' id='word_1_482' title='bbox 1109 2461 1193 2503; x_wconf 92' lang='lat' dir='ltr'>quod</span> <span class='ocrx_word' id='word_1_483' title='bbox 1210 2461 1289 2501; x_wconf 88' lang='lat' dir='ltr'>sapit</span> <span class='ocrx_word' id='word_1_484' title='bbox 1305 2460 1406 2501; x_wconf 86' lang='lat' dir='ltr'>magis</span> <span class='ocrx_word' id='word_1_485' title='bbox 1420 2460 1655 2491; x_wconf 89' lang='lat' dir='ltr'>emendatorem</span> <span class='ocrx_word' id='word_1_486' title='bbox 1669 2459 1842 2500; x_wconf 82' lang='lat' dir='ltr'>plebeium,</span> 
     </span>
     <span class='ocr_line' id='line_1_80' title="bbox 1109 2511 1843 2555; baseline -0.003 -11"><span class='ocrx_word' id='word_1_487' title='bbox 1109 2524 1204 2555; x_wconf 85' lang='lat' dir='ltr'>quam</span> <span class='ocrx_word' id='word_1_488' title='bbox 1217 2512 1391 2544; x_wconf 85' lang='lat' dir='ltr'>suavissimi</span> <span class='ocrx_word' id='word_1_489' title='bbox 1407 2513 1506 2552; x_wconf 83' lang='lat' dir='ltr'>po&#39;e&#39;tae</span> <span class='ocrx_word' id='word_1_490' title='bbox 1522 2511 1779 2543; x_wconf 65' lang='lat' dir='ltr'>venustiss‘mum</span> <span class='ocrx_word' id='word_1_491' title='bbox 1793 2520 1843 2542; x_wconf 83' lang='lat' dir='ltr'>ar-</span> 
     </span>
     <span class='ocr_line' id='line_1_81' title="bbox 1110 2563 1847 2605; baseline -0.003 -8"><span class='ocrx_word' id='word_1_492' title='bbox 1110 2566 1256 2597; x_wconf 87' lang='lat' dir='ltr'>tificium:</span> <span class='ocrx_word' id='word_1_493' title='bbox 1275 2572 1317 2604; x_wconf 91' lang='lat' dir='ltr'>et,</span> <span class='ocrx_word' id='word_1_494' title='bbox 1333 2576 1374 2596; x_wconf 87' lang='lat' dir='ltr'>an</span> <span class='ocrx_word' id='word_1_495' title='bbox 1390 2576 1423 2596; x_wconf 90' lang='lat' dir='ltr'>re</span> <span class='ocrx_word' id='word_1_496' title='bbox 1439 2565 1510 2596; x_wconf 62' lang='lat' dir='ltr'>veri</span> <span class='ocrx_word' id='word_1_497' title='bbox 1525 2570 1703 2605; x_wconf 79' lang='lat' dir='ltr'>compareat</span> <span class='ocrx_word' id='word_1_498' title='bbox 1713 2564 1747 2595; x_wconf 83' lang='lat' dir='ltr'>in</span> <span class='ocrx_word' id='word_1_499' title='bbox 1758 2563 1847 2595; x_wconf 83' lang='lat' dir='ltr'>libris</span> 
     </span>
     <span class='ocr_line' id='line_1_82' title="bbox 1111 2617 1845 2658; baseline -0.003 -9"><span class='ocrx_word' id='word_1_500' title='bbox 1111 2618 1325 2649; x_wconf 83' lang='lat' dir='ltr'>vetustissimis</span> <span class='ocrx_word' id='word_1_501' title='bbox 1351 2619 1418 2649; x_wconf 89' lang='lat' dir='ltr'>haec</span> <span class='ocrx_word' id='word_1_502' title='bbox 1444 2618 1546 2656; x_wconf 80' lang='lat' dir='ltr'>lectio,</span> <span class='ocrx_word' id='word_1_503' title='bbox 1572 2617 1626 2658; x_wconf 92' lang='lat' dir='ltr'>qui</span> <span class='ocrx_word' id='word_1_504' title='bbox 1654 2617 1712 2648; x_wconf 76' lang='lat' dir='ltr'>ista</span> <span class='ocrx_word' id='word_1_505' title='bbox 1738 2626 1845 2647; x_wconf 80' lang='lat' dir='ltr'>exem-</span> 
     </span>
     <span class='ocr_line' id='line_1_83' title="bbox 1111 2667 1846 2710; baseline -0.003 -10"><span class='ocrx_word' id='word_1_506' title='bbox 1111 2669 1211 2710; x_wconf 82' lang='lat' dir='ltr'>plaria</span> <span class='ocrx_word' id='word_1_507' title='bbox 1233 2676 1381 2709; x_wconf 88' lang='lat' dir='ltr'>poterunt</span> <span class='ocrx_word' id='word_1_508' title='bbox 1405 2669 1504 2700; x_wconf 89' lang='lat' dir='ltr'>oculis</span> <span class='ocrx_word' id='word_1_509' title='bbox 1536 2678 1699 2708; x_wconf 86' lang='lat' dir='ltr'>usurpare,</span> <span class='ocrx_word' id='word_1_510' title='bbox 1730 2667 1846 2698; x_wconf 73' lang='lat' dir='ltr'>melius</span> 
     </span>
     <span class='ocr_line' id='line_1_84' title="bbox 1113 2719 1846 2762; baseline -0.004 -9"><span class='ocrx_word' id='word_1_511' title='bbox 1113 2722 1256 2753; x_wconf 80' lang='lat' dir='ltr'>dixerint.</span> <span class='ocrx_word' id='word_1_512' title='bbox 1281 2725 1388 2754; x_wconf 83' lang='lat' dir='ltr'>Fruor</span> <span class='ocrx_word' id='word_1_513' title='bbox 1403 2728 1435 2752; x_wconf 87' lang='lat' dir='ltr'>et</span> <span class='ocrx_word' id='word_1_514' title='bbox 1445 2723 1548 2762; x_wconf 78' lang='lat' dir='ltr'>potior</span> <span class='ocrx_word' id='word_1_515' title='bbox 1563 2720 1728 2762; x_wconf 84' lang='lat' dir='ltr'>aliquoties</span> <span class='ocrx_word' id='word_1_516' title='bbox 1741 2719 1846 2751; x_wconf 80' lang='lat' dir='ltr'>valent</span> 
     </span>
     <span class='ocr_line' id='line_1_85' title="bbox 1112 2772 1845 2816; baseline -0.005 -10"><span class='ocrx_word' id='word_1_517' title='bbox 1112 2774 1293 2815; x_wconf 89' lang='lat' dir='ltr'>simpliciter</span> <span class='ocrx_word' id='word_1_518' title='bbox 1307 2776 1413 2813; x_wconf 82' lang='lat' dir='ltr'>habeo,</span> <span class='ocrx_word' id='word_1_519' title='bbox 1418 2773 1554 2816; x_wconf 85' lang='lat' dir='ltr'>fungor,</span> <span class='ocrx_word' id='word_1_520' title='bbox 1570 2772 1619 2804; x_wconf 87' lang='lat' dir='ltr'>vel</span> <span class='ocrx_word' id='word_1_521' title='bbox 1628 2774 1785 2813; x_wconf 75' lang='lat' dir='ltr'>possideo:</span> <span class='ocrx_word' id='word_1_522' title='bbox 1810 2781 1845 2802; x_wconf 73' lang='lat' dir='ltr'>a·</span> 
     </span>
     <span class='ocr_line' id='line_1_86' title="bbox 1113 2822 1846 2863; baseline -0.005 -6"><span class='ocrx_word' id='word_1_523' title='bbox 1113 2826 1188 2857; x_wconf 85' lang='lat' dir='ltr'>deas</span> <span class='ocrx_word' id='word_1_524' title='bbox 1202 2831 1357 2863; x_wconf 87' lang='lat' dir='ltr'>nostrum,</span> <span class='ocrx_word' id='word_1_525' title='bbox 1373 2825 1404 2856; x_wconf 89' lang='lat' dir='ltr'>ii.</span> <span class='ocrx_word' id='word_1_526' title='bbox 1420 2827 1493 2856; x_wconf 83' lang='lat'>652.</span> <span class='ocrx_word' id='word_1_527' title='bbox 1509 2824 1548 2854; x_wconf 83' lang='lat' dir='ltr'>iv.</span> <span class='ocrx_word' id='word_1_528' title='bbox 1562 2826 1633 2856; x_wconf 88' lang='lat'>765.</span> <span class='ocrx_word' id='word_1_529' title='bbox 1659 2822 1748 2854; x_wconf 86' lang='lat' dir='ltr'>Hinc</span> <span class='ocrx_word' id='word_1_530' title='bbox 1759 2832 1846 2853; x_wconf 82' lang='lat' dir='ltr'>erra·</span> 
     </span>
     <span class='ocr_line' id='line_1_87' title="bbox 1108 2873 1844 2915; baseline -0.007 -6"><span class='ocrx_word' id='word_1_531' title='bbox 1108 2880 1161 2909; x_wconf 86' lang='lat' dir='ltr'>bat</span> <span class='ocrx_word' id='word_1_532' title='bbox 1177 2877 1336 2915; x_wconf 82' lang='lat' dir='ltr'>Davisius,</span> <span class='ocrx_word' id='word_1_533' title='bbox 1356 2876 1433 2907; x_wconf 91' lang='lat' dir='ltr'>dum</span> <span class='ocrx_word' id='word_1_534' title='bbox 1449 2881 1610 2906; x_wconf 83' lang='lat' dir='ltr'>extrusum</span> <span class='ocrx_word' id='word_1_535' title='bbox 1622 2875 1688 2905; x_wconf 85' lang='lat' dir='ltr'>ibat</span> <span class='ocrx_word' id='word_1_536' title='bbox 1697 2873 1844 2906; x_wconf 86' lang='lat' dir='ltr'>codicum</span> 
     </span>
     <span class='ocr_line' id='line_1_88' title="bbox 1109 2923 1842 2968; baseline -0.004 -7"><span class='ocrx_word' id='word_1_537' title='bbox 1109 2928 1289 2968; x_wconf 81' lang='lat' dir='ltr'>lectionem,</span> <span class='ocrx_word' id='word_1_538' title='bbox 1313 2927 1354 2959; x_wconf 82' lang='lat' dir='ltr'>ad</span> <span class='ocrx_word' id='word_1_539' title='bbox 1381 2927 1541 2960; x_wconf 79' lang='lat' dir='ltr'>Ciceronis</span> <span class='ocrx_word' id='word_1_540' title='bbox 1567 2926 1662 2959; x_wconf 79' lang='lat' dir='ltr'>Tusc.</span> <span class='ocrx_word' id='word_1_541' title='bbox 1684 2925 1782 2967; x_wconf 80' lang='lat' dir='ltr'>dispp.</span> <span class='ocrx_word' id='word_1_542' title='bbox 1799 2923 1842 2958; x_wconf 75' lang='lat' dir='ltr'>iii·</span> 
     </span>
    </p>
   </div>
  </div>
 </body>
</html>
