1912 3292
0 919 2 942 i

0 944 2 963 Ι

462 191 698 241 LIBER
745 189 1099 238 TERTIUS.

1469 199 1529 242 67

183 326 388 370 Exhalare
407 337 557 378 vapore
576 321 734 373 altaria,
764 320 950 376 ferreque
971 320 1143 362 fumum:

182 403 292 444 Nam
310 398 454 455 procul
472 398 564 438 haec
584 396 712 438 dubio
732 396 851 437 nobis
872 396 1088 438 simulacra
1106 403 1329 454 genuntur:

68 482 149 518 435
182 476 305 517 Nunc
325 474 467 530 igitur,
496 472 708 528 quoniam,
738 472 934 528 quassatis
954 471 1138 528 undique
1155 471 1276 521 vasis,

182 548 383 592 Diffluere
402 547 636 597 humorem,
663 555 703 588 et
723 547 884 588 laticem
905 546 1129 595 discedere,
1163 545 1314 594 cernis;

182 622 239 664 Et
259 622 423 672 nebula,
456 637 503 662 ac
523 621 674 670 fumus,
704 621 901 677 quoniam
921 619 1093 661 discedit
1113 619 1156 659 in
1177 633 1318 668 auras3

184 696 320 738 Crede
339 696 520 737 animam
541 711 704 752 quoque
724 694 915 745 diffundi,
947 693 1158 749 multoque
1176 693 1311 748 perire

183 770 341 826 Ocyus,
373 785 420 811 ac
441 770 560 811 citius
580 768 743 810 dissolvi
763 770 807 810 in
828 783 1003 824 corpora
1021 768 1172 823 prima,
1216 810 1223 811 ἶ

67 851 150 887 440
182 844 325 894 Quom
345 843 468 885 semel
487 858 540 884 ex
559 842 738 884 hominis
759 843 969 893 membris,
1002 842 1154 893 ablata,
1180 841 1356 883 recessit.

0 973 3 1037 i
36 1001 143 1034 confer
157 1000 231 1032 ibid·
246 1011 310 1031 ver·
328 1003 400 1032 486·
425 999 514 1030 Hinc
525 999 684 1040 ΡθΠίἆθέῑ5
693 1011 763 1040 Pto·
809 1008 859 1038 vel
885 1008 911 1037 si
929 1008 971 1038 sis
992 1005 1144 1037 morosior
1175 1006 1251 1037 huic
1271 1005 1342 1036 loco
1365 1004 1539 1037 convenire.

36 1055 200 1095 prietatem
224 1053 307 1084 vocis
335 1055 511 1091 ανελθαν-τες,
540 1055 766 1092 adscendentes,

36 1107 123 1148 apud
141 1106 318 1143 AElianum,
340 1115 402 1135 var.
417 1105 486 1135 hist.
502 1105 545 1135 iii.
560 1108 613 1136 57.
636 1111 667 1135 et
681 1115 765 1135 ema-

38 1159 124 1191 cules
140 1158 303 1196 Ovidium,
326 1157 412 1196 epist.
428 1158 490 1188 xxi.
509 1160 559 1189 95.

71 1217 167 1243 sedula
177 1224 223 1242 me
233 1217 329 1241 nutrix
339 1216 406 1240 altas
417 1223 525 1248 quoque
535 1217 610 1241 ducit
620 1217 647 1241 in
659 1216 734 1241 edes.

38 1279 158 1320 Vulgo,
189 1281 287 1310 alias:
321 1288 391 1318 quae
412 1288 501 1308 voces
536 1279 674 1308 confusae
696 1284 770 1308 sunt

40 1330 136 1360 etiam
151 1328 191 1359 ad
207 1329 345 1367 Livium,
368 1330 482 1360 xxxvii.
502 1333 549 1360 16.
567 1332 593 1361 7.
617 1330 672 1360 ubi
695 1340 768 1360 con-

39 1381 123 1412 sulas
138 1381 442 1412 Drakenborchium.
474 1382 591 1422 Atque,
608 1388 645 1412 ut
654 1388 770 1421 noster,

39 1434 74 1464 in
89 1435 201 1464 somnis
215 1434 318 1473 sopiti,
341 1432 428 1463 idem
444 1432 550 1471 Maro,
567 1433 642 1464 AEn.
657 1433 677 1464 i.
694 1437 768 1464 680.

136 1491 214 1514 Hunc
225 1497 286 1522 ego,
303 1490 412 1522 sopitum
423 1498 553 1516 :omno—.-

0 1543 1 1583 J
41 1544 72 1570 et
83 1538 232 1570 Valerius
249 1538 421 1575 Maximus,
444 1539 486 1570 ix.
502 1543 530 1570 2.
547 1546 606 1571 ext.
623 1545 652 1571 6.
670 1552 770 1572 somno

40 1593 132 1631 sopiti
137 1605 147 1622 .·
166 1598 202 1637 ut
218 1591 369 1622 Phaedrus
383 1591 489 1630 etiam,
505 1592 551 1623 iii.
572 1596 618 1624 10.
631 1596 681 1623 51.
699 1604 772 1624 cum

41 1642 189 1675 Cornelio
207 1644 342 1683 Nepote,
367 1654 398 1674 x.
415 1648 444 1674 2.
459 1644 512 1675 fin.
529 1645 690 1686 HyginuS,
715 1656 770 1685 po-

38 1695 81 1726 et.
105 1701 218 1726 astron.
241 1696 275 1726 ii.
291 1699 390 1727 8.——“
406 1707 502 1737 quem
526 1697 682 1736 Nemesis,
706 1708 772 1729 non

45 1752 68 1768 ‘⁶
83 1749 279 1789 adspernata,
302 1752 442 1789 amplexu
465 1756 585 1787 tenenS,
608 1762 709 1782 somno
727 1757 772 1782 est

43 1803 68 1820 *ὅ
83 1801 269 1842 consopita.'’
320 1801 370 1831 Sic
399 1802 598 1832 scribendum
623 1813 698 1833 cum
719 1813 770 1833 co-

44 1852 124 1891 dice,
148 1863 213 1883 non
227 1855 409 1893 amplexum.

87 1906 163 1936 Ver.
179 1909 251 1936 455.
275 1908 433 1938 Exhalare
447 1918 566 1947 vapore.
591 1908 643 1938 Ita
657 1908 773 1940 scilicet

44 1957 250 1988 inu-ansitivis
263 1958 381 1998 gaudet
395 1959 574 1989 Lucretius:
602 1959 682 1990 alius
701 1961 772 1991 dix-

43 2008 116 2039 isset
140 2008 242 2047 poeta,
266 2010 424 2040 Exhalare
451 2021 590 2050 vaporem
595 2026 607 2046 ;
643 2017 685 2049 et,
712 2012 774 2042 nisi

43 2061 304 2093 consuetudinem
319 2063 430 2102 poetae,
445 2073 539 2104 quem
552 2064 685 2103 expolio,
702 2075 774 2104 pro-

43 2114 83 2144 be
96 2113 255 2152 canerem,
279 2113 413 2145 libenter
433 2116 621 2154 putavissem
638 2117 774 2148 incurio-

45 2175 96 2196 sos
109 2165 308 2196 librariorum
330 2166 437 2197 oculos
456 2167 607 2199 lineolam
622 2175 774 2199 transver-

45 2226 123 2253 sam,
137 2220 258 2257 vapor-E,
281 2227 346 2247 non
360 2224 528 2249 assecutos:
554 2219 608 2249 sed
624 2219 703 2250 nihil
717 2230 774 2251 no·

48 2268 186 2300 vandum
201 2279 321 2300 censeo.
368 2270 519 2301 Similiter
533 2271 698 2312 Vegetius,
719 2279 774 2304 art.

47 2324 106 2349 vet.
121 2319 164 2350 iii.
181 2323 231 2352 70.
246 2324 346 2351 5.-“
363 2327 404 2358 et,
419 2332 494 2352 cum
505 2323 584 2352 bene
599 2323 775 2363 agitaveris,

50 2372 73 2388 ‘⁶
87 2369 227 2408 claudam
249 2382 289 2402 ne
312 2372 389 2402 odor
402 2373 506 2403 herbae
528 2372 670 2403 salutaris
684 2377 774 2405 erha-

48 2424 71 2440 “
87 2421 158 2452 let.’'
202 2422 286 2453 Vide
301 2434 357 2453 nos
377 2423 417 2454 ad
439 2424 460 2454 i.
485 2428 558 2456 598.
587 2428 657 2456 787.
683 2429 773 2458 1090.

50 2472 144 2513 Virg.
156 2483 227 2513 geo.
243 2473 282 2505 iv.
299 2477 370 2506 109.
395 2475 470 2506 AEn.
486 2475 507 2506 i.
523 2480 595 2508 417.

91 2524 165 2556 Ver.
182 2529 254 2557 434.
278 2528 352 2558 ἠως.
389 2527 488 2568 Leg0‚
513 2530 605 2560 hinc:
640 2529 661 2560 i.
684 2539 712 2560 e.
736 2539 775 2560 ex

48 2577 248 2618 imaginibus.
293 2579 517 2611 Bzunmus.

51 2628 144 2660 Certe
164 2629 210 2660 sic
231 2628 398 2660 dilucidior
420 2631 507 2662 locus
532 2631 688 2670 evaderet3
723 2632 777 2663 sed

49 2680 313 2720 emendationem,
328 2682 414 2714 haud
425 2694 550 2723 prorsus
560 2685 776 2725 necessariam,

50 2738 160 2762 uonna
173 2731 268 2763 libros
282 2733 418 2774 recipere
432 2745 498 2765 non
513 2735 620 2775 placet.

94 2782 177 2814 Ibid.
196 2791 364 2824 genuntur.
409 2786 493 2817 Haec
506 2793 552 2817 est
566 2788 715 2819 Lambini
729 2798 777 2818 re·

52 2831 181 2873 diffido,
203 2845 261 2875 pro
278 2843 446 2877 geruntur:
471 2849 542 2879 quae
555 2838 647 2870 lectio
664 2845 778 2870 cuncta

53 2885 238 2927 exemplaria.
260 2889 437 2931 occupavit;
463 2890 519 2923 sed
542 2901 626 2934 aegre
650 2891 777 2933 dixeris,

1144 1031 1153 1043 ,

813 1060 873 1090 Vir
887 1060 1032 1100 egregius
1045 1058 1175 1096 scilicet,
1198 1064 1229 1088 et
1246 1057 1286 1088 de
1308 1057 1430 1088 Latinis
1445 1057 1542 1088 literis

814 1111 1042 1149 meritissimus,
1066 1111 1181 1150 passim
1203 1110 1371 1148 reponebat
1392 1110 1473 1140 hanc
1487 1120 1542 1140 vo-

815 1174 899 1200 cem3
922 1162 977 1192 sed
999 1172 1096 1202 usque
1122 1161 1162 1191 ad
1183 1161 1243 1190 hoc
1263 1165 1389 1199 tempus
1412 1166 1543 1191 conatus

815 1214 844 1244 ei
858 1213 1034 1250 infeliciter,
1058 1212 1148 1242 nobis
1162 1211 1271 1242 saltem
1283 1210 1454 1250 judicibus,
1477 1220 1543 1241 ces-

814 1275 888 1296 sere.
923 1264 1093 1301 Arnobius,
1113 1263 1164 1294 lib.
1183 1263 1222 1293 iv.
1240 1273 1269 1302 p.
1286 1266 1357 1292 141.
1390 1266 1412 1281 “
1426 1261 1490 1292 His
1511 1262 1546 1293 in

816 1319 838 1335 “
854 1316 959 1346 lucem
973 1315 1129 1355 prodeunt
1143 1312 1395 1355 generationibus
1417 1312 1463 1343 dii
1477 1323 1543 1343 ves-

817 1371 839 1386 “
855 1367 905 1403 tri,
929 1367 1042 1407 quibus
1068 1366 1157 1402 asini,
1180 1365 1276 1405 porci,
1301 1374 1405 1403 canes,
1431 1364 1547 1405 quibus

817 1419 1023 1450 “immunda
1047 1419 1114 1449 haec
1140 1419 1245 1448 omnis
1271 1423 1483 1457 conceptatur,
1514 1423 1543 1447 et

815 1475 837 1490 “
850 1473 985 1511 genitur,
1018 1477 1213 1501 terrenarum
1247 1469 1403 1509 proluvies
1430 1468 1544 1499 bestia·

817 1527 840 1543 ‘⁶
855 1534 928 1554 rum
935 1522 966 1555 ?”
988 1522 1180 1560 Priscianus,
1192 1521 1244 1551 lib.
1255 1531 1283 1551 x.
1296 1531 1325 1560 p.
1339 1523 1410 1552 898.
1427 1524 1449 1539 “
1463 1520 1542 1560 Gig-

817 1579 838 1594 “
854 1585 906 1612 no,
929 1575 1035 1616 genui,
1059 1584 1116 1614 pro
1141 1583 1216 1614 quo,
1245 1584 1321 1613 geno
1345 1571 1542 1602 vetustissimi

817 1630 840 1646 “
855 1626 1019 1666 protulisse
1033 1625 1246 1656 inveniuntur.
1291 1624 1394 1654 Varro
1417 1623 1451 1653 in
1475 1624 1546 1653 An.

818 1682 840 1698 “
856 1678 974 1709 dabata.
1023 1677 1084 1708 Sed
1099 1677 1183 1719 quod
1197 1678 1264 1707 haec
1279 1675 1347 1705 loca
1362 1675 1480 1716 aliquid
1491 1687 1545 1715 ge-

817 1734 839 1749 “
854 1737 942 1762 nunt.
989 1730 1091 1770 Cujus
1112 1729 1273 1759 infinitum
1293 1727 1452 1766 passivum
1476 1727 1546 1758 Lu-

817 1786 839 1802 “
854 1783 968 1813 cretius
982 1782 1016 1812 in
1031 1781 1070 1812 iv.
1088 1781 1146 1823 (iii.
1165 1780 1251 1820 798.)
1267 1778 1396 1819 protulit
1407 1781 1498 1819 geni:

1133 1855 1153 1868 ‘⁸
1163 1856 1241 1878 tanto
1252 1852 1336 1884 magis
1347 1851 1521 1877 inficiandum

851 1898 870 1911 “
880 1898 986 1921 Totum
997 1903 1073 1928 posse
1083 1899 1164 1920 extra
1175 1901 1270 1926 corpus
1280 1894 1386 1923 durare,
1400 1893 1545 1925 geniquea’

819 1959 881 1990 Sed
895 1960 947 1989 hic
967 1959 1071 1999 Hylas
1091 1959 1160 1999 jam
1185 1957 1293 1987 multis
1316 1962 1362 1987 est
1383 1963 1539 1988 cantatus:

817 2010 959 2041 consulat
972 2010 1069 2050 igitur
1083 2009 1179 2039 lector
1186 2008 1287 2039 lexica
1297 2008 1450 2049 vulgaria,
1466 2009 1543 2039 Vic-

817 2066 934 2096 torium
959 2065 999 2096 ad
1014 2066 1149 2096 Varron.
1173 2065 1212 2096 de
1236 2075 1270 2095 re
1293 2071 1367 2096 rust.
1394 2064 1419 2103 i..
1437 2067 1490 2094 31.
1514 2065 1544 2091 4.

818 2117 936 2148 indices
958 2117 991 2147 in
1008 2117 1145 2148 eundem
1161 2117 1347 2153 Varronem,
1370 2126 1443 2146 cum
1460 2117 1544 2147 Gro-

819 2169 912 2200 novio
926 2169 966 2199 ad
984 2169 1136 2205 Gellium,
1158 2169 1201 2199 iii.
1221 2172 1268 2200 16.
1313 2168 1488 2205 Hesselius,
1510 2168 1546 2199 in

817 2221 1004 2262 fragmentis
1025 2220 1194 2260 Ennianis,
1220 2222 1279 2251 hac
1301 2231 1375 2251 voce
1399 2221 1545 2252 Ennium

818 2271 953 2309 donavit,
983 2272 1038 2302 sed
1063 2282 1121 2303 suo
1144 2272 1292 2312 periculo,
1322 2278 1414 2313 atque
1438 2278 1546 2303 contra

818 2334 907 2354 meos
921 2323 1031 2354 saltem
1046 2323 1149 2355 libros.

862 2375 935 2405 Ver.
951 2377 1024 2406 455.
1041 2376 1210 2415 quassatis:
1236 2373 1256 2404 i.
1271 2384 1297 2404 e.
1313 2373 1476 2413 disruptis;
1492 2372 1545 2404 sed

817 2435 910 2456 sensu
934 2425 1120 2456 secundario
1143 2432 1174 2456 et
1199 2431 1418 2465 consequente:
1454 2428 1477 2442 “
1501 2424 1545 2455 ita

819 2479 841 2495 “
856 2480 1008 2509 concussis
1020 2478 1146 2514 scilicet,
1162 2483 1199 2508 ut
1207 2475 1464 2518 dg'ffrc'nganturss'
1476 2475 1543 2506 No-

817 2528 900 2568 nius,
923 2530 961 2560 iv.
986 2533 1036 2562 59.
1061 2533 1083 2549 “
1103 2532 1253 2565 Quassum
1279 2534 1325 2559 est
1347 2528 1544 2567 convulsum,

820 2587 841 2602 “
857 2590 889 2614 et
902 2595 963 2616 mm
977 2587 1140 2625 integrum.
1166 2584 1255 2623 Virg.
1267 2584 1341 2614 AEn.
1352 2582 1404 2614 lib.
1415 2582 1454 2614 iv.
1464 2584 1549 2626 (ver.

821 2638 844 2654 ‘⁶
860 2636 926 2676 55.)
976 2638 1195 2677 Quassataeque
1209 2637 1318 2666 rates.''

822 2687 952 2718 Lucem
975 2698 1099 2727 nempe,
1122 2694 1153 2718 et
1176 2686 1281 2728 aliqua
1306 2692 1397 2718 tenus
1413 2687 1543 2730 fractae.

826 2739 980 2770 Accusate
1010 2741 1106 2781 igitur
1144 2751 1194 2771 vas
1223 2746 1409 2781 quassatum,
1439 2740 1472 2771 id
1501 2746 1547 2771 est

822 2793 845 2809 “
860 2791 946 2831 quod
970 2793 1058 2823 rimis
1076 2791 1214 2833 fatiscit,
1244 2798 1275 2823 et
1299 2792 1479 2832 proximum
1501 2797 1548 2822 est

821 2845 844 2861 ‘⁸
861 2843 1014 2881 fracturae,
1030 2844 1109 2875 adeo
1122 2850 1159 2875 ut
1174 2844 1276 2886 liquor
1290 2855 1344 2885 per
1358 2845 1547 2886 spiramenta

821 2897 844 2915 “
859 2894 992 2928 effluaw
1035 2896 1132 2929 Plinii
1153 2897 1240 2930 locus
1254 2903 1311 2938 est,
1338 2898 1372 2930 in
1396 2904 1458 2933 nat.
1474 2899 1544 2931 hist.

1396 2949 1472 2974 βψ
