1912 3292
359 212 449 251 180

850 200 910 248 Τ.
964 199 1341 248 LUCRETII

360 339 466 376 1045
498 334 554 377 Et
573 333 818 389 contempsit
837 333 966 388 equis,
989 332 1202 383 insultans,
1224 347 1437 374 murmura
1457 334 1591 388 ponti3

489 409 668 452 Lumine
688 408 896 464 adempto,
919 407 1097 449 animam
1118 407 1369 449 moribundo
1389 421 1561 462 corpore
1580 406 1697 449 fudit.

349 568 393 600 iii.
417 571 489 600 585.
514 568 562 598 vel
586 571 657 600 558.
683 566 754 598 edit.
782 565 1075 598 Bentleianae.—Ia-

349 631 459 651 cunas:
488 620 528 650 V.
544 619 744 650 edlucanas.

396 671 475 702 Ibid.
493 672 638 712 pedibus5
664 669 752 708 ponti
776 669 884 709 utique
906 667 1076 698 insistenti-

350 725 426 754 bus:
462 722 481 752 i.
503 732 529 752 e.
564 725 586 739 “
605 720 734 755 Xerxes,
768 719 886 759 junctis
922 718 1076 757 pontibus,

351 778 373 792 “
391 775 491 803 maria
510 772 639 811 pedibus
660 769 882 810 7›eragravit:”
908 779 979 809 quae
1005 774 1079 798 sunt

351 823 504 863 ipsissima
521 820 685 851 Ammiani
703 819 881 851 Marcellini
908 820 1010 857 verba,
1036 819 1075 849 ad

350 875 423 904 xxii.
442 878 469 904 8.
515 873 574 903 Est
596 872 681 902 enim
697 872 816 911 po‘etica
831 871 876 902 rei
893 871 1074 912 magnifica-

349 926 406 963 tio,
431 924 522 965 quasi
545 933 578 953 re
604 921 676 953 vera
698 922 851 963 liquidam
880 922 1076 962 superficiem

311 971 313 973 ¹
329 968 333 971 ⁵
349 976 438 1017 ponti
453 974 732 1015 perambulassent,
747 979 784 1003 ut
799 973 944 1003 homines
965 973 1075 1013 gigan·

350 1029 400 1060 tea
420 1026 651 1068 magnitudine,
666 1035 744 1067 quos
756 1030 860 1056 noster
874 1023 976 1062 finxit,
997 1023 1036 1054 ad
1052 1024 1074 1054 i.

351 1085 423 1112 2⁷01.

511 1138 614 1171 pedibus
625 1137 686 1168 quei
697 1139 802 1169 pontum
813 1143 860 1168 per
871 1135 940 1160 vada
949 1137 1056 1166 possent

381 1182 538 1207 Transire—.

352 1230 582 1270 Contempleris
595 1229 722 1263 interea,
737 1237 832 1268 quam
847 1226 980 1257 libenter
991 1226 1078 1256 tenui

351 1283 504 1315 sermonis
518 1281 650 1313 ubertati
666 1281 700 1311 in
715 1278 974 1319 descriptionibus
999 1278 1077 1318 ejus,

349 1334 506 1375 emphasis
520 1339 552 1364 et
567 1346 707 1375 εναργειως
723 1329 834 1372 gratia,
849 1328 1014 1360 Lucretius
1029 1328 1076 1358 in.

349 1388 492 1429 dulgent:

774 1444 851 1475 Juvat
862 1449 945 1474 usque
954 1441 1064 1471 morari,

400 1489 433 1512 Et
444 1487 568 1512 conferre
579 1486 734 1518 gradum—.

394 1551 470 1582 Ver.
489 1553 579 1581 1045.
595 1550 788 1589 contempsit:
807 1547 849 1578 V.
860 1547 913 1578 ed.
929 1548 1058 1578 contusit
1068 1561 1078 1582 ;

352 1612 447 1644 quam
462 1601 642 1632 varietatem
657 1609 722 1630 non
745 1605 861 1629 temere
887 1597 1079 1638 abjecissem,

351 1654 378 1683 si
389 1660 584 1692 compertum
593 1652 750 1685 haberem,
764 1649 954 1689 antiquiores
962 1648 1078 1678 forma-

352 1705 432 1734 visse
447 1702 638 1743 praeteritum
653 1700 738 1731 verbi
755 1701 849 1730 tundo
865 1699 900 1728 in
921 1701 984 1729 tusi
990 1712 1000 1728 .·
1025 1697 1080 1728 sed

353 1754 433 1784 nihil
459 1755 568 1789 habeo,
595 1751 679 1793 quod
701 1760 793 1790 super
807 1751 865 1780 hac
881 1759 915 1780 re
929 1759 1004 1780 cum
1019 1749 1081 1780 lec·

353 1807 472 1838 toribus
493 1803 883 1843 communicem.—equis:
909 1801 953 1832 ita
976 1811 1082 1832 exem-

352 1859 452 1898 plaria
466 1858 508 1888 ad
529 1866 632 1888 unum
657 1855 780 1895 scripta,
807 1864 865 1884 nec
888 1853 994 1884 minus
1020 1854 1081 1884 im-

353 1921 457 1951 pressa
473 1915 608 1946 vetusta;
624 1907 709 1939 unde
720 1906 809 1948 digni
821 1912 895 1936 sunt
906 1905 1084 1936 mehercule

355 1963 497 1997 editores.
523 1961 578 2002 qui
608 1960 761 1990 fustuario
776 1959 872 1998 probe
887 1957 1083 1994 dedolentur‚

354 2012 602 2045 Lambinianum
616 2012 715 2051 aquis,
740 2009 937 2040 arbitrarium
960 2019 1084 2048 prorsus

356 2072 388 2097 et
406 2063 641 2106 conjectarium,
666 2061 811 2092 unanimi
837 2070 989 2091 consensu
1013 2070 1083 2099 pro-

355 2122 513 2159 pagantes,
566 2115 703 2154 Nempe,
728 2114 761 2143 in
788 2113 910 2143 duobus
932 2112 1082 2150 versibus,

357 2169 411 2210 qui
427 2167 610 2208 praeiverint,
624 2164 791 2196 transitum
805 2164 966 2204 copiarum
976 2166 1083 2204 pedes-

356 2222 464 2257 trium,
480 2219 513 2249 in
529 2219 587 2249 hoc
598 2227 723 2248 rursum
733 2217 924 2257 equestrium,
939 2215 1084 2246 describit

358 2277 470 2303 noster.
494 2271 610 2301 Veram
625 2269 792 2300 lectionem
808 2267 928 2298 calculo
942 2278 999 2298 suo
1018 2267 1083 2297 Sal-

357 2324 475 2354 masius
486 2322 624 2360 donavit,
640 2327 671 2351 et
687 2320 863 2357 Bentleius3
887 2319 1001 2360 quibus
1015 2329 1086 2358 pro.

356 2375 512 2410 bantibus,
531 2373 718 2404 Creechium
735 2371 955 2412 obloquentem
967 2370 1084 2401 morer?

360 2426 476 2457 Refero
503 2430 609 2455 tamen
639 2425 724 2465 equ'is
753 2422 793 2453 ad
820 2425 997 2463 contempsit
1003 2438 1013 2459 ;
1038 2427 1085 2460 ut,

360 2479 445 2520 quod
459 2477 644 2518 ambiguum
660 2476 749 2512 foret,
769 2475 908 2506 evitetur.
953 2473 1085 2515 Virgili-

360 2542 409 2569 us,
439 2541 507 2572 geo.
533 2529 576 2560 iii.
607 2532 620 2559 1
631 2532 678 2560 16.
716 2527 854 2559 Lucretii
883 2536 1017 2565 memor,
1047 2525 1086 2557 de

360 2594 446 2624 equo:

603 2643 709 2675 equitem
719 2643 835 2668 docuere
846 2642 895 2666 sub
905 2641 985 2666 armis

396 2687 521 2712 insultare
531 2687 654 2712 solo—:

363 2743 397 2773 in
412 2753 506 2784 quem
525 2753 650 2774 versum
674 2742 928 2775 Burmannianas
946 2740 1088 2772 animad-

364 2794 518 2825 versiones
530 2795 663 2836 perlege.
709 2795 862 2832 Quamvis
880 2793 954 2825 ferri
971 2798 1092 2834 poterat

363 2848 448 2887 equis
459 2848 615 2882 insultare,
630 2856 763 2885 procum
778 2849 872 2888 equis.
897 2845 1001 2884 Idem,
1015 2845 1089 2876 AEn·

364 2897 414 2928 vii.
432 2900 503 2929 580.

1456 570 1556 589 nemora
1567 563 1627 588 avia
1637 565 1736 589 matres

1167 604 1293 628 Insultant
1304 604 1399 628 thiasis.

1123 671 1184 702 Sed
1199 682 1234 701 ea
1249 671 1345 701 tutior
1361 677 1414 707 est,
1439 682 1534 712 quam
1556 682 1614 703 nus
1637 670 1767 713 ingressi
1791 681 1843 701 su-

1121 733 1192 753 mus
1207 723 1298 753 viam.
1338 723 1469 759 Servius,
1485 723 1526 754 ad
1539 724 1624 754 hunc
1641 722 1785 765 Maronis
1797 721 1846 752 lo-

1121 784 1203 810 cum,
1220 774 1335 815 frigore
1345 775 1416 805 ferit
1431 775 1550 809 omnia,
1567 785 1672 805 veram
1687 780 1846 805 construo-

1117 825 1235 857 tionem
1261 837 1324 857 non
1349 833 1466 857 tenens.
1509 827 1585 858 Jam
1608 837 1682 857 vero
1706 831 1846 857 nostram

1119 877 1283 909 lectionem
1300 879 1404 909 firmat
1418 890 1477 910 ver.
1495 883 1546 910 52.
1586 879 1704 910 Culicis
1713 877 1846 919 Virgili-

1119 929 1179 964 ani,
1202 929 1271 959 aliis
1282 930 1349 970 jam
1365 930 1516 967 laudatus,
1539 936 1570 961 et
1585 931 1659 961 binc
1680 929 1846 961 evidentis·

1119 980 1197 1010 sime
1211 991 1385 1020 expressus:

1151 1048 1209 1073 Non
1221 1047 1401 1080 Heltespomm,
1414 1049 1519 1081 pedibus
1526 1050 1643 1082 pulsatus
1653 1056 1783 1082 equorum.

1121 1116 1335 1155 Hellespontus
1357 1116 1466 1156 utique
1491 1116 1648 1155 audacter,
1675 1126 1732 1156 pro
1746 1121 1850 1157 ponte,

1121 1167 1252 1198 instrato
1263 1167 1418 1198 fluctibus.
1450 1167 1518 1198 Nec
1528 1167 1635 1198 minus
1646 1166 1851 1204 Claudianus,

1122 1219 1155 1249 in
1173 1220 1280 1250 Rufin.
1296 1220 1316 1250 i.
1327 1223 1400 1252 375.
1416 1219 1455 1250 ad
1470 1230 1538 1250 rem
1552 1225 1691 1251 nostram
1706 1219 1794 1251 facit:
1820 1230 1824 1233 ·

1533 1304 1671 1330 calcabitur
1680 1311 1756 1336 asper
1794 1295 1803 1300 ’

1151 1342 1240 1367 Phasis
1250 1350 1321 1375 equo,
1333 1347 1490 1375 pontemque
1501 1344 1556 1375 pati
1567 1348 1680 1376 cogetur
1690 1345 1806 1370 Araxes:

1122 1411 1256 1442 eandem
1272 1425 1369 1442 εννοιαιν
1383 1411 1482 1443 verbis
1497 1413 1687 1444 variantibus
1707 1413 1755 1444 bis
1776 1414 1852 1444 effe-

1123 1473 1202 1493 rens.
1248 1463 1301 1494 Ad
1315 1474 1410 1504 quem
1432 1465 1563 1496 modum
1586 1465 1774 1503 Eumenius,
1795 1476 1851 1506 pa-

1124 1525 1193 1556 neg.
1212 1515 1377 1547 Constant.
1397 1518 1482 1558 Aug.
1498 1523 1570 1548 sect.
1588 1521 1639 1548 13.
1665 1521 1688 1536 “
1706 1518 1767 1550 Sed
1781 1519 1852 1558 pul-

1124 1572 1146 1586 “
1163 1569 1274 1600 chrum
1297 1570 1353 1600 tibi
1375 1570 1586 1607 videtur,—ut
1609 1571 1742 1603 Rhenus
1754 1571 1852 1603 ille-

1125 1625 1146 1639 “
1162 1631 1242 1652 novo
1263 1629 1356 1662 ponte
1381 1625 1525 1661 calcetur,
1548 1624 1601 1655 ubi
1626 1630 1711 1656 totus
1732 1624 1852 1655 est—.”

1122 1673 1153 1703 E
1170 1673 1298 1713 Corippi
1313 1674 1356 1705 iii.
1381 1679 1453 1707 292.
1477 1676 1738 1716 operaepretium
1758 1675 1856 1708 fuerit

1124 1726 1314 1766 corruptelas
1339 1727 1510 1767 sustulisse,
1539 1729 1642 1768 pravis
1666 1729 1854 1761 lectionibus

1125 1777 1437 1820 distinctionibusque
1450 1779 1611 1811 fedissime
1625 1780 1754 1821 turpati:

1482 1858 1648 1890 fremituque
1657 1866 1797 1891 sonorum,
1816 1854 1822 1860 “

1126 1896 1309 1928 cornipedum
1321 1897 1435 1928 liquidos
1445 1904 1503 1921 cum
1512 1899 1610 1923 terruit
1621 1899 1723 1931 ungula
1733 1906 1853 1932 campos,

1128 1935 1253 1960 Insanum
1267 1935 1378 1961 volvens
1388 1936 1542 1969 strepitum,
1559 1937 1721 1963 calcavimus
1731 1939 1841 1964 Ebtum.

1128 2003 1247 2044 Vulgo,
1263 2004 1413 2044 fremitus
1439 2009 1531 2045 atque
1556 2015 1621 2036 cett.
1667 2005 1712 2036 Et
1735 2008 1854 2047 ungula

1125 2059 1252 2095 volvens,
1275 2059 1315 2087 ob
1330 2068 1439 2088 currus
1454 2067 1606 2097 appensos
1619 2059 1745 2090 scilicet.

1171 2109 1251 2140 Ibid.
1270 2111 1446 2149 contempsit
1462 2121 1622 2142 murmura
1632 2115 1730 2151 ponti.
1755 2111 1857 2145 Hune

1125 2161 1232 2193 locum
1248 2161 1414 2192 aemulatus
1423 2168 1470 2192 est
1482 2161 1686 2201 Claudianus,
1702 2163 1736 2194 in
1747 2165 1856 2197 Rufin-

1126 2214 1157 2244 ii.
1177 2217 1245 2244 123.
1262 2223 1356 2254 quem
1372 2223 1410 2243 ex
1425 2213 1582 2244 codicibus
1596 2215 1767 2252 restituam,
1790 2227 1856 2249 non

1128 2265 1322 2297 intellectum
1343 2265 1525 2305 editoribus,
1547 2272 1641 2308 atque
1661 2266 1739 2299 adeo
1753 2269 1857 2301 defor-

1129 2324 1266 2349 matum:

1130 2394 1207 2418 Haud
1219 2394 1307 2424 aliter,
1316 2395 1430 2420 Xerxen
1441 2398 1501 2420 toto
1512 2394 1592 2420 simul
1603 2397 1668 2422 orbe
1677 2400 1796 2428 secutus.

1131 2435 1258 2458 Narratur
1268 2433 1383 2466 rapuisse
1393 2440 1474 2466 vagos
1484 2435 1621 2460 exercitus
1629 2442 1733 2467 amnes,

1131 2475 1163 2498 Et
1175 2473 1233 2499 telis
1245 2473 1364 2498 vibrasse
1374 2474 1464 2504 dicun
1482 2481 1567 2506 quum
1579 2475 1703 2501 classibus
1712 2476 1764 2503 iret

1128 2515 1176 2538 Per
1187 2512 1320 2545 scopulos,
1335 2516 1496 2545 tectumque
1503 2514 1578 2547 pedes
1587 2518 1752 2541 contemneret
1761 2523 1854 2550 σφων.

1132 2581 1196 2612 Ubi
1215 2581 1418 2619 nobilissima,
1442 2588 1473 2613 et
1485 2593 1558 2614 vere
1572 2583 1748 2625 magnifica,
1770 2584 1856 2616 locu-

1131 2633 1186 2669 tio.
1209 2636 1277 2666 telis
1301 2636 1432 2666 vibrasse
1456 2637 1548 2672 diem,
1570 2635 1662 2674 valet,
1685 2638 1708 2654 “
1723 2635 1858 2669 alterum

1133 2687 1156 2703 ‘⁸
1171 2684 1256 2716 diem
1278 2686 1482 2717 multitudine
1505 2692 1537 2717 et
1559 2686 1723 2727 splendore
1751 2698 1859 2720 corus-

1135 2738 1157 2754 “
1173 2737 1314 2767 cantium
1335 2737 1483 2776 telorum,
1507 2737 1604 2768 solem
1628 2738 1715 2779 quasi
1745 2749 1857 2778 provo-

1136 2790 1158 2806 “
1173 2788 1315 2818 cantium
1329 2794 1422 2829 atque
1443 2788 1673 2828 aemulantium,
1696 2789 1857 2821 efficere:”

1133 2848 1196 2880 quo
1210 2839 1290 2870 nihil
1301 2839 1462 2879 pulchrius
1472 2840 1785 2882 magnificentiusque
1798 2841 1857 2872 fin-

1131 2893 1164 2934 gi
1178 2899 1286 2934 potest.
1331 2893 1418 2930 Quid
1431 2893 1533 2930 velim,
1555 2894 1666 2926 melior
1687 2895 1795 2936 quovis
1809 2894 1856 2926 in-
