1912 3292
465 231 697 280 LIBER
743 227 1124 286 QUARTUS.

186 364 340 405 Parvus
360 370 405 404 ut
424 369 483 402 est
502 361 619 416 cycni
638 358 783 400 melior
802 371 944 406 canor,
965 356 1030 397 ille
1048 371 1200 414 gruum
1219 372 1343 415 quam

183 438 363 487 Clamor,
384 437 428 476 in
448 433 625 474 aetheriis
644 433 850 488 disparsus
870 430 1048 472 nubibus
1068 433 1207 473 austri.

237 508 456 564 Principio,
478 521 662 562 persaepe
680 506 801 548 leveis
819 520 899 556 reS,
921 512 1043 561 atque
1062 505 1230 546 minutis

35 670 248 708 inclinatione,
268 668 482 700 conversione:
508 668 575 700 redi
595 668 635 699 ad
650 674 757 700 notata

36 721 72 752 in⁸
84 722 116 752 ii.
130 725 202 752 632.

78 780 154 810 Ver.
173 782 243 809 181.
271 780 460 810 Suavidicis:
497 779 516 810 i.
543 790 568 810 e.
598 780 708 810 saltem
732 780 758 811 si

35 831 211 872 argumenti
226 831 340 862 duritia
361 831 562 862 intractabilis
583 832 757 863 considere-

35 888 100 920 tur;
123 892 192 922 quae
211 881 322 922 jejunii.
346 893 420 913 cum
435 883 586 921 scabritie,
614 890 646 913 et
664 884 759 914 orati-

35 943 98 963 one
111 933 207 964 nimis
220 933 403 974 injucunda,
429 944 486 964 nec
502 933 687 965 defendente
702 941 758 965 tae-

35 983 125 1013 dium
138 983 316 1023 lectoribus,
337 985 436 1024 prosis
451 986 645 1017 sermonibus
659 986 757 1026 expli-

35 1034 98 1065 cari
112 1034 198 1065 solet.

75 1093 152 1125 Ver.
169 1097 238 1125 182.
261 1096 368 1134 cycni:
388 1095 425 1126 P,
437 1095 535 1126 Vind.
546 1095 584 1126 L.
601 1096 640 1127 O.
656 1099 758 1137 cygni.

75 1155 151 1186 Ver.
167 1159 238 1186 183.
259 1158 409 1187 aetherz'is:
446 1157 494 1187 M.
524 1159 659 1194 aetherit}
694 1168 759 1187 non

35 1206 145 1246 placet.
169 1208 311 1246 Ovidius,
327 1216 400 1240 met.
419 1220 467 1240 xv.
483 1213 554 1241 804.

259 1291 362 1316 aetheriri
373 1292 484 1317 molitur
495 1293 611 1319 condere
621 1293 698 1320 nube:

34 1370 66 1396 et
82 1366 207 1402 Seneca,
221 1367 328 1398 Octav.
347 1371 417 1399 975.
433 1368 590 1400 similiter:

125 1452 243 1477 Tectam
254 1454 390 1484 quondam
402 1454 467 1478 nube
477 1454 652 1479 aetherici—.

34 1523 234 1563 —disparsus
241 1537 251 1554 :
279 1530 320 1555 Π.
334 1526 486 1565 dispersis.
513 1525 558 1556 Et
571 1524 681 1556 malim
696 1526 759 1556 dis-

11 1595 19 1600 .
37 1584 171 1613 sparsus.

81 1633 162 1665 Ibid.
195 1635 341 1676 Hujusce
373 1636 588 1668 similitudinis
619 1637 691 1668 fons
725 1637 760 1668 in

38 1686 183 1719 Homero
198 1695 254 1727 ost,
273 1689 314 1720 ad
330 1690 369 1721 Il.
385 1698 416 1721 Γ.
430 1694 460 1721 5.

39 1777 106 1803 Han
116 1787 157 1813 περ
168 1784 279 1811 κλαγνη
292 1790 396 1816 γερανων
406 1786 470 1808 erem
485 1781 579 1817 ερανοθι
593 1792 637 1817 τρο

40 1823 106 1855 Ais-2
120 1834 165 1851 επει
180 1836 206 1852 ur
217 1837 331 1861 χειμωνα.
340 1836 423 1861 mayor,
436 1839 483 1854 zoa
498 1829 635 1862 αθεσφσιτον
648 1827 746 1865 ομέρον,

38 1873 153 1908 Κλαγγῃ
166 1884 210 1900 ται
224 1884 253 1906 γε
263 1885 376 1902 ‘zer-omae
391 1875 426 1902 ἔτ’
439 1886 552 1903 mmmm
561 1878 681 1911 ῥοαων-.

41 1961 177 1996 Κλαγγη
200 1964 307 1988 autem
320 1965 367 1989 est
388 1961 532 1999 clangor;
556 1960 641 1991 unde
655 1961 763 1991 mirari

39 2007 121 2038 subit
135 2007 317 2053 Lucretium
333 2020 396 2040 non
411 2011 577 2050 scripsisse:

357 2076 363 2079 -
387 2093 430 2118 ille
436 2101 532 2126 gruum
545 2102 625 2126 quam

101 2130 276 2163 clangor—-

43 2203 135 2234 Certe
165 2204 282 2235 Statius
309 2216 374 2236 non
403 2207 503 2243 aliter,
533 2207 633 2238 Tlxeb.
659 2218 687 2238 v.
713 2211 762 2239 13.

43 2255 175 2286 eandem
189 2258 453 2296 comparan'onem
467 2265 614 2290 tractans:

388 2342 441 2367 illae
453 2342 566 2375 clangore
576 2343 676 2375 fugaci,

105 2380 209 2404 Umbra
219 2380 292 2406 fretis
303 2381 436 2413 arvisque,
446 2382 538 2407 volant
548 2390 554 2406 :

43 2464 75 2488 et
109 2468 216 2489 rursus
252 2459 355 2490 eidem
390 2461 546 2491 inhaerens
580 2468 767 2503 argumento

0 2528 1 2531 =
44 2515 128 2540 vates
142 2510 297 2551 egregius,
312 2511 386 2543 ibid.
402 2512 455 2542 xii.
471 2515 543 2544 515.

311 2601 398 2626 grues,
409 2596 541 2627 Aquilone
551 2596 666 2629 fugatae‚

59 2632 132 2656 Cum
141 2632 233 2658 videre
243 2634 357 2664 Pharon,
367 2638 434 2659 tunc
446 2635 549 2661 aethera
561 2635 637 2661 latius
645 2636 769 2669 implent,

59 2672 140 2697 ‚Tunc
150 2672 228 2697 hilari
237 2673 351 2706 clangore
361 2679 468 2700 sonant.

48 2750 153 2795 Atque
171 2754 256 2785 haud
283 2755 378 2786 dubie
403 2757 553 2797 signatior
575 2763 621 2787 est
646 2768 713 2794 vox,
740 2765 771 2789 et

47 2806 161 2845 magis·
182 2807 322 2847 propria:
356 2810 481 2849 clangor
514 2809 608 2840 etiam
641 2817 672 2840 et
705 2813 768 2841 cla-

46 2866 110 2885 mor
135 2867 199 2888 non
234 2869 304 2890 raro
335 2867 510 2899 permutata
541 2868 615 2892 sunt
624 2874 633 2899 ;
668 2863 770 2893 videas

48 2905 232 2949 Heinsium,
259 2910 298 2942 ad
325 2912 416 2947 Ovid.
442 2918 516 2944 met.
544 2913 586 2944 iii.
615 2916 684 2945 707.
714 2914 767 2944 xii.

800 672 872 700 528.
899 668 1043 700 consulas
1071 668 1166 699 etiam
1196 667 1359 699 Claudian.
1388 667 1427 698 de
1455 667 1526 700 bell.

803 721 874 751 Get.
900 724 972 751 444.
1010 720 1122 761 Neque
1143 730 1208 750 non
1230 719 1304 751 lieet
1335 719 1468 750 eandem
1489 719 1530 750 de

800 771 978 812 Virgilian&
992 771 1167 802 imitatione
1188 771 1398 811 suspicionem
1416 771 1527 811 depro-

801 833 893 859 mere,
909 822 949 853 ad
967 823 1040 853 AEn.
1055 833 1084 853 x.
1101 825 1175 853 266.

995 906 1130 931 Clamorem
1146 906 1180 931 ad
1192 906 1276 931 sidera
1287 905 1387 930 tollunt

801 946 961 970 Dardanidae
974 953 988 971 e
999 946 1099 976 muris;
1116 952 1173 977 spes
1183 946 1273 970 addita
1283 945 1394 970 suscitat
1404 945 1454 969 iras
1461 951 1470 969 t

801 985 870 1010 Tela
881 991 963 1009 manu
971 984 1091 1016 jacidht:
1110 984 1199 1016 quales
1209 985 1257 1009 sub
1269 984 1383 1009 nubibus
1393 983 1452 1008 altis

802 1024 965 1056 Strymoniae
973 1024 1038 1049 dant
1045 1025 1119 1056 signa
1124 1031 1210 1056 grues,
1219 1028 1302 1056 atque
1309 1024 1413 1049 aethera
1417 1026 1530 1048 tranant

801 1065 872 1088 Cum
883 1063 983 1094 sonitu,
993 1063 1157 1095 fugiuntque
1167 1066 1246 1088 notos
1256 1063 1362 1088 clamore
1373 1062 1501 1087 secundo.

802 1106 859 1130 Vah
869 1106 874 1130 !
889 1105 1212 1137 quantoperefrigetlvox
1221 1105 1266 1129 ina
1275 1104 1398 1136 repetita,
1409 1104 1528 1128 clamore.-

802 1187 853 1207 me
868 1177 1136 1216 persuasissimum
1150 1177 1249 1205 habeo
1267 1189 1300 1205 ero
1318 1176 1458 1213 clangore
1480 1184 1528 1204 re-

802 1229 984 1269 ponendum
999 1238 1073 1258 esse.
1115 1227 1159 1257 Et
1173 1228 1208 1256 in
1223 1226 1289 1256 istis
1303 1225 1440 1255 versibus
1455 1225 1529 1255 Ma-

801 1279 897 1316 tonis,
919 1278 1088 1308 nonnullos
1109 1277 1192 1307 male
1213 1287 1336 1316 oequora
1359 1288 1400 1315 τῳ
1414 1277 1529 1305 aeelzera

800 1329 983 1370 praetulisse,
1005 1327 1196 1368 comparatio
1210 1327 1362 1363 locorum,
1389 1336 1468 1366 quos
1482 1332 1529 1356 at-

802 1381 943 1419 tulimus,
966 1380 1179 1411 consimilium
1193 1378 1441 1409 luculentissime
1456 1387 1530 1417 pro-

801 1434 900 1464 babit:
926 1438 969 1472 et,
991 1432 1069 1463 dum
1083 1432 1116 1462 in
1132 1433 1192 1462 hoc
1213 1441 1334 1467 sumuS,
1357 1440 1456 1471 quum
1477 1429 1532 1460 alii

802 1495 912 1515 omnes
926 1484 1048 1525 fingant
1062 1494 1156 1525 grues
1173 1485 1283 1514 calidis
1309 1485 1404 1513 ventis
1427 1481 1529 1513 delec-

801 1536 872 1574 tari,
888 1542 919 1566 et
934 1537 1065 1566 Boream
1081 1534 1202 1576 fugere,
1225 1539 1330 1564 tecum
1346 1533 1463 1574 cogites
1478 1543 1530 1563 ve-

802 1591 870 1629 lim,
892 1601 934 1621 an
950 1590 1148 1621 Mantuanus
1164 1588 1216 1619 ille
1231 1587 1397 1628 scripserit:

965 1676 1124 1709 cupiuntque
1134 1678 1213 1701 notos
1223 1675 1349 1706 clangore
1359 1673 1487 1699 secundo.

806 1749 973 1784 Caeterum,
989 1747 1139 1786 rescripsi,
1162 1746 1271 1777 multis
1286 1744 1531 1784 impellentibus,

804 1801 886 1835 altis,
909 1809 964 1838 pro
978 1800 1071 1829 atris:
1097 1797 1136 1827 de
1151 1796 1214 1837 qua
1231 1794 1408 1836 conjectura
1424 1794 1532 1825 nullus

803 1857 849 1881 est
862 1851 950 1881 locus
964 1849 1162 1890 ambigendi3
1183 1858 1258 1878 nam
1276 1848 1442 1878 Romanus
1461 1846 1533 1877 red-

804 1902 850 1933 dit
865 1902 1060 1932 Homeream
1076 1901 1212 1941 phrasin,
1234 1901 1335 1942 ερανοέι
1352 1911 1413 1940 aepo,
1437 1908 1535 1939 quam

807 1953 1004 1984 Phavorinus
1032 1953 1251 1991 interpretatus
1279 1956 1325 1981 est
1349 1960 1405 1989 per
1435 1963 1460 1981 εν
1491 1963 1534 1990 τῳ

807 2018 901 2047 ερανῳ,
927 2015 963 2036 ac
988 2004 1165 2035 scholiastes
1185 2013 1241 2043 per
1268 2016 1292 2034 εν
1319 2015 1360 2042 τῳ
1385 2015 1458 2043 aspi:
1484 2011 1533 2031 re-

806 2057 959 2096 spondent
992 2056 1086 2087 etiam
1114 2055 1249 2086 invicem
1278 2052 1533 2085 manifestissime

805 2110 934 2140 nubibus
962 2110 1097 2139 aetlzeriis
1128 2107 1213 2145 Cari,
1243 2112 1274 2136 et
1302 2106 1432 2136 nubibus
1461 2106 1534 2135 altis

808 2160 960 2190 Maronis.
998 2160 1079 2190 Altis
1094 2159 1220 2197 insuper
1235 2163 1266 2187 et
1281 2158 1358 2187 atris
1373 2154 1534 2191 confundi,

808 2210 881 2240 satis
909 2216 956 2241 est
983 2220 1022 2241 ex
1057 2208 1283 2241 consuetudine
1316 2207 1530 2238 librariorum:

809 2261 878 2291 vide
893 2271 954 2291 var.
978 2260 1059 2291 lectt.
1085 2259 1125 2290 ad
1152 2260 1270 2289 Lucan.
1297 2258 1317 2288 i.
1337 2262 1410 2289 529.
1438 2257 1533 2288 Ovid.

810 2319 882 2343 met.
910 2313 962 2343 xii.
985 2315 1035 2344 51.
1057 2312 1130 2342 Val.
1154 2312 1253 2342 Flacc.
1282 2321 1307 2341 V.
1333 2314 1406 2342 509.
1429 2315 1460 2339 et
1481 2309 1536 2339 ubi

810 2363 893 2395 non?
919 2364 996 2400 Nos,
1012 2362 1089 2392 dum
1104 2362 1369 2402 praetervehimur,
1388 2370 1489 2390 unum
1505 2365 1537 2389 et

810 2415 944 2444 alterum
958 2413 1064 2444 locum
1081 2413 1149 2444 Silii
1166 2413 1269 2443 Italici
1283 2413 1357 2442 hinc
1379 2410 1535 2441 emacula-

809 2465 924 2503 bimus,
950 2470 986 2494 ut
1004 2464 1056 2494 ille
1071 2465 1181 2494 saltem
1195 2465 1253 2494 hac
1274 2462 1430 2493 medicina
1444 2462 1536 2501 plene

809 2516 953 2555 potiatur.
992 2516 1137 2546 Primum
1152 2515 1192 2546 ad
1204 2515 1284 2546 Pun.
1300 2524 1326 2545 v.
1341 2516 1414 2544 256.
1429 2511 1537 2543 oculos

812 2574 1041 2598 convertamus:

1022 2652 1222 2682 subsidensque,
1232 2650 1274 2674 ilia
1285 2650 1343 2674 nisu

827 2692 955 2716 conantis
965 2698 1088 2723 suspensa
1100 2690 1182 2715 fodit:
1200 2694 1261 2714 tum
1274 2688 1392 2713 fervidus
1401 2687 1453 2712 alto

827 2732 956 2757 Pulmone
968 2732 1090 2756 exundat
1100 2737 1148 2763 per
1158 2730 1259 2754 hiantia
1270 2729 1371 2754 viscera
1382 2728 1495 2760 sanguis.

814 2812 902 2841 Allo:
939 2810 957 2840 i.
985 2821 1010 2841 e.
1047 2809 1180 2844 tumido,
1209 2811 1248 2839 ob
1278 2808 1384 2838 nisum
1413 2806 1539 2836 scilicet.

814 2861 910 2900 Libri,
926 2869 1010 2892 aero:
1036 2861 1088 2891 sed
1104 2868 1210 2891 auctor
1225 2858 1451 2890 emendationis
1467 2867 1538 2887 nos-

814 2920 867 2944 trae
901 2912 1089 2944 certissimus
1119 2918 1163 2943 est
1191 2911 1355 2952 Virgilius,
1387 2919 1481 2950 quem
1508 2908 1540 2938 in
