1912 3292
315 230 412 273 352

825 223 886 273 T.
939 223 1320 275 LUCRETII

465 355 662 412 Corporis
682 356 735 398 ad
753 356 906 413 primas
925 358 1091 414 parteis,
1113 359 1394 415 elementaque
1412 359 1545 415 prima
1551 377 1566 409 ς

349 433 433 470 940
464 429 533 472 Fit
551 431 666 487 quasi
685 431 895 487 paullatim
915 433 1035 474 nobis
1054 448 1129 489 per
1148 433 1334 474 membra
1353 434 1487 475 ruina:

465 504 779 547 Conturbantur
797 507 908 549 enim
931 508 1127 562 positurae
1147 508 1443 564 principiorum

462 578 660 635 Corporis
679 589 801 636 atque
819 582 964 631 animi;
996 582 1068 632 sic,
1099 591 1145 623 ut
1164 597 1259 637 pars
1278 582 1374 623 inde
1395 583 1551 623 animai·

460 651 675 704 Eliciatur,
707 662 747 695 ct
766 655 990 695 introrsum
1009 670 1104 711 pars
1123 655 1263 696 abdita
1282 656 1418 705 cedat3

461 725 564 767 Pars
583 727 723 776 etiam,
745 727 940 768 distracta
959 742 1034 782 per
1054 736 1180 778 artus,
1212 729 1298 769 non
1319 737 1441 783 queat
1460 744 1545 770 csse

347 803 428 842 945
462 798 695 853 Conjuncta
714 799 821 840 inter
841 814 897 850 se,
929 815 1063 856 neque
1081 809 1198 842 motu
1218 810 1362 843 mutua
1380 802 1511 859 fungi:

462 871 578 914 Inter
597 873 708 914 enim
728 873 846 928 saepit
865 881 994 915 coetus
1013 883 1178 925 natura,
1199 875 1381 931 viasque;

318 1029 410 1062 Huic
424 1034 530 1060 autem
546 1028 732 1060 divinationi
753 1030 824 1070 plus
845 1030 1044 1071 confidimus,

315 1083 391 1124 quia
415 1082 503 1114 nulla
528 1082 582 1113 fiat
606 1085 708 1113 animi
729 1083 848 1114 mentio
869 1094 924 1124 per
945 1090 1045 1116 totam

315 1137 396 1167 hanc
410 1135 450 1166 de
471 1147 572 1167 somno
587 1135 840 1176 disputationem.
885 1137 1042 1179 Denique,

316 1190 371 1225 sic,
386 1187 502 1218 omisso
515 1193 561 1226 ut,
580 1194 623 1218 Π.

357 1247 434 1278 Ver.
461 1250 533 1279 945.
559 1248 734 1279 Eliciatur:
770 1248 790 1279 i.
816 1258 843 1279 e.
873 1254 1039 1286 exteratur,

315 1300 506 1334 exturbetur,
521 1298 704 1338 expellatur:
732 1298 798 1329 redi
813 1305 928 1336 notata,
944 1299 984 1331 ad
1000 1300 1044 1330 iii.

315 1355 388 1383 496.
415 1360 490 1381 nam
504 1350 651 1381 audaculi
673 1350 818 1389 editores,
841 1351 954 1382 habitis
969 1362 1044 1383 con-

314 1401 450 1441 temptui
464 1400 630 1437 codicibus,
654 1412 719 1432 uno
741 1412 794 1432 ore
808 1409 966 1442 receptam
981 1403 1043 1434 lec-

312 1453 434 1484 tionem
463 1452 681 1491 asserentibus,
711 1454 960 1484 commentitiam
989 1464 1043 1484 vo-

314 1515 384 1537 cem
402 1506 562 1546 Ejiciatur
584 1504 668 1534 intro
689 1504 814 1535 duxere.
861 1506 980 1542 Cicero,
1004 1506 1044 1537 de

313 1562 375 1588 nat.
385 1555 469 1586 deor.
480 1555 512 1586 ii.
523 1557 621 1587 9.—“
632 1555 773 1594 lapidum
782 1558 940 1598 conflictu,
952 1563 1044 1597 atque

315 1613 339 1629 “
355 1609 441 1645 tritu,
467 1611 539 1640 elici
564 1609 672 1649 ignem
697 1609 878 1640 videmus:’‘
902 1611 957 1641 ubi
977 1621 1042 1641 cer-

313 1661 432 1692 tissime
461 1659 550 1690 notio
578 1662 728 1690 violencia?
765 1660 894 1690 dictioni
930 1662 1042 1692 subest.

315 1712 475 1744 Glossator
488 1716 588 1741 vetus:
617 1713 640 1728 “
657 1712 790 1749 Elicuit,
808 1712 1005 1749 egzfiusmwss’

354 1773 431 1804 Ver.
454 1775 526 1804 944.
564 1778 670 1811 queat:
707 1771 746 1801 V.
778 1771 825 1802 ed.
857 1772 895 1803 B.
924 1775 1040 1812 querit,-

313 1826 402 1869 quasi
417 1835 474 1865 pro
489 1826 620 1865 quierit‚·
644 1824 729 1865 quod
744 1830 850 1855 tamen
866 1824 955 1856 nullo
970 1837 1041 1866 pac-

313 1884 347 1910 w
361 1875 527 1908 ferendum
541 1875 629 1906 foret.

356 1940 432 1970 Ver.
447 1940 522 1970 945.
545 1947 657 1977 neque:
683 1936 781 1967 vind.
799 1941 834 1968 Δ.
854 1948 926 1975 nec‚·
950 1944 1043 1978 prout

313 1990 453 2031 evulgari
467 1988 596 2020 solen—
610 1988 705 2028 imgz':
733 1993 767 2019 Δ.
781 1989 885 2029 fingi.

357 2041 439 2073 Ibid.
462 2046 543 2072 motu
569 2046 674 2070 mutua
688 2040 807 2080 fungi:
834 2040 853 2070 i.
876 2050 903 2070 e.
931 2044 953 2059 ‘⁶
970 2052 1040 2072 mu-

315 2098 411 2125 “tua
440 2094 540 2134 qfficia
571 2092 663 2132 fungi
687 2103 746 2131 per
775 2092 930 2122 motum.”
976 2094 1042 2125 Hic

314 2145 392 2177 ordo
420 2150 466 2174 ωε
488 2153 524 2174 ac
549 2142 754 2180 constructi03
778 2142 843 2173 redi
870 2153 928 2173 nos
943 2143 982 2174 ad
998 2144 1039 2174 iii.

315 2200 387 2229 754.
433 2195 508 2225 Hoc
536 2193 677 2234 regimen
714 2193 802 2223 casus
838 2194 940 2234 quarti
969 2205 1043 2225 cum

312 2248 406 2278 verbo
417 2245 540 2287 fungor
555 2244 638 2283 fecit,
661 2250 698 2274 ut
719 2244 853 2275 editores
867 2254 931 2275 non
949 2245 1041 2276 intel·

313 2299 449 2340 ligerent
465 2295 628 2334 Ovidium,
644 2295 720 2326 trist.
735 2306 762 2326 v.
779 2298 807 2327 5.
826 2299 875 2327 16.

323 2380 402 2411 sique
414 2379 486 2411 quod
497 2378 612 2403 instabat
623 2377 754 2407 dominat,
765 2377 912 2403 miserabile
923 2378 1025 2403 vulnus

356 2419 394 2444 Sit
402 2419 537 2452 perfuncta
547 2417 613 2443 meis
625 2422 733 2449 tempus
745 2416 772 2441 in
784 2423 865 2442 omne
875 2417 966 2442 malis:

313 2502 334 2533 i.
350 2513 376 2533 e.
400 2504 422 2520 ‘⁶
438 2501 479 2532 sit
492 2500 656 2541 perfuncta
677 2501 736 2531 hoc
759 2500 873 2531 vulnus
898 2501 931 2531 in
953 2506 1041 2531 zeter-

316 2557 339 2573 “
355 2564 435 2584 num
471 2563 526 2592 per
562 2563 633 2583 mea
660 2552 775 2583 mala.’'
821 2552 872 2583 Ita
901 2553 1042 2592 capiendi

315 2612 400 2645 sunt,
416 2611 448 2636 et
458 2604 682 2647 distinguendi,
698 2615 802 2635 versus
817 2604 998 2636 suavissimi.

359 2667 434 2697 Ver.
451 2670 523 2698 946.
546 2668 650 2707 saepz't:
677 2667 712 2697 P.
729 2668 806 2706 sepit
820 2673 863 2703 et;
888 2665 985 2696 Vind.
1001 2666 1041 2696 B.

314 2721 352 2748 Δ.
368 2723 409 2747 Π.
426 2723 463 2749 Σ.
485 2729 553 2758 sepe
559 2734 569 2755 ;
595 2718 635 2748 V.
652 2717 698 2748 ed.
721 2728 799 2757 saepe
815 2724 842 2748 et
848 2733 858 2754 ‚·
885 2723 929 2748 Ω.
943 2718 1043 2756 sepsit.

315 2774 467 2799 —caetus:
501 2769 520 2798 i.
537 2779 563 2800 e.
586 2770 697 2806 co'itus,
719 2768 768 2799 vel
789 2768 1044 2809 conjunctionem

314 2817 464 2858 partium,
490 2819 586 2850 modo
606 2826 825 2851 memoratam:
853 2820 896 2850 V.
911 2818 960 2850 ed.
976 2829 1043 2850 coc-

315 2875 381 2906 tus,·
405 2871 632 2910 permutatione
657 2872 748 2902 solita
775 2871 1005 2902 elementorum
1027 2880 1044 2900 c

318 2926 350 2951 et
372 2932 397 2953 c.
441 2920 615 2954 Temerarii
645 2922 789 2962 editores,
819 2927 929 2955 contra
948 2920 1045 2953 libros

1087 1033 1255 1070 universos,
1271 1032 1462 1063 inferserunt
1477 1041 1516 1062 ex
1531 1031 1671 1070 arbitrio,
1693 1034 1813 1065 aditus:

1087 1084 1171 1124 quod
1186 1094 1244 1115 nos
1258 1084 1408 1125 ejecimus
1424 1084 1668 1125 indignabundi.

1130 1144 1207 1174 Ver.
1227 1147 1298 1176 947.
1320 1146 1383 1175 abit
1399 1146 1478 1176 alte:
1503 1144 1524 1174 i.
1540 1155 1567 1175 e.
1594 1143 1719 1183 penitus
1733 1154 1816 1176 rece-

1085 1194 1144 1233 dit,
1171 1195 1315 1228 concedit
1339 1198 1373 1226 in
1400 1197 1513 1231 altum,
1539 1201 1576 1225 ut
1591 1205 1652 1226 ver.
1670 1198 1741 1227 916.
1765 1205 1818 1226 su-

1084 1246 1199 1285 perius.
1246 1246 1413 1288 Virgilius,
1439 1252 1476 1277 ut
1499 1245 1586 1286 alibi,
1611 1246 1656 1277 sic
1680 1256 1750 1288 geo.
1770 1245 1815 1278 iii.

1089 1302 1161 1330 4252.

1103 1386 1314 1418 —jamque
1324 1385 1390 1418 suga
1401 1385 1529 1410 timidum
1541 1387 1624 1417 caput
1634 1383 1736 1409 abdidit
1745 1383 1805 1409 alre.

1130 1456 1204 1486 Ver.
1221 1460 1292 1488 948.
1313 1458 1405 1496 quasi
1418 1458 1498 1496 quod
1513 1455 1687 1496 sulgfulciat.
1717 1455 1818 1486 Caute

1087 1507 1225 1548 loquitur
1247 1513 1278 1537 et
1291 1517 1456 1547 perpense:
1483 1517 1559 1538 usus
1581 1507 1728 1545 formula,
1749 1518 1819 1548 quae

1087 1569 1154 1589 rem
1169 1558 1324 1599 significat
1337 1558 1499 1589 difficilem
1516 1558 1738 1598 comprehendi
1753 1568 1820 1588 ver-

1087 1611 1149 1648 bis;
1169 1617 1200 1640 et
1215 1620 1309 1651 quam
1327 1610 1420 1640 tacito
1434 1611 1536 1651 magis
1557 1621 1650 1641 sensu
1665 1610 1734 1651 quis
1749 1620 1819 1650 per-

1087 1664 1191 1703 cipiat,
1224 1673 1320 1703 quam
1350 1663 1499 1694 orationis
1537 1674 1596 1704 ope
1632 1663 1822 1694 declaratam

1087 1715 1168 1746 dare.
1214 1715 1356 1745 Potestas
1385 1715 1577 1746 moderatrix
1613 1715 1697 1746 vocis
1729 1719 1820 1756 quasi

1086 1766 1246 1797 ludificata
1271 1772 1318 1796 est
1344 1776 1478 1807 magnos
1503 1766 1585 1796 viros
1613 1765 1655 1796 ad
1676 1766 1820 1806 Florum,

1087 1818 1130 1848 iii.
1148 1821 1175 1848 6.
1197 1821 1243 1848 14.
1269 1821 1292 1835 “
1310 1817 1412 1858 quue
1438 1823 1637 1856 prospectum
1669 1816 1821 1858 singulari

1088 1873 1111 1888 “
1129 1869 1260 1900 consilio
1275 1868 1379 1905 ducis;
1402 1868 1456 1909 qui
1474 1868 1671 1898 maritimum
1687 1878 1788 1909 genus
1802 1878 1822 1899 a

1088 1924 1110 1939 “
1127 1926 1294 1960 conspectu
1308 1919 1402 1960 longe
1425 1919 1558 1949 removit
1576 1918 1684 1957 maris,
1707 1925 1739 1950 et
1752 1929 1818 1950 me-

1088 1976 1110 1991 “
1127 1972 1310 2003 diterraneis
1325 1971 1407 2012 agris
1422 1973 1512 2011 quasi
1533 1970 1714 2012 obligavit.”
1760 1970 1819 2001 Ni-

1086 2025 1213 2060 mirum,
1241 2038 1274 2055 ‘ro
1301 2026 1392 2064 quasi
1415 2034 1482 2053 rem
1507 2035 1587 2065 παρα
1609 2022 1770 2064 προςδοκιαν
1792 2030 1823 2054 et

1088 2079 1270 2108 ὑποσολοικον
1286 2082 1458 2115 temperare
1476 2075 1558 2112 vult;
1583 2085 1656 2105 nam
1672 2081 1741 2114 post
1763 2085 1815 2105 vo-

1086 2140 1154 2160 cem
1190 2130 1423 2160 mediterraneis
1457 2129 1693 2168 exspectavisses
1720 2133 1818 2170 aquis,

1088 2191 1153 2212 non
1169 2183 1263 2221 agris.

1129 2240 1203 2270 Ver.
1229 2243 1300 2270 949.
1335 2250 1392 2279 que
1419 2238 1506 2269 deest
1534 2240 1681 2269 omnibus
1709 2246 1820 2278 praeter

1086 2291 1354 2322 emendatissimos
1369 2297 1400 2321 et
1415 2291 1594 2321 veterrimos
1612 2291 1650 2322 L.
1667 2291 1717 2322 M.
1735 2292 1821 2323 unde

1084 2344 1118 2374 in
1134 2349 1315 2374 contextum
1338 2343 1565 2373 revocavimus:
1589 2353 1689 2383 quum
1703 2343 1819 2374 tardior

1085 2401 1115 2425 et
1130 2394 1330 2434 ponderosior
1347 2395 1421 2424 hinc
1435 2404 1542 2424 versus
1556 2393 1620 2430 fiat,
1633 2399 1725 2435 atque
1739 2394 1817 2426 adeo

1087 2457 1159 2478 cum
1175 2457 1207 2477 re
1223 2446 1345 2486 depicta
1360 2447 1454 2487 longe
1472 2446 1717 2477 convenientior.

1130 2507 1205 2537 Ver.
1230 2509 1300 2538 950.
1323 2507 1466 2537 cubanti:
1500 2505 1553 2541 sic,
1585 2511 1741 2546 quantum
1766 2505 1815 2536 in-

1087 2560 1196 2602 telligo
1221 2560 1377 2602 equidem,
1403 2569 1513 2591 omnes
1534 2559 1623 2597 libri3
1645 2566 1727 2590 certe
1747 2569 1816 2590 om-

1087 2623 1143 2643 nes
1158 2613 1290 2653 antiqui,
1306 2613 1355 2642 his
1370 2612 1470 2643 oculis
1484 2611 1638 2651 usurpati,
1658 2605 1731 2641 cuin
1749 2610 1817 2641 No-

1088 2664 1142 2694 nio
1158 2663 1324 2702 Marcello‚
1347 2663 1390 2694 iii.
1409 2667 1479 2694 164.
1502 2663 1635 2693 editores
1657 2668 1761 2691 tamen
1777 2661 1818 2692 de

1088 2725 1146 2745 suo
1161 2715 1250 2745 nobis
1267 2715 1471 2756 procumbunt
1489 2712 1635 2746 audacter
1648 2711 1815 2752 depromp-

1088 2776 1162 2796 scre.

1131 2816 1212 2848 Ibid.
1230 2818 1368 2856 poplites.
1407 2815 1507 2846 Modo
1523 2814 1675 2854 syllabam
1690 2823 1816 2853 porrex-

1088 2873 1166 2905 erat,
1191 2877 1255 2898 non
1271 2877 1341 2897 raro
1355 2866 1461 2896 minus
1477 2865 1634 2905 exemplo,
1661 2871 1735 2897 ante
1749 2873 1815 2895 eas-

1088 2919 1162 2952 dem
1177 2924 1392 2957 consonantes,
1408 2918 1448 2952 ad
1463 2928 1523 2952 ver.
1539 2921 1610 2953 208.
