1912 3292
460 273 694 325 LIBER
743 275 1124 333 QUARTUS.

1451 278 1545 318 405

195 406 368 449 Femina
387 406 469 447 vim
489 406 586 446 vicit
605 405 737 446 subit&
758 405 813 453 vi,
837 403 1149 457 conripuitque3

197 481 310 522 Tum
330 479 476 521 similes
496 486 674 519 matrum
701 485 889 517 materno
910 476 1064 516 semine
1084 477 1203 517 fiunt:

57 558 163 596 1205
197 556 259 597 Ut
278 554 461 610 patribus
479 552 631 606 patrio:
665 551 751 601 sed,
773 565 876 606 quos
895 550 1108 604 utriusque
1128 550 1274 605 figurae

200 629 300 670 Esse
318 627 429 669 vides
441 627 613 682 juxtim,
635 625 870 667 miscenteis
891 624 1000 665 volta
1018 632 1252 678 parentum,

198 701 386 756 Corpore
405 701 458 742 de
476 701 611 756 patrio
632 715 679 741 ac
699 706 888 740 materno
909 699 1108 755 sanguine
1128 703 1332 746 crescunt,

197 776 367 817 Semina
387 790 529 831 quom,
552 774 724 816 Veneris
744 773 915 814 stimulis
937 772 1073 813 excita
1092 786 1167 826 per
1187 779 1312 819 artus,

54 932 164 973 Vulgo
178 932 317 962 scribunt
333 941 370 961 ox
385 932 523 969 arbitrio,
534 934 640 963 virile.-
660 931 713 961 sed
722 940 780 960 no-

55 993 129 1014 men
158 990 227 1022 post
252 984 381 1013 verbum
410 993 542 1023 sequens
570 982 660 1012 facile
682 987 783 1021 potest

53 1034 226 1073 subaudiri,
249 1040 280 1064 et
293 1040 414 1064 tantam
436 1034 642 1064 temeritatem
657 1033 783 1064 lucrifa-

57 1095 136 1117 cere.

102 1137 183 1168 Ibid.
207 1140 413 1169 commiscendo
429 1140 551 1169 semine.
587 1138 663 1168 Huc
677 1137 784 1167 referri

58 1187 151 1218 debet
165 1188 329 1229 Virgilius
345 1199 412 1229 geo.
428 1189 459 1219 ii.
475 1193 548 1221 527.

87 1265 200 1296 Magnus
210 1264 268 1294 alit,
279 1271 368 1296 magno
379 1263 523 1289 commixtus
533 1268 642 1296 corpore,
655 1263 735 1288 fetus.

55 1338 139 1369 Haec
151 1345 258 1369 autem
268 1338 309 1369 ad
320 1339 449 1378 Epicuri
461 1343 600 1368 mentem
610 1337 693 1367 dicta
704 1341 784 1367 sunt.

57 1389 258 1429 Plutarchus,
284 1390 362 1429 plac.
384 1390 459 1430 phil.
483 1401 511 1420 v.
527 1393 556 1421 5.
603 1392 784 1430 I'Ivh’ayopoe5‚

56 1446 208 1484 Επικερος,
226 1447 415 1484 Δημοκριτος,
432 1455 482 1473 και
495 1454 528 1472 το
543 1443 627 1474 θηλυ
643 1441 784 1483 προΐεσθαι

57 1506 222 1535 amplam—

100 1552 282 1584 Vei-,1205
306 1554 456 1584 Femina:
483 1553 520 1583 P.
545 1555 786 1583 Femineum.—

55 1609 88 1638 υἱ
101 1609 183 1638 vicit.
215 1606 399 1645 Amplector
414 1605 625 1636 acutissimam
642 1604 786 1635 Salmasii

57 1657 324 1694 emendationem,
338 1656 471 1687 auctoris
486 1666 579 1695 scopo
593 1667 719 1695 prorsus
731 1666 785 1685 ne-

58 1709 235 1747 cessariam,
250 1719 353 1749 neque
367 1708 468 1748 magis
487 1707 640 1738 librorum
660 1706 787 1746 purissi-

58 1771 187 1792 morum
202 1772 237 1793 ac
252 1761 488 1792 veteri-imorum
504 1760 663 1799 scripturae
675 1759 788 1789 discre-

60 1818 200 1853 pantem,
224 1823 321 1853 quam
343 1812 440 1842 literae
455 1814 466 1842 l
481 1811 514 1841 in
530 1814 542 1841 i
557 1811 640 1841 facili
661 1820 787 1841 conver-

63 1864 164 1894 sione:
192 1863 263 1893 vide
280 1874 337 1893 nos
359 1873 464 1902 supra,
491 1862 531 1893 ad
556 1873 617 1892 ver.
636 1865 729 1894 1195.
752 1862 789 1892 Ρ.

62 1918 183 1953 mulsit,·
207 1915 304 1946 Vind.
323 1916 370 1946 Μ’.
389 1922 429 1946 Π.
446 1920 482 1946 Σ.
503 1921 547 1945 Ω.
563 1917 594 1946 υἱ
608 1916 732 1950 πιηῖςῖι;
751 1920 789 1950 et,

63 1967 148 2008 quod
162 1967 247 1998 idem
263 1973 319 2005 est,
337 1967 376 1998 V.
389 1967 436 1998 ed.
452 1969 611 1998 inmulcz't:
631 1977 688 1997 nec
700 1966 790 1997 dubi-

63 2025 109 2057 to,
133 2019 209 2059 quin
224 2020 291 2048 haec
307 2018 346 2048 sit
369 2019 407 2049 B.
431 2017 546 2048 codicis
569 2017 665 2048 etiam
688 2018 790 2054 lectio,

64 2070 206 2110 quamvis
220 2069 349 2100 collator
366 2071 505 2100 inmulsit
524 2069 674 2108 scriptum
697 2068 790 2099 dede-

63 2121 118 2152 rit:
148 2121 187 2152 O.
203 2124 235 2152 vi
251 2123 376 2157 mulcet;
403 2126 437 2151 Δ.
460 2123 492 2151 vi
505 2122 629 2156 mulzit5
653 2120 700 2150 uti
715 2119 793 2150 liber

63 2173 102 2204 L.
117 2173 224 2211 etiam,
240 2173 266 2203 si
281 2183 391 2203 verum
406 2172 503 2213 egerit
523 2173 769 2211 Havercampus.

109 2234 191 2264 Ibid.
213 2236 291 2265 vim:
327 2234 348 2264 i.
374 2244 400 2263 e.
425 2232 523 2263 virilis
549 2232 684 2263 seminis.
732 2231 795 2262 Sed

63 2283 194 2315 mallem
209 2283 354 2324 equidem
368 2285 485 2314 virilem
503 2284 618 2324 legere,
634 2290 665 2313 et
679 2283 719 2313 ad
735 2286 793 2314 vim

64 2336 190 2371 referre,
206 2335 268 2365 nisi
282 2333 405 2365 codices
419 2335 600 2364 abnuerent.

108 2395 192 2427 Ibid,
214 2397 246 2426 υἱ
260 2396 424 2435 conripuit.
446 2394 552 2432 Maro,
566 2395 640 2425 AEn.
655 2405 682 2425 v,
700 2398 771 2425 641.

279 2478 366 2510 prima
375 2477 511 2503 infensum
522 2478 556 2503 vi
567 2479 672 2511 conripit
682 2479 783 2511 ignem.

110 2552 187 2581 Ver.
205 2553 297 2582 1204.
309 2552 416 2592 fiunt:
444 2557 484 2581 11.
495 2550 728 2591 fulcit.-Mox
746 2550 797 2580 in-

69 2612 162 2642 super
176 2601 275 2632 Vind.
285 2603 436 2642 partibus.

114 2661 196 2692 Ibid.
210 2663 324 2693 similes
334 2668 476 2697 matrum,
486 2668 516 2691 et
527 2661 643 2691 similes
647 2662 797 2701 patribus.

71 2713 242 2750 Nimirum,
259 2713 365 2743 Latini
393 2714 543 2744 sermonis
558 2724 634 2743 usus
653 2713 798 2753 frequen-

71 2765 133 2796 tior
146 2770 177 2794 te
192 2764 324 2800 docebit,
340 2767 595 2807 extemzaefiguroe
617 2765 796 2796 similitudi-

71 2827 148 2847 nem
161 2822 225 2847 tam
242 2817 392 2856 secundo,
410 2828 507 2858 quam
521 2817 622 2853 tertio,
637 2828 709 2848 casu
726 2820 795 2849 subae

71 2867 198 2898 stantivi
233 2878 308 2898 cum
344 2868 473 2899 nomine
494 2870 603 2899 similis
632 2869 799 2899 consociati

73 2928 163 2959 posse
177 2918 360 2960 significari5
383 2919 625 2950 similitudinem
640 2930 712 2951 vero
736 2932 798 2952 mo-

71 2981 144 3002 rum
159 2970 250 3002 tertio
264 2981 338 3002 casu
353 2971 510 3012 designari
524 2981 698 3013 nunquam.

826 939 870 968 Et
885 938 924 968 ad
939 938 1024 968 hunc
1038 936 1137 967 nostri
1152 937 1250 976 po'e'tae
1272 936 1379 966 locum
1404 935 1458 966 illa
1473 936 1553 967 Plu-

827 991 936 1028 tarchi,
962 990 1038 1029 plac.
1065 989 1140 1028 phil.
1166 999 1193 1019 v,
1212 992 1240 1019 7.
1264 988 1403 1018 multum
1423 988 1556 1026 faciunt,

826 1042 1112 1081 divinationemque
1144 1039 1370 1070 Salmasianam
1409 1040 1551 1071 firmant:

829 1098 1016 1135 Δημοκριτος,
1044 1105 1085 1123 ⁴1·oe
1110 1103 1161 1131 μεν
1188 1105 1265 1122 mam
1288 1104 1368 1133 μέρη,
1394 1092 1421 1129 εξ
1436 1092 1556 1133 {roe-spe

827 1160 861 1176 αν
878 1157 970 1187 τυχῃ·
996 1159 1036 1175 τοι
1051 1144 1072 1174 δ’
1092 1143 1247 1182 ιδιαζοντα,
1267 1149 1333 1173 ΑΕΙ
1351 1144 1420 1173 κατ’
1437 1156 1556 1184 επικραι-

829 1210 913 1227 *ruam
961 1196 1011 1225 Ita
1037 1195 1164 1225 forsitan
1189 1193 1397 1229 scribendum,
1422 1204 1477 1232 pro
1494 1207 1553 1223 και.

830 1248 932 1286 Idem,
949 1247 1022 1277 ibid.
1038 1257 1103 1286 cap.
1121 1249 1171 1276 12.
1200 1245 1402 1285 Ἐμπεδοκλῆς,
1427 1246 1557 1284 ὅμοιοτη-

830 1314 884 1334 ’715
901 1302 1023 1339 ‘ssvSO'Cioec
1041 1299 1113 1328 κατ’
1128 1310 1311 1337 Ε’ἏἾΖΡΜΤΞΙΜΫ
1328 1311 1382 1326 Των
1397 1308 1559 1337 σπξρματί·

829 1367 885 1383 κων
901 1366 995 1392 γονων.
1023 1351 1104 1386 Quae
1116 1351 1208 1380 verba
1219 1348 1280 1389 quzi
1292 1348 1332 1378 de
1346 1347 1454 1378 causszi
1468 1347 1558 1377 Reis-

828 1404 899 1434 kius
913 1402 1117 1437 solicitaverit,
1139 1411 1202 1431 non
1219 1400 1306 1431 valeo
1321 1400 1480 1439 dispicere.

870 1455 945 1485 Ver.
976 1457 1066 1485 1205.
1096 1455 1202 1493 patrio
1232 1463 1322 1492 quos:
1350 1451 1484 1488 Nonius,
1515 1449 1558 1480 iii.

828 1510 901 1537 260.
924 1505 1040 1542 scribit,
1052 1506 1141 1544 patri
1158 1505 1248 1543 quod.

873 1557 947 1587 Ver.
966 1560 1057 1586 1206.
1072 1557 1211 1595 juxtim:
1231 1555 1269 1585 P.
1284 1555 1325 1583 V.
1343 1554 1390 1584 ed.
1412 1555 1448 1584 B.
1467 1553 1505 1584 O.
1523 1557 1558 1584 Δ.

829 1615 869 1644 et,
884 1618 941 1648 pro
956 1606 1039 1637 varizi
1053 1607 1199 1644 lectione,
1219 1613 1264 1636 Ω.
1284 1607 1399 1636 mixtim
1409 1619 1419 1639 ;
1448 1611 1489 1635 Π.
1512 1606 1561 1634 vix

829 1661 1047 1690 cum.—volta:
1075 1658 1114 1688 P.
1140 1658 1181 1688 V.
1205 1657 1252 1687 ed.
1278 1663 1312 1687 Δ.
1329 1658 1441 1692 mulca‚·
1469 1656 1508 1686 O.
1525 1659 1562 1687 Σ.

831 1716 931 1745 vulta:
951 1718 986 1742 ut
998 1712 1124 1742 Nonius
1142 1711 1322 1745 Marcellus,
1338 1710 1360 1740 l.
1375 1720 1399 1740 c.
1416 1711 1468 1750 qui
1482 1720 1560 1739 neu-

831 1765 909 1795 trius
925 1764 1049 1804 generis
1063 1763 1151 1794 aliud
1166 1762 1345 1801 exemplum
1360 1761 1499 1801 protulit,
1522 1770 1563 1792 ex

834 1816 953 1847 Ennio.

878 1869 952 1898 Ver.
978 1871 1068 1899 1207.
1092 1879 1147 1898 ac:
1174 1868 1218 1898 ita
1234 1874 1274 1897 Π.
1297 1872 1328 1897 et
1343 1866 1466 1896 deamat
1481 1866 1562 1895 hanc

835 1919 978 1950 voculam
1007 1919 1180 1954 Lucretius,
1218 1918 1350 1958 ideoque
1387 1917 1564 1947 restitutam

833 1976 933 2014 po'etae
948 1976 1041 2006 volui.
1087 1975 1203 2016 Vulgo,
1220 1981 1258 2006 et.

880 2035 953 2065 Ver.
973 2039 1063 2066 1208.
1087 2037 1209 2066 Veneris
1224 2035 1366 2064 stimulis.
1412 2031 1467 2062 Ad
1482 2040 1561 2060 eun-

835 2085 908 2116 dem
922 2086 1055 2116 modum
1074 2085 1237 2126 Virgilius,
1254 2095 1323 2125 geo.
1346 2083 1390 2113 iii.
1407 2085 1477 2112 210.

852 2171 940 2202 Quam
952 2173 1079 2201 Venerem,
1088 2175 1116 2196 et
1126 2170 1194 2195 caeci
1204 2169 1316 2194 stimulos
1325 2170 1448 2193 avertere
1457 2165 1564 2190 amoris.-

838 2252 874 2276 ut
889 2246 941 2276 alii
957 2246 1052 2276 etiam
1069 2246 1267 2280 Latinorum,
1279 2242 1417 2274 aemulati
1430 2242 1565 2272 Graecos

840 2298 891 2328 Sic
906 2297 1086 2337 Euripides,
1108 2295 1238 2335 Hippoi.
1255 2299 1308 2326 38.

914 2383 1032 2409 Ενταυθω
1045 2384 1074 2412 δν,
1088 2392 1205 2412 στενεσαι,
1221 2381 1440 2414 κᾴκετεττληγμενη

916 2432 1094 2457 ΚΕΝΤΡΟΙΣ
1116 2430 1316 2456 ΕΡΩΤΟΣ-;

839 2518 870 2541 et
878 2510 1019 2541 similiter
1028 2510 1102 2541 ibid.
1117 2519 1178 2540 ver.
1196 2513 1288 2540 1517.
1306 2508 1345 2538 ad
1356 2516 1450 2547 quem
1462 2505 1568 2536 locum

839 2562 1002 2602 praeferam
1013 2561 1160 2602 equidem
1168 2560 1320 2591 Brunckii
1330 2558 1488 2599 judicium
1498 2566 1569 2586 con·

842 2613 911 2644 silio
926 2614 1091 2654 Egertoni,
1119 2612 1208 2642 valde
1223 2611 1436 2650 suspiciosam,
1463 2615 1493 2638 et
1508 2607 1567 2637 mi-

841 2664 927 2694 nime
942 2664 1157 2700 necessariam,
1176 2661 1384 2693 Valckena'eri
1409 2661 1568 2700 conjectu·

842 2726 920 2752 ram,
946 2723 1106 2757 Πληγεισα
1121 2715 1246 2751 scilicet,
1270 2725 1326 2754 pro
1354 2714 1513 2752 Δηχέεισα,
1536 2711 1570 2740 in

841 2773 1023 2797 contextum
1061 2766 1264 2797 admittentis.
1323 2765 1491 2797 Caeterum,
1529 2771 1569 2791 ne

842 2819 936 2859 gratis
951 2819 1055 2850 videar
1070 2819 1206 2858 culpare,
1236 2816 1485 2857 probabiliorem,
1511 2813 1569 2843 nisi

843 2871 944 2909 fallor,
978 2871 1118 2911 partibus
1156 2869 1265 2901 multis
1301 2868 1511 2908 conjecturam
1535 2865 1568 2894 in

843 2922 988 2954 medium
1017 2922 1182 2963 proferam,
1204 2920 1372 2953 lectoribus
1393 2917 1569 2960 dijudican-

844 2972 933 3005 damz
