1912 3292
509 290 744 338 LIBER
793 289 1176 346 QUARTUS.

1509 298 1604 338 415

249 422 375 472 Nam,
396 420 538 462 leviter
558 435 682 476 quam
702 421 776 470 vis,
799 420 911 475 quod
932 420 1076 462 crebro
1096 420 1283 462 tunditur
1302 421 1401 472 ictu,

251 495 442 537 Vincitur
461 494 505 535 id
524 494 650 551 longo
670 494 802 550 spatio
821 501 976 544 tamen,
998 503 1120 550 atque
1139 494 1319 536 labascit.

247 569 400 610 Nonne
419 567 546 618 vides,
569 568 693 609 etiam
712 575 864 625 guttas,
886 567 930 608 in
951 581 1050 608 saxa
1069 567 1288 617 cadenteis,

108 649 217 685 1280
249 642 454 684 Humoris
474 642 601 700 longo
620 642 665 683 in
686 642 818 698 spatio
836 640 1084 698 pertundere
1104 640 1224 682 saxa?

101 805 138 831 ut
146 800 215 841 jam
226 800 293 840 jam
306 811 458 832 casurum.
490 800 700 832 Philoxenus:
727 803 828 833 “La-

102 852 240 890 “basco,
268 850 472 894 ῠποφερομαι.”
515 852 659 888 Plautus,
687 852 771 883 Rud.
798 863 825 884 v.

101 905 130 933 5.
140 905 196 933 58.

113 983 203 1009 Salvos
213 990 288 1008 sum:
306 984 368 1009 leno
379 983 500 1010 labascit:
519 984 627 1010 libertas
636 984 816 1017 portenditur.

101 1055 198 1087 Unde
213 1054 392 1094 Terentius,
408 1056 493 1086 Eun.
508 1056 528 1086 i.
543 1060 573 1086 2.
590 1060 642 1088 98.

224 1136 350 1167 Labascit,
360 1137 448 1162 victus
459 1143 513 1162 uno
523 1138 616 1162 verbo.

101 1203 264 1233 Passivam
288 1203 373 1234 verbi
398 1203 534 1234 formam
559 1204 637 1235 dant
655 1204 772 1235 Accius
797 1210 827 1235 et

99 1254 203 1285 Varro
217 1254 250 1284 in
267 1254 365 1285 Nonii
385 1254 589 1285 collectaneis.
635 1255 754 1286 Videas
768 1255 825 1286 eti-

99 1315 152 1336 am
167 1305 257 1346 Virg.
276 1305 340 1336 Cir.
355 1308 426 1336 450.
452 1305 534 1336 Scite
550 1306 672 1337 videtur
692 1312 723 1337 et
748 1317 825 1337 enu-

99 1355 198 1387 cleate
223 1355 424 1387 declaravisse
438 1357 659 1397 proprietatem
683 1357 827 1388 dictionis

99 1408 249 1439 Donatus
277 1408 317 1439 ad
346 1409 473 1439 Terent.
501 1409 636 1449 Adelph.
662 1409 693 1440 ii.
720 1413 748 1440 2.
774 1413 825 1440 51.

99 1463 122 1479 “
139 1460 198 1490 Est
222 1461 404 1499 metaphora
425 1462 464 1491 ab
491 1462 598 1492 arbore
625 1461 721 1498 facta;
744 1472 826 1502 quae,

99 1515 122 1531 “
138 1511 247 1542 multis
261 1511 380 1542 succisa
394 1513 506 1543 ictibus
520 1513 606 1551 ferri,
634 1513 762 1544 tandem
776 1514 825 1544 in-

99 1565 123 1581 “
139 1563 213 1602 cipit
227 1563 261 1592 in
276 1573 380 1594 casum
395 1563 542 1603 pendere,
565 1564 751 1605 ruinamque
765 1564 826 1595 mi-

99 1617 123 1632 “
138 1613 262 1644 nitari.”

139 1665 215 1695 Ver.
242 1668 334 1697 1279.
361 1672 466 1706 guttas
496 1668 530 1697 in
559 1678 632 1698 sara
661 1669 824 1698 cadenteis.

101 1716 202 1757 Super
216 1717 273 1748 hac
294 1719 370 1759 ῥησει
392 1717 500 1748 omnia
521 1717 589 1759 jam
609 1718 748 1759 vulgata:
774 1729 826 1750 me

142 2106 263 2138 Excud.
283 2107 378 2139 Am).
394 2107 556 2140 DuneAN

172 2161 270 2193 Acad.
288 2162 394 2204 Glasg.
411 2163 532 2205 Typog.

144 2806 231 2839 Vot.
251 2809 300 2839 ΙΙ.

871 799 975 831 videas
989 798 1030 829 ad
1045 798 1064 829 i.
1082 801 1154 829 514.
1169 803 1201 828 et
1215 797 1256 828 ad
1272 798 1363 828 Bion.
1378 798 1438 829 xiv.
1456 802 1483 828 2.
1530 799 1597 829 Ad-

870 851 945 882 darn
960 849 1058 880 nihilo
1073 849 1180 880 minus
1197 849 1410 888 Propertium,
1431 849 1461 880 ii.
1483 853 1529 882 19.
1546 853 1596 882 55.

902 936 953 962 Sed
964 940 1057 963 tamen
1068 938 1208 963 obsistam:
1228 938 1319 962 feritur
1329 939 1451 972 rubigine
1461 946 1557 965 mucro

933 979 1053 1008 Fen-em,
1064 981 1092 1003 et
1099 982 1188 1010 parvo
1199 985 1272 1011 saepe
1283 978 1377 1011 liquore
1386 979 1462 1004 silex.

870 1060 940 1091 Nec
954 1070 1019 1091 non
1037 1061 1198 1097 Ovidium,
1225 1068 1262 1091 ut
1286 1062 1460 1093 accuratius
1483 1062 1595 1094 distin-

869 1118 995 1154 guatur,
1018 1122 1057 1142 ex
1072 1113 1166 1143 Pont.
1181 1113 1213 1143 ii.
1229 1116 1258 1144 7.
1270 1117 1325 1145 59.

900 1205 960 1235 Jam
973 1203 1049 1229 dolor
1059 1203 1086 1228 in
1097 1211 1202 1230 morem
1215 1204 1289 1230 venit
1300 1211 1391 1230 meust
1408 1209 1505 1237 utque,
1525 1214 1566 1232 ca-

1024 1243 1095 1268 ducis

941 1283 1065 1306 Percussa
1076 1282 1170 1313 crebro,
1179 1290 1247 1308 saxa
1257 1287 1393 1308 cavantur
1401 1284 1488 1317 aquia

901 1320 941 1345 Sic
952 1327 1003 1353 ego
1015 1321 1145 1347 continuo
1157 1323 1285 1347 Fortuna:
1299 1322 1427 1349 vulneror
1436 1324 1564 1349 ictu—.

868 1400 888 1431 i.
905 1411 930 1431 e.
954 1404 977 1420 “
994 1401 1176 1432 cadentibus
1195 1401 1259 1432 ictu
1275 1402 1419 1433 crebro:”
1443 1403 1528 1434 unde
1543 1403 1598 1434 lux

870 1462 901 1483 et
926 1453 1002 1483 ordo
1028 1454 1251 1485 constructioni
1278 1454 1369 1485 valde
1394 1455 1532 1486 confusae
1557 1456 1598 1487 ad

870 1504 1033 1545 vulgarem
1055 1504 1207 1536 scribendi
1230 1505 1372 1543 modum,
1394 1512 1425 1537 et
1445 1508 1595 1546 obaeurae,

871 1556 1029 1596 Sulpicius
1050 1557 1194 1599 denique,
1217 1557 1251 1587 in
1275 1559 1373 1589 Anth.
1394 1558 1463 1589 Lat.
1484 1559 1593 1590 Burm.

869 1607 912 1639 iii.
930 1612 979 1640 97.
997 1613 1024 1640 9.

931 1689 1061 1716 Decidens
1071 1690 1195 1716 scabrum
1205 1693 1285 1716 cavat
1294 1689 1367 1715 unda
1377 1690 1503 1722 tophum.
