1912 3292
473 237 708 286 LIBER
760 235 1112 284 TERTIUS.

1481 243 1544 284 63

199 373 256 416 Et
274 370 426 430 gelidos
446 377 558 411 artus
575 368 621 408 in
639 367 710 408 leti
728 366 882 424 frigore
901 366 1061 422 linquit.

199 448 259 489 At
277 451 415 487 manet
433 444 478 484 in
497 442 596 493 vita,
617 442 714 499 quoi
734 456 866 492 mem,
889 441 1146 497 animusque,
1167 442 1377 493 remansit,

202 521 340 570 Quam
359 519 419 560 vis
438 526 513 569 est,
535 525 700 560 curtum
719 517 850 568 caesis,
871 516 980 558 lacer
999 516 1184 572 undique
1203 516 1411 557 membris:

86 599 168 636 405
199 594 409 644 Truncus,
431 591 622 648 adempta
642 591 796 642 anima,
819 591 991 641 circum,
1011 590 1289 647 membrisque
1308 598 1503 642 remotus,

195 668 323 719 Vivit,
345 676 387 710 et
405 667 596 710 aetherias
614 667 770 709 vitaleis
790 666 987 721 subscipit
1006 680 1125 707 auras
1131 684 1144 716 3

204 743 250 785 Si
270 758 356 784 non
375 743 640 794 omnimodis,
661 751 708 784 ut
727 741 879 799 magna
899 749 1032 797 parte,
1053 740 1210 782 animai

202 817 406 870 Privatus,
427 825 566 860 tamen
585 818 630 859 in
649 816 733 860 vita
754 824 962 867 comatur,
984 824 1026 858 et
1045 815 1189 856 haeret.

49 974 197 1016 quaedam
207 973 353 1005 dedimus
365 974 405 1006 ad
419 975 550 1015 Sophoc.
565 974 698 1006 Philoct.
709 978 783 1006 420.

53 1032 87 1057 et
102 1027 174 1057 Silv.
192 1026 268 1057 crit.
283 1026 316 1056 ii.
334 1037 364 1065 p.
380 1029 432 1057 17.

98 1079 180 1111 Ibid.
201 1081 279 1111 vitrii
304 1081 458 1110 claustra:
492 1080 513 1110 i.
537 1091 563 1110 e.
587 1091 692 1115 nez-us,
720 1089 780 1110 ver.

53 1134 127 1162 218.
151 1130 202 1161 vel
218 1130 354 1166 vincula,
379 1130 428 1162 vel
452 1131 548 1161 etiam
562 1136 599 1162 ut
620 1133 725 1169 nodos,
749 1130 780 1162 ii.

53 1185 128 1214 949.

98 1233 174 1264 Ver.
199 1237 272 1265 599.
294 1235 416 1274 nequit:
442 1233 485 1264 V.
508 1233 556 1264 ed.
578 1235 693 1274 nequid
698 1249 709 1270 ;
734 1233 781 1264 uti

54 1285 171 1325 passim
184 1284 290 1315 scribis
304 1289 441 1316 erratum
455 1289 502 1315 est
525 1285 560 1315 in
585 1284 748 1316 elementis
770 1290 783 1315 t

57 1341 90 1367 et
110 1339 140 1367 d.

95 1387 179 1418 Ibid.
200 1389 339 1419 residere.
388 1387 507 1425 Cicero,
531 1388 626 1419 Tusc.
645 1387 743 1428 dispp.
760 1387 780 1418 i.

53 1441 106 1470 43.
135 1439 188 1470 fin.
218 1448 284 1469 non
305 1439 404 1469 aderit
425 1439 672 1479 intempestivus:
701 1443 723 1458 “
741 1439 782 1470 In

56 1492 81 1509 “
94 1500 222 1530 corpore
237 1497 344 1522 autem
357 1491 555 1531 perspicuum
577 1497 634 1530 est,
658 1491 706 1522 vel
729 1502 782 1522 ex-

4 1538 5 1541 ’
55 1544 79 1561 “
93 1541 207 1573 §tincto
221 1542 338 1579 aninmo,
360 1543 410 1573 vel
431 1542 546 1583 elapso,
564 1543 691 1574 nullum
705 1545 782 1575 resi-

62 1596 86 1612 “
99 1596 169 1626 dere
183 1594 341 1626 sensum.‘'

98 1645 172 1676 Ver.
187 1649 260 1677 400.
281 1648 386 1687 &rigui
393 1653 529 1688 partem,
541 1647 579 1678 P.
590 1646 682 1678 male.
705 1647 782 1678 Vir·

54 1695 161 1738 gilius,
178 1696 254 1728 AEn.
269 1707 299 1728 x.
316 1701 388 1728 128.

127 1764 207 1790 Haud
213 1768 313 1797 partem
323 1765 445 1798 exiguam
455 1765 596 1792 montis--

100 1822 178 1854 Ver.
203 1827 275 1855 401.
295 1825 400 1864 fiicul.
444 1825 524 1863 Nos,
559 1824 686 1856 favente
713 1825 786 1856 diva

60 1873 186 1912 Crifice,
202 1875 413 1905 archa'ismum
422 1875 532 1912 alium,
543 1875 678 1906 librariis
688 1876 783 1916 scrip·

55 1925 176 1956 toribus
190 1931 315 1956 tantum
330 1936 394 1956 non
405 1928 555 1957 obrutum
568 1933 600 1957 et
614 1927 784 1967 sepultum,

55 1985 97 2007 ex
119 1976 285 2007 ruderibus
309 1976 492 2008 vitiosarum
516 1977 689 2009 lectionum
716 1979 784 2010 Lu-

55 2028 163 2069 uenio,
178 2028 438 2068 recuperavimus.
481 2029 647 2060 Nimirum
668 2029 704 2060 in
732 2040 784 2061 ve-

57 2079 148 2111 mstis
161 2079 390 2119 exemplaribus
404 2079 554 2120 scriptum
569 2087 636 2112 erat
649 2081 690 2112 ad
701 2082 785 2113 hunc

58 2128 205 2161 modum:

429 2200 509 2232 facul
517 2203 534 2226 ε
543 2201 656 2227 discedit
663 2209 672 2226 ε

57 2256 145 2287 unde
159 2258 264 2288 statim
289 2267 368 2299 gens
381 2259 476 2289 hebes
490 2265 521 2290 et
536 2259 713 2298 invenusta,
727 2260 786 2302 fa-

61 2309 119 2338 cile
133 2309 274 2347 discedit,
290 2309 494 2350 refingerent3
516 2311 601 2351 quod
615 2311 665 2341 his
679 2311 784 2342 minu-

62 2357 116 2388 tiis
129 2359 289 2390 exercitati
303 2371 368 2391 non
391 2371 474 2401 aegre
502 2361 640 2400 credent,
666 2368 697 2392 et
722 2373 787 2393 esse

63 2417 136 2439 vero
149 2409 347 2441 simillimum
369 2411 573 2443 libentissime
597 2412 786 2445 fatebuntur.

60 2460 179 2491 Editur
191 2462 301 2503 vulgo:

371 2532 454 2564 facile
463 2536 487 2558 et
497 2533 609 2559 discedit
619 2533 647 2558 in
655 2541 745 2560 auras:

59 2596 89 2623 et
103 2596 211 2622 autem
226 2591 312 2623 deest
326 2593 424 2626 Vind.
439 2595 483 2626 V.
500 2595 549 2626 ed.
579 2595 618 2627 Ο.
639 2601 675 2628 Δ.
694 2603 735 2628 Π.
752 2601 788 2630 Σ.

62 2647 108 2680 ῃ.
123 2648 154 2673 et
169 2643 237 2684 ejus
250 2643 329 2681 loco,
345 2645 382 2677 L.
399 2647 448 2677 M.
461 2648 579 2678 habent
591 2660 618 2680 e.
658 2649 783 2680 Festus:

60 2695 85 2713 ‘⁶
100 2695 203 2726 Facul
216 2695 336 2736 antiqui
350 2696 504 2735 dicebant,
520 2704 552 2729 et
554 2699 708 2740 sat-ulter,
731 2711 787 2741 pro

59 2743 223 2791 “fuciless’
248 2746 374 2777 Nonius
387 2748 465 2779 item
476 2750 658 2791 Marcellus,
671 2752 702 2783 ii.
714 2756 787 2785 531.

60 2796 88 2813 0‘
103 2797 216 2835 Facul,
238 2808 296 2838 pro
314 2799 491 2840 faciliter.”
537 2803 632 2835 Unde
653 2805 790 2846 corrigas

63 2843 200 2884 Festum,
210 2849 407 2882 rescribendo
406 2852 562 2893 faciliter,
572 2855 789 2898 vicefaculter.

65 2895 157 2929 Prior
169 2903 402 2944 grammaticus,
416 2903 437 2936 1.
451 2914 477 2936 c.
492 2907 634 2948 exempla
645 2908 790 2940 dictionis

828 973 934 1004 attulit
949 983 986 1003 ex
1001 971 1140 1010 Lucifio,
1157 970 1307 1006 Pacuvio,
1325 970 1474 1009 Afranio,
1490 970 1554 1001 Ac-

828 1025 888 1061 cio,
904 1031 935 1055 et
955 1025 1113 1061 Varrone;
1137 1033 1216 1063 quae,
1242 1022 1267 1052 si
1282 1022 1387 1061 libeat,
1409 1022 1493 1063 apud
1506 1023 1554 1062 ip-

826 1089 897 1110 sum
912 1079 1233 1120 quaeras.—discedit.·
1254 1077 1293 1107 Ο.
1312 1083 1354 1107 r1.
1373 1083 1418 1108 Ω.
1433 1080 1554 1109 descen-

825 1135 887 1169 ὀᾶ,-
905 1142 975 1173 quae
990 1131 1127 1161 solennis
1142 1130 1284 1160 confusio
1299 1135 1357 1160 est:
1376 1130 1447 1161 vide
1461 1130 1556 1162 ovid.

826 1183 942 1214 remed.
959 1193 1056 1213 amor.
1074 1185 1143 1213 125.
1167 1187 1198 1212 et
1211 1181 1341 1211 initium
1355 1182 1469 1212 somnii
1486 1182 1554 1213 Sci-

825 1235 937 1275 pionis.

868 1287 944 1316 Ver.
960 1288 1032 1316 404.
1055 1290 1175 1316 curtum
1191 1286 1293 1315 caest's:
1316 1283 1336 1314 i.
1355 1294 1381 1314 e.
1397 1290 1484 1315 curte
1495 1295 1554 1315 cae-

827 1338 878 1376 sis,
895 1338 944 1368 vel
959 1337 1136 1368 decurtatis.
1180 1336 1301 1377 Vulgo,
1317 1339 1433 1368 circum
1449 1340 1552 1369 caesis:

827 1390 882 1421 sed
893 1390 1061 1421 meliorum
1069 1388 1220 1420 librorum
1232 1389 1383 1429 scriptura
1392 1389 1558 1429 depravata

828 1442 872 1472 sic
886 1442 976 1472 nobis
987 1440 1169 1482 refingenda
1179 1440 1354 1478 videbatur3
1372 1451 1448 1471 nam
1457 1440 1556 1472 Vind.

830 1493 868 1524 V.
896 1493 943 1524 ed.
958 1494 995 1524 L.
1018 1493 1066 1523 M.
1093 1498 1128 1524 Δ.
1145 1497 1180 1524 Σ.
1205 1492 1283 1523 dant
1307 1499 1421 1524 cretum
1450 1495 1553 1529 caesis;

829 1545 868 1582 Q.
895 1552 939 1576 Ω.
961 1551 1077 1576 cretum
1104 1547 1208 1582 coecz's;
1242 1552 1283 1576 Π.
1308 1552 1439 1576 rerctum
1463 1547 1559 1576 coese's.

830 1599 926 1629 Favet
941 1598 1038 1628 etiam
1052 1597 1241 1628 divinationi
1255 1603 1369 1628 nostrae
1393 1611 1426 1628 το
1441 1599 1558 1628 circum

829 1649 934 1680 statim
947 1649 1055 1679 minus
1069 1655 1198 1679 venuste
1213 1649 1390 1688 repetitum.
1437 1649 1506 1680 Nos
1519 1648 1561 1680 ad

828 1701 979 1732 amussim
993 1699 1136 1730 similiter
1151 1700 1288 1731 solemus
1302 1700 1402 1741 loqui:
1431 1705 1453 1720 “
1469 1701 1560 1731 With

829 1757 852 1772 “
868 1753 918 1782 his
942 1753 1036 1782 limbs
1061 1758 1114 1783 cut
1137 1751 1376 1783 shm-t.”-lacer
1403 1755 1556 1793 undique:

828 1803 866 1834 L.
891 1805 1126 1844 Iacerandz'que;
1150 1814 1170 1833 a
1183 1803 1321 1834 secunda
1334 1814 1442 1835 manu.
1489 1805 1559 1835 Cae-

829 1860 945 1893 terum,
961 1854 1052 1886 facile
1066 1854 1202 1885 dixerim
1216 1856 1302 1885 hunc
1316 1855 1423 1886 locum
1437 1855 1471 1886 in
1482 1865 1558 1886 ocu·

828 1905 867 1936 lis
880 1905 1009 1947 Virgilii
1023 1905 1132 1945 fuisse,
1153 1906 1193 1936 ad
1208 1907 1284 1937 AEn.
1301 1906 1340 1938 vi.
1356 1910 1428 1938 494.

858 1986 949 2016 Atque
959 1985 1020 2010 heic
1031 1985 1195 2016 Priamiden,
1207 1985 1338 2011 laniatum
1351 1993 1465 2018 corpore
1474 1989 1547 2018 toto,

859 2026 1033 2058 Deiphobum
1044 2026 1127 2057 vidit;
1146 2025 1266 2051 lacerum
1278 2026 1423 2052 crudeliter
1432 2034 1489 2058 ora,

859 2065 922 2096 Ora,
940 2071 1090 2097 manusque
1110 2065 1213 2096 ambas,
1233 2066 1416 2098 populataque
1434 2070 1560 2099 tempora

954 2111 982 2129 ra
1002 2105 1035 2129 tis

860 2112 1024 2177 Auribus‚pet
1034 2150 1142 2172 truncas
1152 2147 1295 2174 inhonesto
1306 2148 1418 2174 volnere
1427 2148 1510 2173 naris:

829 2217 896 2256 ubi,
919 2217 960 2248 ad
974 2218 1203 2249 nonnullorum
1219 2219 1365 2250 codicum
1379 2220 1487 2258 fidem,
1510 2219 1558 2250 in-

831 2269 1003 2309 cogitanter
1019 2270 1174 2300 Heinsius
1185 2271 1356 2310 repositum
1368 2271 1504 2302 volebat:

861 2338 1034 2370 Deiphobum
1046 2338 1122 2364 videt
1127 2347 1140 2369 ,·
1159 2343 1182 2364 ee
1194 2340 1314 2365 lacerum
1326 2340 1517 2365 crudeliter—t

831 2405 917 2434 nam,
933 2395 1019 2436 quod
1032 2397 1165 2428 breviter
1178 2404 1210 2428 et
1223 2397 1315 2437 plene
1330 2397 1484 2428 extulerat
1497 2396 1558 2427 ini-

831 2447 877 2478 n'o
891 2448 982 2487 po'eta
996 2448 1031 2478 in
1047 2449 1157 2488 verbis,
1173 2452 1328 2481 laniatum
1343 2460 1466 2489 corpore
1487 2455 1559 2487 toto,

832 2498 866 2529 in
895 2500 1096 2540 sequentibus
1131 2501 1260 2540 ampliat
1295 2506 1388 2540 atque
1425 2499 1560 2530 declarat

831 2550 1029 2591 singulatim;
1053 2552 1155 2591 aliter,
1169 2552 1286 2593 frigida
1297 2552 1379 2582 foret
1393 2557 1424 2582 et
1439 2551 1558 2583 insulsa

830 2601 891 2632 loci
905 2603 993 2634 ratio.

876 2652 948 2684 Ver.
963 2657 1035 2686 405.
1059 2655 1161 2685 Hicce
1176 2665 1284 2685 versus
1297 2660 1344 2686 est
1357 2653 1560 2694 praecedentis

832 2705 1009 2745 epexegesis
1037 2712 1070 2736 et
1097 2705 1311 2745 amplificatio,
1342 2706 1383 2736 ad
1414 2704 1560 2736 Maronis

832 2755 926 2786 etiam
940 2757 1107 2787 consilium
1122 2756 1217 2787 modo
1232 2763 1452 2788 memoratum.

878 2807 958 2838 Ibid.
980 2815 1122 2843 remotus:
1147 2809 1191 2840 sic
1219 2810 1257 2841 L.
1286 2816 1319 2841 at
1347 2810 1396 2840 M.
1424 2815 1558 2850 remota;

833 2858 921 2896 forte,
938 2864 1069 2892 remotz'c:
1095 2862 1199 2892 caeteri
1213 2872 1334 2901 omnes,
1357 2864 1495 2898 remotis;
1519 2860 1560 2891 ad

833 2911 995 2953 vulgarem
1005 2913 1156 2945 sermonis
1164 2914 1295 2954 prosaici
1304 2913 1447 2945 colorem.
1465 2910 1559 2949 Quod
