1912 3292
469 262 702 315 LIBER
745 258 1121 317 QUARTUS.

198 403 376 457 Unaque
395 414 458 439 res
475 396 568 437 haec
586 402 660 443 est,
691 392 839 447 quoius
858 404 941 444 quo
960 387 1138 442 plurima
1156 387 1370 437 habemus,

194 477 303 518 Tam
323 472 454 529 magis
466 467 648 516 ‚ardescit
666 464 756 505 dira
777 461 979 516 cupedine
999 469 1152 514 pectus.

190 550 303 591 Nam
323 547 450 594 cibus,
471 550 594 597 atque
612 538 778 586 humor,
800 534 996 576 membris
1016 532 1247 573 adsumitur
1268 535 1392 574 intus:

50 629 157 666 1085
191 625 300 674 Quae
320 618 516 676 quoniam
536 624 665 656 certas
684 618 856 666 possunt
876 606 1065 649 obsidere
1078 606 1251 661 parteis,
1444 595 1446 597 ³

192 697 291 739 Hoc
309 693 425 734 facile
445 689 632 745 expletur
650 686 818 727 laticum
836 682 1085 740 fingumque
1105 679 1273 735 cupido:

189 771 260 812 Ex
278 767 459 809 hominis
478 779 575 805 vero
594 762 712 810 facie,
734 758 990 815 pulchroque
1011 755 1162 804 colore,

178 834 309 886 „Nihil
328 842 449 883 datur
468 841 512 880 in
533 851 681 892 corpus
701 844 852 890 praeter
873 831 1088 873 simulacra
1107 828 1334 870 fruundum

92 1001 173 1033 Ibid.
194 1000 330 1042 refrenat
343 1008 477 1029 morsus:
504 997 523 1026 i.
535 1007 560 1027 e.
583 996 627 1025 ita
641 994 774 1032 compri-

47 1053 106 1084 mit
115 1051 334 1090 diminuitque‚
343 1055 380 1078 ut
388 1049 501 1078 abeant
509 1047 543 1075 in
552 1055 655 1075 meras
667 1043 776 1074 molles

50 1104 283 1136 morsiunczdas.

94 1155 174 1186 Ibid.
202 1154 329 1185 Blanda
359 1152 502 1190 voluptas.
548 1147 641 1179 Idem
673 1147 774 1183 Maro,

51 1216 120 1249 geo.
135 1206 179 1236 iii.
195 1208 264 1235 127.

243 1286 278 1305 ne
287 1278 378 1304 blando
389 1280 506 1309 nequeat
517 1282 595 1308 super
605 1281 660 1300 esse
669 1274 757 1299 labori.

91 1358 168 1388 Ver.
201 1361 293 1388 1080.
332 1355 484 1393 restingui
505 1354 690 1393 flammam:
734 1355 775 1379 11.

50 1413 208 1441 flammas.-
233 1406 396 1447 Virgilius,
414 1405 487 1434 AEn.
502 1404 535 1434 ii.
554 1407 625 1434 686.

270 1482 376 1503 sanctos
385 1476 536 1508 restinguere
547 1475 667 1500 fontibus
679 1473 753 1506 ignis.

49 1546 191 1577 Suaviter
206 1540 415 1574 Macedonius
428 1539 463 1569 in
478 1539 720 1579 epigrammate:

87 1625 201 1655 Tuscae
214 1631 272 1653 ειμι,
286 1624 356 1654 καρῇ·
367 1628 397 1644 συ
411 1618 435 1643 δε
449 1626 510 1648 ymo
520 1626 606 1644 πιστος
621 1617 755 1648 Αχιλ),ευς”

127 1670 226 1695 Καλλεῐ
237 1678 272 1701 σῳ
282 1676 375 1692 εταωσον
387 1675 426 1690 τον
439 1663 517 1694 ποθεῖ,
532 1664 562 1691 ὥς
573 1660 668 1690 §Ca-253.

90 1746 166 1776 Ver.
186 1745 276 1774 1081.
298 1748 409 1772 totum:
436 1738 510 1769 editi
526 1737 643 1777 plures,
659 1747 774 1773 coram,-

49 1797 137 1828 libris
151 1795 298 1826 omnibus
311 1791 440 1822 vetustis
460 1789 672 1819 renuentibus.
719 1786 774 1816 In-

48 1847 234 1888 terpolatam
282 1843 536 1883 depravationem
586 1838 779 1880 negligentia

48 1897 304 1931 vindobonensis
322 1895 417 1926 etiam
439 1893 565 1924 editoris
585 1891 778 1931 propagavit,

50 1952 85 1982 ni
100 1951 201 1986 fallor,
216 1949 284 1979 sine
299 1946 415 1977 codice.

93 2004 167 2034 Ver.
197 2005 287 2033 1082.
317 2012 393 2040 quo:
429 1997 472 2028 sic
499 1998 534 2028 P.
558 1995 724 2030 verissime,
748 2001 779 2025 et

50 2056 146 2096 longe
167 2063 261 2092 supra
286 2051 459 2081 scribarum
484 2054 626 2087 captum;
649 2046 727 2077 adeo
743 2053 779 2076 ut

49 2106 245 2146 reliquorum
260 2101 488 2141 exemplarium
498 2099 660 2138 scriptura,
676 2109 778 2137 quam,

51 2157 152 2188 multo
163 2154 332 2195 suspectior
347 2153 387 2183 sit
398 2152 436 2182 de
445 2150 588 2181 hodierni
599 2149 779 2180 correctoris

51 2207 302 2247 importunitate:
329 2204 395 2235 redi
410 2202 450 2233 ad
465 2207 571 2232 notata
586 2201 619 2230 in
634 2211 695 2230 ver.
707 2203 778 2231 999.

55 2262 250 2300 —plurimm
276 2256 316 2288 P.
334 2258 442 2296 pluria
450 2269 461 2289 ;
487 2253 572 2294 quod
599 2252 780 2282 emendato-

50 2322 119 2342 rem
131 2311 245 2350 resipit,
256 2319 356 2350 quum
371 2307 478 2337 nullus
490 2307 569 2336 liber
583 2304 779 2343 suffragetur,

54 2368 183 2402 excepto
204 2360 303 2391 Vind.
333 2361 420 2399 isque
442 2358 518 2388 citra
539 2356 782 2387 controversiam

54 2415 249 2456 negligenter
263 2412 303 2442 sit
315 2421 472 2441 «excussus.

95 2467 171 2496 Ver.
184 2467 274 2495 1083.
289 2461 373 2493 diui.-
391 2462 430 2492 O.
440 2460 778 2500 diraque—cupediae.-

54 2517 152 2548 Vind.
168 2517 209 2547 V.
224 2515 272 2546 ed.
290 2515 327 2545 B.
344 2519 381 2545 Δ.
400 2520 440 2544 Π.
457 2519 492 2544 Σ.
510 2519 555 2543 Ω.
571 2513 724 2551 cupidine.

97 2567 179 2598 Ibid.
203 2564 274 2596 clini
302 2566 458 2605 capedine.
504 2563 606 2598 Maro,
632 2562 710 2592 AEn.
741 2561 780 2592 vi.

56 2623 128 2652 721.

250 2697 313 2722 quae
323 2690 389 2716 lucis
399 2689 500 2714 miseris
510 2692 567 2714 tam
576 2687 634 2713 dira
642 2686 730 2719 cupido
737 2686 751 2710 ?

53 2758 76 2790 i.
89 2768 116 2789 e.
138 2768 269 2799 magna:
294 2757 365 2788 vide
381 2756 420 2787 ad
432 2765 492 2786 ver.
512 2758 602 2786 1040.

96 2810 173 2840 Ver.
190 2813 284 2840 1084.
308 2810 498 2840 adsumitur:
524 2807 565 2837 V.
582 2805 629 2837 ed.
648 2807 781 2837 absumi-

0 2886 1 2889 *
55 2862 204 2893 tun—Et
217 2864 324 2893 humor
340 2861 533 2893 desideratur
546 2860 581 2890 in
597 2865 638 2890 11.
653 2864 690 2889 ut
699 2857 783 2888 infra

54 2912 89 2942 in
104 2912 226 2951 eodem,
241 2915 380 2944 hominis.

97 2963 172 2994 Ver.
202 2966 292 2996 1085.
314 2966 462 2997 obsidere:
490 2963 530 2996 V.
551 2962 599 2995 ed.
628 2963 781 2996 absidem,-

818 990 936 1021 librarii
951 987 1043 1021 oculo
1056 988 1090 1018 in
1105 987 1242 1027 primam
1253 985 1402 1025 syllabam
1418 982 1545 1012 fortasse

821 1055 858 1072 τε
871 1043 1042 1072 absumitur
1056 1049 1149 1078 supra
1163 1037 1255 1077 positi
1266 1035 1418 1075 conjecto:
1440 1040 1480 1064 Π.
1492 1034 1545 1063 ab·

819 1095 965 1124 scindere.

862 1145 939 1175 Ver.
957 1147 1049 1176 1089.
1073 1150 1162 1182 rapta
1179 1149 1239 1173 est.-
1265 1142 1308 1171 sic
1331 1144 1436 1180 aperte
1453 1137 1493 1168 Ο.
1509 1142 1544 1168 Δ.

819 1202 850 1227 et
872 1196 1005 1235 optime;
1028 1195 1070 1224 V.
1093 1194 1139 1224 ed.
1162 1200 1285 1233 raptas:
1310 1193 1330 1222 i.
1355 1202 1381 1221 e.
1407 1194 1542 1229 raptust;

820 1248 904 1289 quod
915 1246 1005 1277 facile
1016 1245 1197 1286 migraverit
1208 1245 1241 1274 in
1251 1249 1372 1282 raptas:
1391 1246 1483 1280 prout
1491 1249 1549 1278 per

818 1299 954 1340 reliquos
968 1297 1088 1328 codices
1103 1295 1180 1326 abiit
1195 1295 1229 1324 in
1244 1293 1418 1333 vulgatum,
1433 1297 1546 1330 raptat.

822 1351 911 1382 Ordo
925 1356 979 1385 est,
1003 1359 1039 1379 ac
1054 1346 1254 1378 constructio:
1284 1348 1307 1363 ‘⁶
1322 1349 1480 1382 —praeter
1501 1348 1546 1372 te-

822 1406 844 1421 “
859 1403 936 1432 nuia
950 1399 1131 1436 simulacra;
1150 1408 1220 1439 quae
1236 1407 1304 1436 spes
1315 1395 1456 1426 misella''
1475 1394 1510 1435 (i.
1521 1403 1547 1424 e.

819 1464 902 1493 spes3
925 1454 984 1483 hoc
1000 1457 1136 1487 tantum,
1152 1456 1183 1480 et
1198 1448 1276 1478 nihil
1292 1446 1410 1486 aliud!)
1428 1449 1450 1464 “
1466 1455 1548 1484 saepe

819 1509 842 1525 ‘⁶
858 1511 950 1535 vento
965 1510 1051 1543 rapta
1063 1502 1138 1533 est.”
1179 1501 1259 1537 Quae
1271 1499 1453 1539 planissima
1464 1502 1546 1532 sunt,

819 1564 849 1587 et
863 1555 1088 1586 venustissima.
1133 1554 1175 1584 In
1202 1558 1358 1593 quantum
1379 1551 1430 1580 hic
1452 1548 1547 1578 versi-

819 1608 910 1639 culus
924 1607 1031 1638 doctos
1045 1606 1127 1636 viros
1141 1604 1276 1641 torserit,
1299 1609 1331 1633 et
1345 1608 1421 1643 quot
1435 1601 1549 1631 intem-

818 1661 950 1700 pestivas
969 1659 1162 1698 conjecturas
1176 1655 1385 1696 progenuerit„
1401 1653 1486 1693 piget
1500 1662 1549 1682 re-

818 1722 960 1748 censere;
984 1720 1070 1740 mera
1092 1708 1226 1739 ludibria
1248 1706 1451 1747 ingeniorum
1465 1703 1549 1735 male

820 1763 1005 1793 feriatorum
1021 1767 1051 1790 et
1065 1760 1292 1790 frustratorum.

865 1812 944 1844 Ibid.
972 1813 1074 1852 Lego:

985 1899 1048 1926 quae
1057 1896 1163 1918 mentem
1175 1896 1216 1925 spe
1227 1891 1326 1916 lactant
1335 1896 1408 1922 saepe
1418 1887 1531 1913 misella.

822 1959 873 1989 Ex
898 1961 1027 1995 lactant,
1051 1957 1188 1996 primum
1201 1956 1319 1995 jacuit,
1342 1953 1416 1984 inde
1438 1957 1549 1992 raptat.

824 2009 1000 2044 Terentius,
1017 2007 1102 2038 And.
1118 2007 1157 2036 iv.
1174 2010 1202 2036 1.
1219 2009 1268 2036 24.

853 2091 906 2115 Nisi
916 2097 962 2116 me
974 2089 1091 2114 lactasres
1099 2091 1251 2117 amantem,
1267 2090 1295 2112 et
1299 2085 1377 2117 false?
1389 2088 1428 2117 spe
1438 2085 1536 2116 produ-

946 2137 1029 2155 ceres.

823 2203 898 2242 Vel,
929 2202 1056 2243 propius
1081 2201 1121 2232 ad
1151 2200 1248 2231 MSS.
1275 2210 1325 2239 spe
1355 2204 1489 2238 captant.
1513 2197 1550 2228 P.

825 2255 935 2295 Syrus:

885 2329 1015 2357 Fortuna,
1026 2333 1090 2351 cum
1101 2325 1247 2354 blanditur,
1260 2326 1389 2356 captatum
1401 2321 1485 2346 venit.

826 2400 891 2431 Pro
905 2406 1045 2437 mentem,
1060 2397 1130 2428 vide
1146 2408 1174 2427 v.
1193 2400 1243 2428 65.
1327 2395 1553 2425 BENTLmus.

827 2452 919 2482 Idem
935 2452 1152 2482 Btnumus
1170 2449 1218 2479 his
1232 2446 1327 2478 Fabri
1341 2444 1442 2476 verbis
1455 2444 1496 2474 ad
1508 2444 1553 2474 lo-

824 2512 911 2539 cum,
928 2506 950 2520 ‘⁴
964 2502 1050 2531 Nam
1064 2511 1118 2531 sex
1134 2506 1253 2539 septem
1268 2498 1334 2528 dies
1348 2497 1454 2527 locum
1468 2496 1554 2526 hunc

826 2558 849 2573 “
865 2554 972 2584 animo
987 2552 1135 2590 versavi‚”
1154 2553 1221 2581 haec
1237 2550 1320 2580 inter
1333 2549 1418 2579 illius
1428 2547 1554 2578 editoris

825 2610 913 2635 notas
941 2604 1085 2644 subjecit:
1113 2606 1135 2622 “
1149 2602 1253 2633 Rideo
1278 2602 1378 2635 hunc,
1406 2599 1462 2640 qui
1489 2604 1555 2628 tam

827 2659 849 2675 “
865 2655 1049 2686 diuturnam
1065 2664 1194 2694 operam
1208 2652 1300 2689 lusit;
1323 2658 1360 2682 ut
1379 2649 1506 2686 videbis,
1529 2649 1556 2679 si

828 2710 851 2725 “
867 2712 986 2736 nostras
1000 2711 1089 2736 notas
1108 2703 1254 2734 viderisff’

828 2758 960 2793 Rursus,
976 2762 1042 2787 tam
1053 2755 1204 2790 Bentleio‚
1217 2763 1313 2794 quam
1322 2753 1436 2790 Fabro,
1446 2750 1556 2781 surdas

827 2819 918 2839 aures
931 2818 990 2838 nos
1002 2806 1206 2843 obvertimus3
1228 2811 1272 2843 et,
1287 2803 1408 2844 opinor,
1423 2802 1555 2833 lectores

826 2861 932 2892 nostri.

871 2912 952 2944 Ibid.
975 2918 1059 2945 vento
1083 2917 1184 2952 rapta.

825 2966 898 2996 555.

1231 2908 1375 2948 Ovidius,
1397 2912 1472 2940 met.
1495 2906 1554 2936 xiv.

738 3020 837 3055 Rhe
