1912 3292
299 217 394 257 412

809 206 870 254 T.
909 205 1285 256 LUCRETII

443 337 495 380 Id
515 351 678 393 quoque
696 338 911 395 permagni
931 338 1072 389 refert3
1104 353 1202 379 nam
1222 352 1338 379 more
1356 336 1551 389 ferarum,

443 411 854 468 Quadrupedumque
873 413 1004 470 magis
1023 413 1121 463 ritu,
1141 412 1381 468 plerumque
1399 420 1597 468 putantur

443 486 673 542 Concipere
691 501 856 537 uxores,
878 489 975 544 quia
994 488 1051 529 sic
1070 488 1161 529 loca
1179 502 1339 530 sumere
1357 495 1544 543 possunt,

303 565 411 602 1260
443 561 684 603 Pectoribus
703 562 861 617 positis,
883 561 1049 603 sublatis
1069 563 1226 603 semina
1244 562 1404 602 lumbis.

441 635 530 677 Nec
551 635 690 676 molles
711 649 815 689 opus
835 642 930 674 sunt
948 641 1084 674 motus
1104 633 1302 674 uxoribus
1320 634 1466 674 hilum:

441 709 551 750 Nam
572 708 718 748 mulier
737 707 931 762 prohibet
952 722 993 748 se
1013 707 1245 762 concipere,
1267 714 1388 762 atque
1409 716 1625 765 repugnat,

437 782 638 824 Clunibus
658 782 746 837 ipsa
765 782 842 821 viri
865 782 1071 823 Venerem
1092 782 1124 822 si
1145 781 1241 822 laeta
1260 789 1469 831 retractet3

438 856 578 913 Atque
598 862 787 898 exossato
807 857 886 898 ciet
908 857 1022 898 omni
1042 864 1208 912 pectore
1226 856 1387 898 fluctus:

289 1013 332 1044 iii.
351 1016 377 1043 1.
391 1015 443 1044 54.
467 1015 489 1032 “
506 1012 536 1043 A
564 1019 651 1052 parte
674 1024 750 1055 ergo
770 1014 820 1045 sui
845 1014 1021 1045 meretrices

291 1067 314 1083 “
329 1070 428 1095 scorta
458 1063 626 1103 dicuntur;
662 1065 710 1095 vel
739 1078 799 1097 aea-a
822 1079 860 1097 ere
889 1079 1019 1108 σκαιρειν,

291 1118 314 1134 “
330 1115 414 1156 quod
429 1115 538 1146 Graece
547 1117 706 1156 palpitare
717 1116 919 1158 intelligitur:
935 1117 1020 1158 quod

292 1169 315 1186 “
331 1166 394 1196 inae
408 1166 530 1197 faciunt
543 1167 685 1198 saltando
699 1167 833 1205 assidue,
854 1168 902 1199 vel
917 1168 1021 1208 potius

290 1220 313 1236 “
329 1217 501 1256 crissando;
523 1224 560 1248 ut
583 1219 751 1250 Lucretius
775 1219 829 1256 ait,
850 1219 902 1250 lib.
919 1219 956 1249 iv.
980 1221 1020 1250 ob

293 1271 316 1287 “
332 1279 401 1299 eam
424 1279 577 1307 caussam,
604 1276 641 1300 ut
661 1270 896 1301 concinniorem
915 1270 1020 1301 Vene-

291 1324 315 1340 “
331 1331 399 1352 rem
425 1322 592 1352 exhibeant
617 1321 701 1362 viris,
730 1328 786 1353 aut
809 1323 868 1354 sibi
893 1323 1021 1364 abigant

292 1376 316 1391 “
332 1373 591 1412 conceptum—.”
626 1374 677 1404 Ex
692 1374 806 1415 quibus
820 1380 925 1405 tamen
940 1374 1020 1404 mihi

290 1424 402 1455 saltem
416 1425 616 1464 satisfaciam,
639 1426 665 1456 si
680 1425 795 1463 dicam,
817 1437 880 1458 rem
895 1432 1018 1457 tantum

287 1477 438 1508 Lucretio
459 1478 654 1518 descriptam,
673 1488 738 1509 non
754 1479 908 1518 ipsissima
921 1479 1020 1518 po'etae

288 1530 394 1568 verba,
431 1530 466 1560 in
504 1530 611 1560 animo
643 1531 841 1571 grammatici
870 1531 1019 1562 fuisse.—

286 1582 378 1612 laeta:
405 1581 446 1612 Ο.
463 1588 504 1613 11.
527 1583 824 1614 lenem—retractet:
850 1583 899 1613 M.
917 1583 958 1613 O.
970 1594 1018 1613 re-

289 1638 415 1664 tractat.

329 1692 411 1723 Ibid.
436 1698 596 1724 retractet:
633 1692 652 1722 i.
688 1702 715 1724 e.
745 1692 880 1723 vicissim
908 1698 1018 1724 tractet

285 1754 360 1775 cum
375 1743 475 1774 nimio
493 1743 659 1784 voluptatis
679 1754 788 1783 sensu3
811 1744 877 1776 redi
900 1744 940 1776 ad
955 1755 1015 1776 ver.

292 1798 383 1828 1195.

329 1856 407 1886 Ver.
427 1859 518 1887 1264.
540 1862 692 1887 exossata.-
719 1855 771 1886 Pii
791 1855 912 1886 codices
934 1856 1014 1886 anti-

284 1908 351 1949 qui,
373 1910 548 1944 eoeossatim;
576 1914 608 1939 et
628 1909 758 1949 hujusce
775 1909 885 1939 formae
906 1909 1014 1939 adver-

285 1961 336 1991 bia
352 1961 516 1992 Lucretius
530 1961 738 2002 frequentavit
752 1972 835 1998 sane,
858 1961 944 2003 (vide
959 1972 1016 1992 nos

285 2011 326 2042 ad
342 2012 361 2042 i.
376 2012 444 2051 45.)
461 2012 515 2042 sed
530 2013 656 2053 vulgata
671 2013 762 2044 lectio
778 2013 938 2044 venustior
952 2019 1011 2043 est:

288 2067 324 2094 Δ.
342 2063 381 2094 Ο.
403 2070 557 2094 exossatas.

331 2123 412 2155 Ibid.
434 2131 565 2155 exossato
581 2126 639 2155 ciet
655 2131 778 2164 pectore
789 2127 928 2166 fluctus:
953 2124 972 2155 i.
989 2135 1014 2155 e.

286 2178 311 2193 “
326 2180 459 2215 pectore,
490 2176 533 2206 ita
562 2176 672 2206 mobili
698 2182 729 2206 et
755 2182 902 2213 tortuoso,
931 2187 967 2207 ac
989 2175 1015 2206 si

285 2228 309 2244 ‘⁶‘
325 2225 498 2265 privaretur
513 2226 662 2258 ossibus.’'
710 2227 780 2264 Sed,
797 2228 822 2258 si
836 2233 1012 2258 venustates

285 2276 453 2317 exquisitas
477 2279 591 2308 harum
617 2278 813 2310 locutionum
838 2281 1012 2311 accuratius

284 2328 360 2358 velis
374 2328 543 2368 percipere,
567 2330 673 2360 redeas
687 2331 727 2361 ad
749 2331 792 2361 iii.
810 2334 880 2363 7‘21.
907 2337 939 2362 et
953 2332 1011 2362 ibi-

286 2380 360 2411 dem
398 2381 684 2413 animadversiones
720 2393 812 2414 meas.
873 2384 1013 2415 Accedat

284 2431 453 2471 ApuleIus,
480 2433 569 2474 cujus
591 2434 686 2465 etiam
708 2435 882 2465 Lambinus
901 2435 1013 2465 memi-

284 2484 342 2523 nit,
369 2491 441 2516 met.
458 2486 480 2517 i.
509 2497 538 2525 p.
565 2490 615 2518 21.
644 2487 690 2518 ed.
719 2487 802 2518 Oud.
826 2488 1017 2528 “—inque

285 2538 308 2554 “
326 2536 456 2568 flexibus
483 2538 628 2569 tortuosis
654 2549 801 2569 enervam
826 2544 858 2569 et
883 2549 1015 2570 exossam

284 2590 308 2606 “
325 2588 521 2619 saltationem
536 2589 679 2629 explicat,
698 2601 771 2621 cum
787 2591 946 2629 omnium,
963 2591 1016 2631 qui

284 2642 308 2658 “
325 2640 501 2677 aderamus,
513 2642 750 2673 admiratione.''
782 2644 863 2679 Quae
875 2643 914 2674 ad
929 2643 1014 2673 illus-

280 2691 428 2722 trandum
438 2693 621 2725 Lucretium
632 2701 706 2725 sunt
715 2695 840 2736 egregie
850 2705 1012 2735 compara-

281 2749 328 2781 ta;
351 2753 452 2784 neque
463 2746 557 2776 velim
570 2747 712 2788 negligas
723 2747 765 2777 ibi
778 2747 965 2778 doctissimis
978 2758 1011 2778 a-

281 2795 564 2828 nimadversoribus
575 2799 695 2829 collata.
722 2800 893 2838 Arnobius,
909 2805 945 2830 ut
958 2800 1012 2830 ad-

283 2847 370 2884 solet,
386 2848 569 2879 Lucretium
585 2851 729 2890 respexit,
754 2851 804 2881 lib.
821 2852 873 2882 vii.
892 2862 920 2891 p.
938 2855 1009 2883 ⁴259.

283 2901 306 2917 “
322 2899 450 2939 —quid
478 2901 611 2939 cessatis,
638 2902 714 2942 quin
739 2908 773 2932 ct
798 2903 880 2942 ipsos
905 2902 1014 2934 dicatis

1065 1017 1088 1032 “
1103 1013 1178 1044 deos
1198 1012 1317 1050 ludere,
1342 1011 1491 1047 lascivire,
1515 1010 1711 1048 saltare—et
1724 1013 1790 1043 clu-

1065 1069 1088 1084 “
1103 1067 1192 1096 nibus
1207 1067 1368 1107 fluctuare
1394 1064 1582 1104 crispatis?”
1605 1062 1697 1094 Idem
1710 1064 1792 1094 hanc

1064 1118 1232 1148 flexibilem
1258 1118 1394 1157 corporis
1420 1116 1655 1148 mollitudinem
1680 1116 1792 1155 verbis,

1063 1179 1161 1210 usque
1176 1169 1216 1199 ad
1231 1168 1460 1199 affectationem
1475 1167 1665 1208 conquisitis,
1681 1167 1725 1198 sic
1739 1167 1793 1198 de-

1063 1221 1195 1261 scripsit,
1210 1221 1262 1252 lib.
1278 1221 1317 1251 vi.
1333 1231 1362 1260 p.
1379 1223 1521 1252 197.—“
1536 1220 1631 1251 Liber
1644 1219 1795 1251 membris

1065 1276 1088 1292 “
1103 1284 1177 1304 cum
1192 1273 1351 1311 mollibus,
1375 1277 1406 1303 et
1426 1272 1557 1313 liquoris
1578 1272 1708 1303 feminei
1730 1271 1793 1303 dis-

1065 1329 1087 1344 “
1104 1325 1312 1356 solutissimus
1326 1325 1483 1356 laxitate.’'
1523 1325 1683 1356 Germana
1696 1324 1794 1363 scrip-

1063 1384 1134 1408 tura
1162 1377 1327 1410 Juvenalis
1359 1378 1434 1408 hinc
1458 1377 1637 1416 innotescit,
1669 1381 1724 1407 sat.
1754 1375 1794 1406 vi.

1063 1433 1136 1460 5522.

1124 1507 1183 1537 Ipsa
1193 1505 1348 1531 Medullinae
1362 1504 1475 1534 fluctum
1485 1504 1617 1529 crissantis
1626 1503 1731 1528 adorat.

1062 1577 1227 1609 Nonnulla
1269 1577 1460 1616 exemplaria
1503 1576 1591 1615 dant,
1633 1576 1791 1618 frictum.-

1060 1629 1150 1660 male.
1198 1629 1384 1659 Scholiastes
1398 1628 1442 1659 ita
1464 1628 1618 1670 legendus
1639 1634 1686 1659 est
1699 1633 1793 1669 atque

1060 1679 1297 1711 constituendus
1312 1692 1319 1709 :
1343 1683 1366 1699 “
1383 1681 1522 1711 Aderat:
1547 1680 1567 1710 i.
1583 1691 1608 1710 e.
1629 1681 1722 1711 habet
1736 1689 1791 1720 po-

1062 1736 1083 1751 “
1100 1733 1212 1762 tiorem
1227 1733 1261 1762 in
1278 1732 1430 1763 obscoenis
1444 1732 1590 1763 motibus.
1622 1733 1789 1763 Fluctum:

1061 1787 1083 1802 “
1099 1789 1231 1820 motum,
1259 1783 1321 1814 sive
1336 1783 1471 1814 sinum.”
1515 1783 1557 1813 In
1572 1793 1672 1819 versu,
1696 1793 1791 1823 quem

1060 1837 1159 1866 Faber
1174 1835 1304 1875 protulit
1327 1845 1365 1865 ex
1383 1834 1609 1875 Ithyphallicis,
1625 1839 1656 1865 et
1670 1833 1737 1865 alii:

1152 1918 1277 1943 Crissabit
1290 1918 1339 1943 tibi
1350 1918 1500 1943 fluctuante
1510 1918 1620 1942 lumbo:

1059 1993 1224 2024 Bentleius
1249 1999 1339 2033 putat
1363 1992 1594 2033 reponendum,
1617 1994 1791 2033 Crz'spabit;

1058 2051 1151 2086 atque
1166 2045 1206 2075 ad
1228 2045 1312 2076 locos
1328 2045 1529 2076 Amobianos
1550 2050 1706 2084 provocat,
1733 2054 1789 2074 no-

1059 2097 1105 2127 bis
1125 2098 1177 2127 hic
1203 2097 1321 2133 citam,
1348 2102 1380 2127 et
1394 2096 1433 2128 ad
1448 2097 1492 2127 iii.
1509 2099 1579 2128 721.
1603 2107 1677 2127 cum
1695 2096 1790 2136 Copae

1058 2159 1117 2179 ver.
1135 2152 1162 2179 2.

1117 2233 1231 2265 Crispum
1241 2233 1290 2257 sub
1303 2232 1406 2257 crotalo
1417 2232 1499 2258 docta
1509 2238 1622 2258 movere
1632 2232 1716 2258 latus:

1057 2317 1152 2352 atque
1167 2310 1227 2343 isto
1243 2310 1463 2350 Priapeiorum
1478 2309 1646 2341 versiculo:

1121 2397 1261 2429 Quinctia,
1274 2397 1390 2422 vibratas
1401 2398 1483 2422 docta
1493 2403 1605 2423 movere
1615 2399 1704 2424 nates:

1059 2475 1079 2505 i.
1096 2484 1122 2504 e.
1138 2473 1306 2513 interprete
1321 2474 1386 2504 viro
1401 2483 1530 2514 magno,
1545 2475 1704 2514 crispatus.

1104 2533 1177 2564 Ver.
1195 2536 1287 2565 1265.
1312 2535 1414 2564 Eicic:
1441 2534 1477 2564 P.
1493 2532 1591 2564 Vind.
1608 2533 1648 2563 V.
1674 2532 1723 2563 ed.
1743 2538 1786 2563 Ω.

1061 2586 1181 2626 ijicim
1206 2585 1243 2615 B.
1266 2587 1515 2616 Iena-sulcum.-
1543 2585 1580 2616 P.
1596 2585 1636 2615 V.
1653 2583 1700 2615 ed.
1723 2586 1787 2616 sul-

1059 2643 1123 2668 tum
1131 2653 1142 2673 ‚·
1177 2635 1551 2677 ineptissime—viaque.-
1591 2636 1634 2666 V.
1665 2634 1714 2665 ed.
1744 2640 1785 2666 Π.

1056 2691 1187 2729 alatque.

1104 2749 1186 2780 Ibid.
1213 2750 1300 2780 Ez'cit
1315 2750 1431 2780 sulcum
1450 2747 1533 2780 recca*
1557 2746 1607 2778 vid
1635 2747 1784 2780 Vomeris;

1058 2801 1137 2832 adeo
1152 2805 1188 2831 ut
1203 2800 1257 2831 ille
1273 2811 1390 2839 vomer,
1406 2810 1505 2842 quum
1520 2809 1643 2830 neeesse
1658 2798 1698 2828 sit
1712 2806 1787 2838 ager

1065 2863 1181 2884 curvus
1199 2863 1287 2883 varos
1308 2853 1410 2884 sulcos
1431 2854 1554 2889 habeat,
1581 2850 1669 2881 nullo
1694 2849 1790 2881 modo

1066 2903 1167 2935 valeat
1186 2907 1352 2946 opha-opatu:
1377 2903 1447 2935 Vide
1461 2908 1599 2934 nostram
1623 2901 1696 2933 Silv.
1714 2901 1790 2933 crit‘
