1912 3292
527 257 761 308 LIBER
807 255 1160 306 TERTIUS.

1496 263 1584 308 107

240 392 460 439 Interiisse;
493 397 548 439 et,
570 403 663 444 quae
682 403 794 430 nunc
815 394 889 439 est,
911 402 1022 430 nunc
1043 404 1127 430 esse
1147 395 1338 431 creatam.

296 466 514 513 Praeterea,
538 464 586 513 si,
607 463 695 518 jam
714 461 896 518 perfecto
915 477 1103 518 corpore,
1125 463 1243 504 nobis

123 544 206 580 680
236 538 383 580 Inferri
403 537 521 578 solita
540 546 601 579 est
620 537 746 578 animi
767 537 901 578 vivata
919 545 1113 592 potestas,

237 612 364 662 Tum,
387 626 511 667 quom
532 612 758 668 gignimur,
781 618 823 652 et
841 611 936 652 vitae
956 625 1083 666 quom
1102 610 1228 650 limen
1248 609 1419 659 inimus;

238 686 369 728 Haud
390 687 448 727 ita
466 687 751 737 conveniebat,
772 686 855 727 utei
877 700 972 728 cum
993 699 1182 740 corpore,
1203 693 1245 726 et
1264 683 1348 726 una

96 845 237 874 —vivata
246 856 256 873 .·
284 849 324 873 Π.
340 845 450 873 innata
458 857 468 878 ,·
488 843 543 883 qui
558 842 662 874 facilis
676 853 762 874 error
777 849 824 874 est

95 895 135 925 ob
156 894 333 925 consimiles
355 894 584 925 elementorum
598 894 724 925 ductus:
751 894 823 925 vide

94 946 136 977 sis
150 957 210 978 ver.
227 950 299 978 557.

138 1002 212 1033 Ver.
226 1006 299 1033 681.
322 1013 410 1043 quom
427 1002 602 1032 secundum
617 1001 703 1032 deest
726 1006 763 1033 Δ.
782 1009 823 1032 Π.

94 1054 182 1095 quasi
196 1053 368 1094 legendum
382 1054 511 1084 vellent:

110 1113 198 1143 Tum,
215 1119 299 1143 quom
310 1111 456 1144 gignimur,
473 1116 500 1137 et
511 1111 587 1137 vitai·
596 1111 680 1137 limen
690 1111 799 1136 inimus:

96 1181 167 1212 quae
192 1182 257 1202 non
283 1173 462 1212 spreverim,
493 1183 592 1213 quum
621 1171 763 1202 usitatior
784 1171 824 1201 sit

95 1225 161 1254 haec
190 1225 341 1256 aberratio
374 1225 409 1255 in
441 1225 562 1264 scriptis
594 1224 824 1264 exemplaribus

96 1275 247 1306 Lucretii:
269 1276 340 1307 vide
354 1277 386 1307 ii.
403 1278 653 1307 1062.——Iimen:
672 1276 709 1306 P.
723 1275 822 1305 Ολυ-

96 1339 165 1358 men
172 1342 183 1363 ;
209 1338 304 1368 quam
330 1327 548 1358 confusionem
570 1327 707 1357 vidimus
729 1326 770 1356 ad
792 1326 825 1356 ii.

98 1383 170 1412 959.
191 1380 231 1410 de
252 1380 304 1410 illa
321 1386 438 1418 autem,
463 1386 493 1409 et
515 1379 581 1419 ipsa
603 1379 707 1419 phrasi
731 1381 824 1409 limen

95 1434 178 1470 vace,
201 1432 290 1462 docte
305 1433 512 1463 Burmannus
526 1437 755 1462 commentatus
770 1437 825 1467 est,

96 1483 137 1514 ad
154 1483 284 1514 Anthol.
298 1484 369 1514 Lat.
386 1483 424 1514 iv.
440 1483 523 1524 epig.
542 1487 616 1514 524.
658 1483 747 1513 Hinc
762 1483 824 1513 for-

97 1542 180 1567 tasse
195 1535 305 1566 Cicero
327 1536 360 1566 in
378 1535 512 1572 Arateis,
537 1545 597 1566 ver.
621 1537 693 1566 472.
718 1545 825 1565 emen-

99 1586 166 1618 dari
180 1587 286 1618 debet:

114 1651 188 1675 Dum
199 1652 272 1682 Nepa
284 1654 311 1676 et
321 1650 478 1676 Arcitenens
489 1650 604 1675 invisant
615 1650 705 1675 limina
717 1650 796 1676 coeli:

99 1702 205 1743 vulgo,
227 1705 366 1734 lumina:
390 1714 466 1734 nam
481 1714 539 1733 vox
565 1705 699 1735 invisunt
724 1717 764 1744 ’τῳ
779 1706 827 1734 lu·

100 1757 186 1785 mina
202 1755 308 1785 minus
321 1755 487 1785 commoda
502 1755 600 1785 videri
622 1760 739 1794 potest3
759 1755 830 1786 vide

103 1817 155 1837 me
170 1806 211 1837 ad
233 1808 324 1848 Virg.
348 1807 424 1837 AEn.
446 1808 486 1838 vi.
503 1811 576 1839 829.
600 1807 829 1838 Nec'dissimu-

103 1857 167 1887 lem
191 1863 297 1888 tamen
319 1868 381 1888 ver.
409 1861 480 1889 524.
514 1858 656 1898 ejusdem
682 1859 830 1889 carminis

104 1908 302 1940 ciceroniani
323 1910 459 1950 vulgatae
483 1910 614 1940 dictioni
635 1910 828 1950 adstipulari,

103 1965 135 1990 et
148 1960 334 2001 conjecturae
347 1967 462 1991 nostrae
476 1961 726 2001 probabilitatem
741 1961 828 1991 infir-

103 2020 205 2041 mare:

135 2084 212 2113 Inde,
222 2085 414 2117 Sagittipotens
423 2092 530 2118 superas
542 2093 626 2118 quom
637 2086 724 2111 visere
734 2086 799 2111 luces

133 2124 244 2156 Institit,
254 2125 369 2157 emergit
381 2125 434 2149 Nisi
444 2129 535 2158 caput.

105 2187 159 2218 Ad
172 2198 266 2229 quem
289 2188 406 2227 locum,
431 2195 468 2219 ut
489 2189 522 2219 id
546 2189 644 2220 obiter
669 2199 831 2228 moneam,

105 2238 235 2269 Grotius
249 2240 330 2270 male
344 2251 412 2271 rem
430 2240 665 2271 administravit.
708 2241 832 2271 Eodem

105 2290 200 2320 modo
227 2290 297 2321 libri
322 2293 451 2322 turbant
477 2291 517 2322 ad
545 2292 769 2329 Claudianum,
799 2292 833 2322 in

107 2340 198 2380 prim.
212 2351 297 2372 cons.
317 2342 384 2373 Stil.
399 2343 431 2373 ii.
448 2346 498 2374 65.

392 2415 514 2447 vitaeque
525 2419 552 2441 et
563 2415 626 2441 lucis
636 2416 663 2440 in
673 2416 730 2448 ipso

170 2453 283 2478 nmine.-

106 2517 140 2548 in
162 2527 224 2557 quo
240 2527 329 2547 versu
351 2528 383 2547 se
405 2518 458 2549 dat
479 2518 728 2550 infelicissimum
752 2520 834 2551 Bur-

105 2578 253 2606 mannus,
276 2568 354 2599 dum
369 2569 436 2600 vult
457 2571 571 2608 laudis,
593 2581 650 2610 pro
671 2572 761 2610 lucis,
784 2571 833 2601 in-

106 2619 228 2650 culcare
236 2631 245 2657 ;
269 2620 357 2660 quasi
366 2622 437 2652 vitae
451 2627 479 2652 et
492 2623 570 2653 lucis
579 2623 686 2652 limine
701 2632 766 2652 non
780 2633 835 2662 per

105 2670 303 2711 hendyadem
327 2671 446 2711 optime
467 2672 588 2703 dicatur
602 2683 688 2703 more
703 2673 834 2712 po‘e'tico,

107 2731 162 2761 pro
176 2724 283 2753 limine
298 2725 400 2754 vitalis
415 2725 502 2755 lucis.
547 2724 648 2761 Haud
662 2725 763 2755 multo
778 2725 833 2755 ali-

108 2778 154 2803 ter
169 2773 335 2812 Horatius,
351 2773 400 2805 od.
416 2774 454 2805 iv.
471 2778 499 2805 8.
518 2778 570 2805 14.

200 2848 249 2871 Per
260 2853 322 2878 quae
333 2847 436 2879 spiritus
446 2851 469 2871 e!
481 2847 543 2872 vita
554 2848 623 2873 redit
633 2849 709 2874 bonis

198 2887 259 2911 Post
270 2890 387 2912 mortem
400 2887 521 2912 ducibus.

60 2965 65 2969 ’
109 2953 277 2994 Caeterum,
293 2956 333 2987 V.
349 2956 397 2987 ed.
412 2959 546 2993 stamine,-
571 2968 744 2998 perperam:
769 2958 833 2995 sed,

865 843 891 873 si
906 843 1028 874 codices
1041 841 1075 873 in
1086 844 1194 874 limine
1203 841 1442 879 consensissent,
1459 850 1522 871 non
1539 850 1593 871 au-

866 906 920 926 sus
934 906 1034 926 essem
1048 895 1188 936 rejicere,
1212 905 1312 935 quum
1326 893 1476 933 primores
1490 893 1595 932 po'eta·

866 957 940 977 rum
961 957 1026 977 non
1049 957 1119 977 raro
1144 946 1324 986 compositis
1338 945 1436 975 verbis
1459 943 1596 975 eundem

867 1009 975 1029 casum
1004 998 1142 1028 nominis
1171 998 1339 1037 applicent,
1369 997 1423 1038 qui
1452 995 1597 1026 solitariae

866 1051 1078 1090 praepositioni
1093 1050 1246 1080 convenit.

911 1103 992 1134 Ibid.
1023 1104 1094 1134 vitae
1118 1104 1222 1133 limen.
1260 1100 1385 1131 Marius
1411 1101 1534 1139 Victor,
1563 1100 1596 1135 in

866 1164 937 1195 gen.
952 1154 996 1184 iii.
1011 1157 1084 1184 280.
1099 1153 1139 1183 de
1154 1153 1351 1183 Abrahamo:

1245 1229 1333 1261 primo
1344 1235 1360 1253 a
1371 1227 1457 1252 limine
1467 1228 1537 1253 vite

930 1271 1031 1294 Verum
1042 1273 1136 1295 mente
1147 1270 1236 1294 Deum
1249 1274 1388 1293 venerans.

871 1334 1017 1365 Gemella
1030 1340 1077 1365 est
1092 1334 1256 1368 Homerea
1269 1333 1402 1373 phrasis,
1420 1332 1458 1364 Il.
1470 1340 1515 1364 Ω.
1527 1336 1599 1364 487.

1115 1411 1176 1442 ολοῳ
1187 1417 1223 1434 ert
1236 1408 1377 1433 rHPAoz
1391 1407 1500 1449 ΟΥΔῼ.

871 1468 984 1509 Neque
1008 1468 1136 1507 Statius,
1160 1468 1260 1499 Theb.
1287 1479 1316 1499 v,
1343 1472 1416 1499 260.
1441 1468 1602 1498 accesserit

870 1520 1117 1560 intempestivus,
1159 1521 1344 1551 Gratiarum
1374 1520 1601 1561 Venerumque

869 1571 956 1602 haud
970 1572 1104 1603 alienus:

1004 1640 1138 1672 positique
1147 1644 1257 1672 patrum
1267 1646 1347 1672 super
1357 1647 1405 1665 ora
1415 1643 1587 1673 gementum,

903 1681 1055 1706 Semineces
1065 1681 1152 1713 pueri,
1169 1681 1285 1713 trepidas
1295 1681 1322 1705 in
1333 1680 1419 1706 limz'ne
1429 1680 1508 1710 vitae,

904 1720 1057 1752 singultant
1067 1721 1186 1745 animas:

873 1783 893 1814 i.
909 1794 935 1814 e.
959 1787 982 1802 ‘⁴
999 1784 1188 1824 trepidantes
1203 1784 1244 1814 ad
1257 1785 1362 1823 ipsum
1376 1783 1487 1822 limen,
1502 1783 1603 1824 gradu

875 1837 898 1852 “
913 1834 1058 1865 nondum
1083 1834 1175 1865 firmo
1198 1844 1256 1865 nec
1281 1834 1416 1865 stabilito
1439 1835 1523 1871 satis,
1552 1840 1603 1865 ut·

873 1892 896 1907 “
911 1895 984 1928 pote
1010 1889 1221 1930 ingredientes
1246 1895 1371 1920 tantum
1397 1889 1483 1930 quod
1507 1889 1603 1919 lubri-

873 1944 897 1959 “
912 1951 986 1972 cum
1000 1947 1032 1972 et
1045 1941 1192 1982 ignotum
1207 1941 1344 1972 locum.'’
1390 1941 1441 1972 Ita
1455 1941 1607 1980 capienda

873 1998 920 2023 est
933 1993 1068 2023 auctoris
1082 2004 1184 2032 mens,
1207 1994 1233 2023 si
1249 1993 1324 2023 velis
1345 1993 1516 2034 elegantias
1538 1993 1606 2033 ejus

873 2045 1047 2085 degustare.
1103 2045 1358 2084 Interpretationi
1386 2055 1466 2075 meae
1495 2045 1603 2075 lumen

873 2096 993 2138 injiciet
1004 2095 1169 2138 Virgilius,
1188 2097 1263 2128 AEn.
1283 2108 1312 2127 x.
1330 2101 1400 2129 285.

1130 2171 1202 2196 ultro
1213 2171 1390 2196 obcurramus
1399 2171 1434 2196 ad
1446 2172 1559 2201 undam,

906 2212 978 2235 Dum
987 2210 1089 2242 trepidi,
1100 2211 1263 2243 egressisque
1272 2210 1361 2235 labant
1371 2210 1484 2243 vestigia
1492 2210 1588 2243 primu.

880 2273 985 2305 Adeas
999 2274 1137 2304 eundem
1153 2274 1333 2306 Thebaidos
1347 2280 1508 2305 auctorem
1522 2274 1563 2305 ad
1578 2283 1606 2303 v·

876 2329 949 2358 535.
973 2327 1038 2356 silv.
1060 2326 1092 2356 ii.
1110 2330 1138 2357 1.
1152 2331 1204 2357 58.
1227 2327 1266 2357 iv.
1283 2331 1311 2357 2.
1329 2330 1379 2357 15.
1404 2326 1507 2362 Idem,
1531 2324 1606 2356 ibid.

877 2380 904 2400 v.
920 2373 952 2401 5.
975 2372 1025 2400 72.

1273 2442 1342 2467 mihi
1352 2442 1438 2467 limine
1449 2441 1537 2474 primo

892 2485 1036 2513 Annorum,
1047 2487 1076 2509 et
1086 2484 1175 2514 viridi,
1192 2484 1309 2516 genitor,
1322 2490 1373 2508 ceu
1384 2485 1476 2513 raptus
1487 2482 1519 2506 ab
1533 2487 1606 2510 aevo,

892 2523 1010 2547 Tartara
1021 2523 1089 2548 dura
1098 2523 1178 2548 subis-

880 2594 931 2625 Ita
952 2595 1148 2636 conjeceram
1169 2593 1416 2631 rescribendum,
1438 2603 1495 2633 pro
1509 2594 1606 2624 Fato-

879 2657 962 2676 rum:
979 2656 1081 2686 neque
1095 2646 1185 2676 aliter
1202 2644 1420 2675 Marklandus.
1444 2644 1466 2675 J
1469 2654 1522 2674 am
1533 2653 1609 2673 vero

878 2698 990 2728 vellem
1005 2698 1156 2739 perlegas,
1178 2707 1249 2738 quae
1263 2696 1408 2727 dedimus
1427 2696 1467 2726 ad
1483 2695 1513 2726 ii.
1530 2697 1604 2726 576.

878 2750 1030 2789 superius.

921 2802 996 2831 Ver.
1011 2804 1085 2832 682.
1113 2801 1229 2830 Haud.-
1255 2799 1295 2831 P.
1313 2801 1396 2836 Λαίς
1421 2803 1456 2830 Σ.
1482 2799 1607 2829 Hac.—

877 2857 919 2884 ίια
937 2853 1023 2883 deest
1038 2859 1081 2883 Π.

920 2905 1001 2936 Ibid.
1026 2906 1126 2936 Hand
1140 2905 1349 2935 conveniebat:
1377 2913 1477 2944 quum
1492 2901 1608 2932 seilicet

877 2957 1025 2997 perfecta,
1062 2962 1093 2986 et
1121 2955 1334 2987 maturitatem
1363 2965 1454 2986 suam
1484 2953 1606 2991 adepta,

807 3018 879 3048 HS
