1912 3292
312 219 408 259 284

819 211 879 259 T.
921 209 1299 260 LUCRETII

457 344 568 386 Nam
587 343 690 385 nihil
709 343 858 402 aegrius
878 351 953 394 est,
975 358 1099 400 quam
1119 357 1183 384 res
1203 356 1411 384 secernere
1431 349 1590 396 apertas

344 420 426 460 470
457 418 526 460 Ab
546 418 696 469 dubiis,
718 418 878 460 animus
899 433 998 473 quas
1019 417 1072 458 ab
1093 432 1135 458 se
1154 417 1342 472 protinus
1361 415 1486 457 abdit.

514 492 722 548 Denique,
744 491 846 533 nihil
865 491 957 533 sciri
979 491 1011 532 si
1033 491 1123 546 quis
1141 498 1273 545 putat,
1295 489 1337 530 id
1359 503 1521 544 quoque
1541 488 1684 538 nescit,

457 568 531 609 An·
547 567 639 609 sciri
660 567 808 622 possit;
839 566 1033 622 quoniam
1055 564 1156 605 nihil
1176 565 1279 606 scire
1297 563 1458 605 fatetur.

459 641 589 683 Hunc
611 641 735 697 igitur
760 647 906 680 eontra
924 639 1085 678 mittam
1106 637 1354 678 contendere
1373 651 1571 686 caussam,

458 715 544 764 Qui
565 714 697 768 capite
717 713 804 766 ipse
822 726 896 752 suo
916 711 960 751 in
981 710 1121 751 statuit
1141 711 1308 766 vestigia
1327 726 1422 751 sese.

342 791 422 829 475
456 788 515 829 Et
531 795 670 828 tamen
690 784 770 825 hoc
790 799 953 840 quoque
972 784 1055 824 utei
1076 783 1299 824 concedam
1321 785 1438 834 scire,
1460 792 1502 825 at
1520 784 1564 825 id
1583 785 1717 840 ipsum

455 861 671 910 Quaeram,
693 872 818 914 quom
838 856 1023 898 in·rebus
1042 857 1125 897 veri
1146 856 1249 896 nihil
1268 857 1416 900 viderit
1434 866 1545 908 ante,

455 933 583 977 Unde
604 934 719 983 sciat,
741 931 841 989 quid
861 931 911 972 sit
935 931 1052 980 scire,
1073 938 1114 971 et
1133 931 1288 971 nescire
1307 931 1497 972 vicissim:

457 1008 660 1050 Notitiam
679 1006 767 1047 veri.
785 1020 878 1061 quae
898 1019 978 1055 res,
998 1003 1181 1059 falsique,
1204 1004 1368 1053 crearit3

313 1174 385 1201 t'unt
399 1175 458 1201 est:
483 1180 553 1211 quae
575 1174 680 1200 tamen
703 1167 813 1199 vocula
839 1167 925 1205 facit,
953 1170 988 1197 ut
1005 1179 1037 1197 ‘ro

309 1224 448 1262 egregius
470 1223 659 1252 subaeratum
686 1227 792 1257 sonet;
813 1218 952 1259 alioquin
974 1218 1036 1249 ele-

310 1283 388 1313 gans
411 1281 442 1302 et
467 1272 657 1313 exquisitum
682 1271 820 1311 profecto
850 1270 1035 1301 vocabulum

306 1323 441 1364 judicari
457 1324 559 1354 debet:
586 1323 652 1361 sed,
668 1323 758 1353 nobis
772 1334 871 1364 quum
887 1323 926 1352 sit
942 1322 1033 1352 meri-

310 1381 343 1406 to
359 1375 538 1416 rejiculum,
566 1386 629 1405 non
647 1375 852 1405 illustrabitur
873 1375 933 1405 hoc
955 1381 1033 1405 tem-

309 1437 390 1466 pore.
416 1427 552 1465 Plinius,
562 1434 624 1457 nat.
636 1427 704 1457 hist.
718 1427 797 1457 xxvi.
814 1430 929 1459 19.-“
941 1427 1032 1467 quip-

310 1483 332 1497 “
348 1490 387 1518 pe
415 1485 606 1519 respuuntur
635 1479 798 1520 (secures),
828 1484 860 1509 et
883 1479 1036 1520 fragosius

310 1535 332 1549 “
349 1531 464 1568 sidunt,
495 1537 526 1562 et
554 1534 668 1571 oegrius
697 1531 920 1561 revelluntur.”
967 1531 1035 1561 Nec

307 1583 442 1613 Plautus
457 1593 520 1613 non
536 1583 680 1613 adveniet
691 1592 814 1614 summe
822 1582 1031 1622 tempestivus,

309 1633 397 1664 Asin.
413 1633 433 1664 i.
453 1637 478 1664 l.
493 1638 562 1665 106.

338 1725 397 1748 Non
409 1730 463 1748 esse
474 1730 564 1748 servus
574 1724 647 1755 pejor
656 1724 707 1748 hoc
719 1724 859 1755 quisquam
871 1726 971 1755 potest,

338 1764 394 1788 Nec
408 1763 493 1795 magis
501 1766 633 1793 versutus,
644 1770 693 1788 nec
705 1769 758 1794 quo
771 1764 804 1787 ab
814 1769 909 1788 caveas
919 1762 1021 1794 aegrius.

304 1844 350 1874 Et
371 1844 406 1874 in
435 1854 528 1875 sensu
550 1843 734 1884 vulgariore,
766 1844 910 1883 Amphit.
934 1843 979 1874 iii.
1003 1847 1031 1874 52.

305 1899 355 1927 ‘29-

335 1984 403 2010 Nam
426 1992 576 2017 numquam
598 1986 747 2017 quidquam
775 1993 837 2011 meo
862 1986 955 2011 animo
980 1985 1032 2010 snit

428 2031 562 2056 aegmu—.

305 2099 373 2130 Nec
389 2099 436 2130 M.
453 2100 587 2136 Tullius,
604 2101 698 2132 Tusc.
715 2102 812 2142 dispp.
830 2103 866 2134 iv.
881 2108 932 2135 37.
957 2104 1028 2134 nul-

302 2150 367 2181 lam
389 2161 516 2191 operam
538 2154 747 2184 navabit:—“
766 2155 946 2186 inveteratio
971 2167 1027 2186 au-

304 2206 326 2221 “
342 2209 418 2242 tem,
431 2210 467 2234 ut
480 2204 514 2234 in
527 2205 718 2244 corporibus,
727 2209 842 2246 <egrius
851 2207 1028 2247 depellitur,

304 2257 325 2271 “
342 2264 438 2295 quam
453 2256 722 2294 perturbatio—.’'
766 2258 875 2296 Porro,
899 2259 964 2289 vice
983 2271 1029 2290 se-

302 2315 432 2341 cernere,
457 2306 494 2337 P.
524 2314 566 2338 est
590 2319 727 2345 cernere;
751 2309 845 2339 etiam
867 2311 960 2340 bene:
989 2310 1028 2340 V.

301 2355 348 2386 ed.
364 2368 486 2389 cernere
501 2359 730 2396 tantummodo,
756 2360 880 2391 defectu
896 2360 1029 2401 syllabae.

346 2408 420 2440 Ver.
435 2413 508 2441 470.
532 2412 582 2442 Ab
601 2413 720 2443 dubiis:
747 2412 832 2448 editi,
856 2415 888 2444 A
909 2415 1026 2449 ‹lubiis;

299 2465 411 2490 contra
418 2460 706 2494 libros—animus:
731 2464 772 2494 V.
788 2464 835 2494 cd.
853 2465 889 2495 B.
905 2467 1027 2495 animis.

300 2513 441 2544 -abdit.·
465 2513 486 2543 i.
501 2523 528 2545 c.
553 2517 574 2532 “
590 2515 721 2554 repellit,
737 2516 846 2557 rejicit,
861 2518 900 2547 ab
915 2527 947 2547 se
968 2516 1027 2547 du-

300 2565 322 2580 “
339 2563 400 2601 bia,
417 2569 452 2594 ut
468 2571 550 2595 certa
560 2571 680 2597 teneat:
706 2566 790 2607 quod
804 2567 1027 2598 difficillimum

301 2617 322 2632 “
339 2621 385 2644 est
405 2615 559 2647 scilicet:”
582 2618 743 2657 aptissimo
771 2630 864 2650 sensu
886 2626 917 2651 et
937 2630 1026 2660 aper-

299 2665 436 2704 tissimo;
459 2668 557 2699 vind.
573 2675 679 2700 tamen
695 2671 736 2701 V.
752 2671 800 2702 ed.
818 2672 855 2702 L.
873 2679 914 2703 Π.
929 2678 962 2704 Σ.
977 2679 1023 2703 Ω.

298 2717 403 2746 addit:
423 2719 528 2750 minus
536 2721 624 2758 bene,
637 2727 668 2752 et
682 2728 791 2753 contra
801 2729 893 2754 castae
902 2724 1024 2756 Latini-

298 2766 370 2796 tatis
392 2777 497 2806 usum,
529 2771 589 2801 nisi
619 2773 724 2811 fallor3
747 2774 889 2814 pluribus
917 2782 1023 2807 tamen

298 2817 470 2850 editoribus
482 2822 585 2853 arrisit
600 2825 665 2855 haec
681 2825 781 2857 lectio.

333 2879 406 2911 Ver.
422 2885 495 2914 471.
517 2886 608 2916 sciri:
634 2886 674 2917 V.
702 2888 750 2919 ed.
774 2889 813 2920 B.
845 2890 1022 2922 scira—Et

1081 1173 1180 1199 voces,
1204 1166 1226 1182 ‘⁴
1243 1163 1267 1193 si
1283 1163 1353 1204 quis
1367 1168 1466 1202 putat,
1492 1161 1525 1193 id
1547 1171 1672 1203 quoque
1693 1161 1803 1200 nescit,

1081 1218 1104 1233 ‘⁵
1121 1215 1176 1245 An
1191 1214 1295 1252 sciri,”
1319 1214 1432 1244 desunt
1449 1220 1488 1244 Π.
1504 1213 1612 1244 codici.

1124 1266 1204 1297 Ibid.
1229 1266 1331 1297 Simili
1354 1266 1419 1296 fere
1441 1265 1536 1296 modo
1559 1264 1730 1301 Arnobius‚
1752 1263 1806 1295 lib.

1078 1317 1111 1347 ii.
1127 1327 1157 1356 p.
1173 1320 1292 1347 48.—“
1307 1324 1362 1348 aut
1376 1317 1433 1355 illi,
1457 1317 1509 1357 qui
1525 1322 1702 1352 autumant,
1724 1314 1806 1346 nihil

1079 1372 1102 1387 “
1117 1379 1206 1408 posse
1220 1370 1351 1400 omnino
1369 1369 1603 1408 comprehendi,
1626 1379 1667 1399 an
1688 1367 1730 1398 sit
1750 1377 1804 1398 ve-

1078 1422 1100 1437 “
1116 1429 1196 1454 rum,
1219 1420 1304 1460 quod
1325 1420 1445 1457 dicunt,
1467 1418 1610 1450 sciunt?''
1634 1418 1688 1450 Ad
1707 1428 1803 1458 quem

1077 1470 1184 1500 locum
1213 1470 1318 1501 videas
1354 1470 1579 1501 Elmenhorstii
1608 1475 1640 1500 et
1668 1469 1805 1500 Hei-aldi

1077 1522 1330 1560 commentarios,
1346 1523 1452 1553 omnia
1464 1524 1526 1552 huc
1534 1521 1704 1562 spectantia
1714 1531 1801 1552 com-

1079 1572 1252 1611 plectentes,
1277 1583 1334 1603 nec
1356 1574 1556 1604 immemores
1574 1573 1724 1610 Lucretii,
1747 1578 1804 1603 aut

1079 1624 1247 1660 Ciceronis,
1259 1625 1292 1654 in
1305 1625 1403 1656 Acad.
1415 1625 1446 1656 ii.
1460 1629 1510 1656 525.
1525 1635 1619 1666 quem
1629 1624 1804 1656 Lambinus

1078 1674 1279 1714 adscripserat
1293 1676 1367 1706 huic
1389 1676 1502 1713 versui,
1530 1677 1618 1715 plura
1640 1685 1731 1715 super
1753 1675 1804 1705 his

1077 1727 1209 1767 argutiis
1224 1727 1340 1758 volenti
1356 1728 1597 1767 consulendum,
1612 1738 1686 1760 cum
1702 1727 1799 1759 Davi-

1078 1778 1123 1808 sio
1139 1779 1265 1810 ibidem.

1119 1831 1192 1861 Ver.
1207 1835 1278 1862 472.
1294 1834 1438 1873 quoniam
1452 1835 1543 1864 nihil:
1562 1833 1606 1864 sic
1618 1833 1665 1864 M.
1678 1832 1802 1870 diserte;

1075 1888 1105 1912 et
1122 1883 1266 1913 Bentleio
1281 1884 1411 1923 placuit:
1440 1885 1476 1915 P.
1490 1897 1548 1926 quo
1570 1897 1600 1916 se
1614 1887 1678 1922 ml,-
1696 1885 1736 1915 V.
1751 1883 1800 1915 ed.

1076 1946 1134 1973 quo
1148 1946 1178 1965 se
1193 1938 1288 1972 m'lzil,·
1314 1937 1351 1966 L.
1369 1943 1410 1967 Π.
1428 1943 1471 1968 Ω.
1494 1949 1552 1977 quo
1570 1939 1666 1973 nilzil,·
1684 1937 1724 1968 Ο.
1739 1947 1797 1976 quo

1075 1988 1122 2016 nil
1140 1998 1184 2022 ω’,-
1212 1993 1246 2017 A.
1279 1993 1312 2018 Σ.
1342 1999 1399 2028 quo
1424 1991 1503 2019 m'lzil
1523 2000 1562 2020 se.
1606 1989 1656 2019 Ex
1685 1987 1802 2028 quibus

1075 2037 1271 2066 varietatibus
1293 2037 1325 2066 in
1348 2045 1495 2077 promptu
1525 2045 1572 2069 est
1592 2039 1708 2080 legere,
1737 2039 1797 2076 vel,

1074 2091 1097 2105 ‘⁶
1112 2091 1186 2127 quia
1208 2088 1286 2118 nihil
1309 2089 1376 2125 se;¹'
1399 2089 1458 2126 vel,
1482 2093 1505 2108 “
1519 2101 1608 2131 quom
1631 2089 1710 2120 nihil
1732 2092 1804 2127 ses·

1072 2141 1125 2172 sed
1136 2142 1204 2182 jam
1220 2143 1327 2181 positis
1343 2144 1525 2184 neutiquam
1540 2144 1731 2185 praeferenda
1745 2144 1799 2175 illa

1072 2193 1214 2225 dixerim.

1115 2246 1193 2276 Ver.
1221 2251 1293 2278 475.
1331 2250 1440 2279 Hunc:
1468 2249 1504 2280 P.
1537 2249 1575 2279 V.
1606 2249 1656 2280 ed.
1688 2249 1726 2280 B.
1757 2254 1797 2279 Π.

1075 2299 1187 2335 λἀηιη
1212 2301 1251 2329 ob
1271 2300 1511 2331 similitudmem
1526 2301 1682 2342 majorum
1695 2301 1800 2331 litera-

1072 2360 1143 2380 rum
1161 2353 1202 2381 N
1211 2358 1242 2381 et
1258 2353 1312 2382 H:
1339 2352 1436 2383 vind.
1449 2355 1548 2385 Hinc:
1566 2353 1637 2384 vide
1652 2353 1799 2384 Draken-

1072 2402 1246 2438 borcliium,
1268 2403 1308 2433 ad
1330 2403 1398 2434 Liv.
1415 2404 1508 2435 xxxii.
1525 2409 1576 2436 20.
1592 2407 1797 2436 7.—mi!tam.·

1072 2454 1112 2484 V.
1128 2454 1178 2484 ed.
1196 2454 1235 2485 O.
1260 2462 1301 2486 Π.
1318 2461 1352 2487 Σ.
1371 2463 1415 2487 Ω.
1439 2464 1594 2494 mutuam‚·
1620 2458 1657 2488 Β.
1683 2457 1721 2488 L.
1746 2458 1797 2488 Μ.

1072 2506 1310 2542 mimam—Et,
1333 2508 1373 2537 ob
1388 2517 1478 2538 voces
1491 2511 1669 2540 contendere
1691 2514 1723 2539 et
1736 2519 1799 2540 ves·

1068 2558 1158 2595 ligia,
1183 2557 1280 2588 miror
1294 2558 1477 2590 Lucretium
1493 2571 1559 2592 non
1574 2560 1736 2601 scripsisse,
1758 2564 1794 2590 ut

1069 2613 1246 2638 constarent
1261 2609 1369 2650 figurae
1383 2610 1456 2649 loci,
1472 2611 1512 2642 ad
1526 2612 1612 2642 hunc
1625 2610 1769 2642 modum:

1084 2674 1161 2698 Hunc
1171 2674 1254 2706 igitur
1265 2680 1360 2701 contra
1371 2676 1481 2702 mittam
1492 2677 1656 2703 contendere
1664 2683 1783 2702 curtum:

1067 2739 1148 2768 hunc
1164 2749 1286 2769 cursum
1303 2739 1429 2776 scilicet,
1446 2751 1502 2779 pro
1514 2741 1618 2779 ipsum
1630 2739 1791 2770 hominem

1067 2795 1252 2819 currentem.
1298 2790 1360 2820 Sed
1381 2791 1495 2820 frustra
1515 2797 1639 2830 tempus
1654 2792 1792 2821 terimus.

1068 2840 1151 2870 Cum
1167 2848 1271 2871 nostro
1288 2841 1399 2872 Cicero
1414 2841 1536 2872 locutus
1559 2849 1614 2878 est,
1639 2843 1673 2873 in
1703 2842 1796 2874 Catil.

1065 2890 1095 2921 ii.
1113 2895 1162 2923 11.
1187 2896 1208 2912 “
1226 2893 1271 2931 Si,
1287 2892 1336 2923 his
1349 2895 1441 2925 rebus
1455 2895 1586 2934 omissis,
1603 2894 1685 2935 ipsas
1705 2905 1794 2926 caus-
