1912 3292
493 261 724 311 LIBER
777 257 1129 306 TERTIUS.

1460 267 1550 309 143

209 399 297 440 Aut
314 399 356 439 in
375 394 492 436 melle
511 393 633 434 situm
654 390 871 440 subfocari,
892 396 1014 444 atque
1033 389 1166 445 rigere

95 477 177 514 905
210 473 394 528 Frigore,
415 482 541 524 quom
561 480 722 508 summo
741 464 864 521 gelidi
890 463 1014 505 cubat
1033 477 1199 519 aequore
1219 463 1325 511 saxi;

210 543 454 601 Urguerive,
476 554 650 595 superne
670 538 883 588 obtritum,
904 536 1088 592 pondere
1107 544 1240 577 terrae.

64 722 111 747 tra
135 715 230 746 libros
253 715 424 745 universos:
462 713 545 754 quod
574 713 632 744 sibi
657 711 785 743 tandem

63 770 204 799 habeant.

105 819 187 850 Ibid.
212 829 326 850 summo
349 829 477 858 [equore.
522 817 627 855 Maro,
653 816 730 846 AEu.
757 825 784 846 v.

63 873 135 902 819.

91 944 215 970 caeruleo
225 952 273 977 per
282 951 381 969 namma
392 944 456 969 levis
466 943 539 968 volat
550 951 651 980 aequqra
664 949 758 968 curru:

63 1008 83 1039 i.
98 1019 124 1039 e.
139 1008 235 1039 maris
249 1008 451 1048 superficiem.

105 1068 187 1099 Ibid.
217 1070 315 1100 cubat.
363 1068 414 1099 Sic
442 1068 480 1098 de
511 1070 622 1099 mortui
650 1067 786 1108 reliquiis

63 1121 207 1159 Ovidius,
223 1121 309 1161 epist.
325 1121 375 1152 vii.
392 1125 462 1156 169..

126 1205 159 1228 Et
169 1204 251 1236 patris
261 1204 387 1229 Anchisa:
398 1203 517 1228 molliter
527 1210 583 1228 ossa
594 1202 691 1227 cubent.

63 1275 163 1313 Hinc,
187 1276 327 1316 quamvis
348 1275 597 1316 ingeniosissima
618 1275 658 1305 sit
679 1285 785 1305 emen-

64 1327 149 1357 datio
164 1327 360 1365 Bentleiana‚
377 1334 407 1357 et
422 1328 500 1357 tanti
516 1327 654 1357 nominis
667 1327 785 1366 sagaci-

62 1384 125 1409 tate
140 1378 244 1419 digna,
259 1379 382 1409 medela
397 1379 528 1409 minoris
543 1378 696 1408 xiolentiae
712 1379 786 1408 Ma-

62 1431 132 1460 roni
156 1436 259 1469 potest
283 1430 438 1467 adhibe1i3
463 1440 559 1470 quam
583 1436 787 1460 venustorum

63 1481 229 1511 hominum
249 1480 371 1521 judicio
393 1481 574 1511 submittere
600 1491 665 1511 non
687 1481 785 1511 refor-

62 1531 263 1563 midabimus.
307 1532 411 1563 Locus
427 1532 642 1563 vexatissimus
656 1543 729 1563 vero
744 1532 788 1563 le-

64 1583 148 1625 gitur
162 1583 202 1614 ad
217 1585 291 1615 AEn.
307 1594 336 1615 x.
354 1587 424 1616 706.

65 1672 342 1681 ——
351 1660 404 1685 una
416 1668 498 1692 quern
510 1665 592 1686 nocte
601 1661 717 1687 Theano

62 1699 94 1723 ln
111 1699 199 1724 lucem
216 1700 332 1732 genitori
341 1703 447 1732 Amyco
463 1701 548 1732 dedit,
565 1709 605 1732 ac,
622 1701 684 1727 face
701 1707 790 1733 praeg-

250 1746 327 1770 nans,

64 1778 159 1803 Cisseis
169 1779 260 1810 regina
270 1779 345 1803 Parin
355 1783 428 1804 creat
439 1787 446 1804 :
463 1780 529 1805 urbe
538 1779 650 1812 patema

65 1817 112 1841 Hic
122 1817 210 1846 cuba!;
228 1818 352 1849 ignarum
364 1820 481 1844 Laurens
492 1819 574 1844 habet
590 1826 637 1844 ora
646 1820 788 1844 Mimanta.

110 1889 193 1920 Ibid.
215 1900 335 1930 aequore
349 1894 417 1921 sari
427 1902 436 1918 .·
459 1891 479 1922 i.
496 1902 522 1922 e.
545 1892 613 1922 laevi
629 1892 791 1931 superficie

66 1942 240 1977 marmoris,
264 1942 298 1971 in
313 1953 374 1982 quo
393 1943 477 1982 jacet
491 1944 653 1974 conditum
669 1951 791 1984 μεμελι-

67 2005 188 2033 τωμενον
203 1994 340 2025 cadaver.
380 1998 502 2035 ..Equor
517 2003 623 2025 autem
638 1996 791 2036 generali-

66 2049 115 2074 ter
142 2045 295 2085 significat
317 2047 489 2087 quamlibet
516 2059 635 2088 ‘equam
661 2050 791 2090 superfi-

62 2097 147 2127 ciem.
193 2096 341 2134 Isidorus,
363 2099 460 2139 origg.
476 2099 496 2128 i.
511 2103 562 2130 26.
587 2103 608 2117 “
625 2101 794 2140 AEquor—

63 2149 88 2165 ‘⁶
102 2148 141 2178 ab
154 2150 330 2188 aequalt'tute
345 2160 460 2180 nomen
476 2157 521 2180 est
536 2150 685 2182 factum.’'
730 2151 794 2181 His

63 2199 218 2229 consentit
235 2199 369 2239 Nonius,
392 2201 414 2231 i.
432 2205 505 2231 552.
520 2201 558 2231 iv.
574 2205 625 2232 58.
649 2201 703 2242 qui
718 2212 792 2232 cum

62 2249 169 2280 fluctu
180 2251 368 2283 consuletur.
393 2253 557 2290 Nostrum,
573 2253 614 2283 ad
623 2264 684 2284 ver.
701 2257 791 2286 1015.

64 2309 98 2334 et
111 2303 296 2344 Virgilium,
319 2316 387 2346 geo.
402 2307 422 2337 i.
439 2311 491 2338 50.
515 2308 536 2339 J
540 2318 678 2338 uvencus
691 2308 790 2338 felici-

66 2360 114 2385 ter
127 2361 252 2387 secutus
265 2364 322 2396 est,
344 2358 388 2388 ita
402 2360 496 2398 probe
510 2360 790 2400 interpungenduS,

65 2406 136 2436 hist.
152 2417 260 2448 evang.
275 2408 318 2439 iii.
337 2413 405 2441 155.

82 2483 131 2508 Ille
141 2483 254 2509 dehinc:
273 2485 388 2510 Genitor
397 2487 549 2518 plantarum
559 2487 662 2513 semina
671 2491 771 2517 noster,

82 2524 153 2554 Quae
165 2530 220 2549 non
230 2524 285 2556 ipse
295 2525 336 2550 sui
345 2527 465 2551 consevit
475 2527 503 2551 in
514 2534 612 2559 aequore
621 2528 699 2559 ruris,

45 2569 49 2572 ·
80 2563 207 2595 abjiciet,
218 2565 325 2595 penitus
334 2566 465 2591 radicibus
475 2571 560 2598 eruta,
572 2567 661 2600 longe.

65 2635 109 2668 A.
128 2636 262 2676 Gellius,
278 2638 330 2669 xii.
344 2642 440 2670 l.—“
454 2650 495 2670 ne
508 2652 612 2681 oequor
625 2641 704 2672 illud
718 2652 792 2672 ven-

64 2689 90 2706 “
103 2688 159 2718 tris
171 2688 367 2730 irrugetur:”
389 2691 473 2732 quod
487 2692 521 2722 iu
536 2693 693 2723 amatoriis
707 2693 794 2724 Naso

63 2739 192 2778 planum
222 2747 355 2772 ventrem
389 2743 540 2775 nominat.
600 2744 725 2782 Accius
757 2754 790 2775 a-

68 2790 133 2829 pud
148 2791 302 2832 Nonium,
317 2803 346 2825 x.
363 2798 392 2825 4.

162 2867 212 2892 sed
221 2869 296 2900 quid,
306 2870 410 2896 tonitru
420 2873 527 2898 turbida
537 2876 628 2904 torvo,

161 2907 294 2934 concussa
303 2915 417 2943 repente
427 2919 530 2945 equora
540 2912 595 2938 coeli

162 2947 292 2975 sensimus
300 2956 394 2977 sonere
401 2953 410 2977 ἓ

830 710 894 742 Ubi
910 709 1125 750 reponendum
1141 708 1282 740 fortasse:

1054 789 1157 813 tonitru
1168 788 1275 813 turbida
1284 790 1394 813 torm—.-

829 852 935 883 confer
950 852 1040 893 Virg.
1057 853 1133 882 AEn.
1148 852 1187 882 iv.
1205 856 1276 883 208.
1301 851 1392 882 ovid.
1408 853 1495 892 epist.
1516 855 1554 885 iv.

830 907 843 934 1
851 907 901 935 58.
924 904 977 934 De
991 905 1104 934 harum
1116 903 1290 934 dictionum
1302 905 1556 941 commutatione,

830 955 935 985 redeas
950 955 1034 985 dicta
1048 954 1088 985 ad
1103 955 1124 984 i.
1139 958 1211 986 294.
1235 954 1324 984 Hinc
1339 961 1445 985 autem
1462 968 1556 991 mare.

831 1006 915 1046 quod
929 1007 969 1036 ob
984 1005 1148 1036 laevitatem
1163 1005 1336 1044 superficiei
1351 1007 1465 1045 passim
1480 1009 1554 1046 po'e-

829 1058 870 1088 tis
883 1069 987 1098 aequor
1003 1058 1171 1088 vocitatum
1195 1064 1251 1095 est,
1275 1068 1339 1088 non
1363 1058 1425 1088 alifi
1449 1059 1556 1089 caussa

830 1122 964 1141 marmor
978 1110 1080 1140 audit:
1107 1110 1159 1140 adi
1169 1109 1259 1149 Virg.
1275 1120 1342 1150 geo.
1359 1110 1379 1140 i.
1391 1114 1463 1140 ⁶254.
1481 1112 1555 1141 AEn.

829 1162 881 1192 vii.
897 1165 945 1192 28.
965 1162 1132 1197 Caeterum,
1149 1171 1270 1200 <equora
1282 1163 1373 1200 ponti
1387 1161 1471 1200 apud
1483 1173 1554 1192 nos-

830 1219 926 1251 trum,
951 1213 970 1243 i.
991 1217 1020 1242 8.
1044 1219 1080 1242 ut
1105 1223 1227 1251 (equora
1255 1214 1368 1251 campi,
1396 1213 1440 1242 iii.
1465 1217 1555 1244 1015.

829 1266 955 1304 phrases
969 1270 1042 1293 sunt
1057 1263 1141 1293 facili
1162 1262 1321 1293 intellectu
1337 1274 1392 1302 pro
1412 1267 1559 1304 aequabili

829 1315 925 1345 maris
936 1320 966 1344 et
981 1320 1069 1343 terrae
1083 1315 1259 1356 superficie:
1285 1313 1368 1353 quod
1380 1324 1417 1343 eo
1427 1325 1555 1354 promp-

829 1366 890 1396 tior
919 1365 1147 1402 animadverto‚
1181 1375 1282 1404 quum
1312 1364 1557 1404 Valckenakssrus,

829 1416 1020 1447 locutionem
1049 1426 1161 1455 parum
1195 1422 1315 1452 leuem,
1355 1428 1445 1446 §rou-78
1475 1416 1559 1447 πεδια

829 1478 884 1508 per
898 1479 1018 1508 aequora
1030 1469 1122 1507 ponti
1136 1467 1265 1496 confuse
1277 1466 1315 1496 sit
1330 1466 1558 1506 interpretatus,

831 1523 872 1554 ad
887 1523 996 1561 Eurip.
1009 1522 1120 1552 Phoen.
1132 1524 1203 1552 216.
1227 1521 1386 1561 Denique,
1402 1531 1491 1550 suam
1507 1532 1558 1552 ve-

832 1580 990 1605 nustatem
1012 1573 1051 1604 de
1073 1572 1211 1603 Lucretii
1235 1571 1392 1602 locutione
1408 1571 1560 1612 Virgilius

833 1626 1030 1656 callidissime
1045 1624 1216 1655 suffuratus
1231 1629 1288 1661 est,
1311 1628 1343 1652 et
1358 1629 1480 1652 tantum
1497 1634 1561 1653 non.

832 1678 975 1715 latenter,
991 1676 1031 1707 ad
1047 1677 1121 1707 AEn.
1138 1686 1164 1706 V.
1177 1679 1247 1705 128.
1269 1674 1308 1705 de
1323 1674 1391 1704 laevi
1408 1686 1477 1705 sam
1494 1686 1560 1705 ver-

833 1732 872 1761 ba
885 1730 1015 1761 faciens:

863 1805 1023 1837 Tranquillo
1034 1805 1103 1834 silet,
1114 1803 1273 1834 inmotaque
1283 1803 1424 1828 adtollitur
1435 1805 1506 1829 unda

863 1848 982 1878 Campus,
994 1849 1022 1869 et
1034 1843 1128 1876 apricis
1137 1843 1217 1868 statio
1231 1842 1380 1875 gratissima
1392 1844 1498 1875 mergis.

836 1923 857 1937 “
875 1920 1017 1957 Campus,
1033 1917 1101 1946 saxi
1116 1915 1279 1946 latitudo.’'
1299 1915 1430 1946 Servius.
1454 1916 1566 1952 Quum.

836 1980 909 2000 vero
923 1969 1003 1999 illud
1017 1975 1045 1999 et
1071 1969 1287 2007 importunum
1314 1967 1388 1997 satis
1410 1967 1566 2007 videatur,

835 2021 978 2052 dubitare
1002 2020 1086 2050 soleo
1112 2029 1153 2050 an
1179 2028 1243 2049 non
1265 2017 1386 2048 dederit
1408 2018 1565 2059 Virgilius

835 2074 894 2103 hoc
909 2071 1016 2102 modo:

867 2154 985 2185 Campus
996 2156 1035 2182 ut,
1045 2151 1140 2184 apricis
1150 2151 1230 2176 statio
1241 2150 1389 2183 gratissima
1399 2151 1506 2182 mergis.

836 2218 1009 2249 Adtollitur
1035 2222 1153 2254 autem,
1181 2226 1211 2246 se
1235 2216 1355 2245 adtollit
1361 2230 1371 2251 ‚·
1400 2213 1569 2255 elegantis-

836 2269 923 2300 sime.

876 2321 953 2352 Ver.
970 2324 1042 2352 906.
1065 2321 1225 2350 obtritum:
1253 2318 1298 2348 sic
1320 2318 1479 2348 edendum
1501 2328 1567 2347 esse

835 2373 953 2413 putavi,
970 2383 1007 2402 ex
1023 2372 1206 2403 auctoritate
1221 2371 1317 2401 solius
1333 2371 1370 2401 P.
1385 2380 1484 2410 quum
1500 2371 1567 2399 haec

835 2425 930 2455 dictio
956 2435 1030 2454 cum
1056 2425 1207 2461 obrutum,
1231 2433 1327 2463 quam
1351 2421 1436 2462 leges
1461 2421 1566 2451 versus

836 2482 999 2515 respuunt,
1021 2476 1094 2506 licet
1113 2475 1146 2505 in
1163 2475 1232 2505 aliis
1246 2473 1392 2504 omnibus
1407 2471 1567 2510 exempla-

835 2527 921 2557 ribus
937 2529 1063 2569 (praeter
1074 2527 1112 2558 B.
1127 2526 1183 2557 ubi
1197 2525 1313 2565 legitur
1323 2522 1498 2562 ohrupcum)
1515 2523 1566 2553 in-

836 2578 986 2614 veniatur,
1010 2588 1075 2608 non
1091 2587 1162 2607 raro
1176 2575 1329 2607 confundi
1353 2574 1457 2604 soleat.
1486 2574 1564 2604 Per-

837 2629 1007 2660 miscentur
1021 2629 1131 2670 utique
1152 2627 1192 2657 ad
1207 2626 1313 2657 Valer.
1330 2626 1418 2656 Max.
1433 2625 1453 2654 i.
1468 2629 1498 2655 6.
1518 2628 1565 2655 11.

836 2681 905 2712 Liv.
920 2679 940 2710 i.
958 2683 1006 2710 11.
1022 2683 1051 2710 ’7.
1073 2680 1117 2709 iii.
1139 2682 1190 2710 56.
1216 2682 1244 2709 8.
1271 2677 1373 2707 xxxiv.
1397 2679 1426 2707 5.
1443 2681 1472 2708 9.
1497 2676 1566 2706 Nec

836 2739 942 2764 tamen
964 2741 1024 2761 vox
1049 2732 1203 2766 obtritum,
1228 2734 1336 2769 utpote
1361 2727 1512 2768 signatius
1536 2733 1569 2757 et

834 2786 958 2822 fortius,
971 2795 1067 2825 quam
1082 2793 1139 2823 pro
1153 2783 1252 2823 po'e'tae
1267 2792 1372 2822 scopo,
1393 2782 1428 2811 in
1443 2781 1503 2812 hoc
1518 2780 1565 2810 lo-

835 2848 872 2869 co
887 2837 972 2874 satis,
995 2846 1068 2866 meo
1081 2835 1192 2866 saltem
1212 2835 1329 2873 sensui,
1353 2834 1454 2864 facere
1479 2832 1565 2862 vide-

835 2896 896 2920 tur.
930 2887 1018 2918 Illud
1033 2889 1191 2928 abruptum
1207 2887 1462 2917 membranarum
1478 2882 1564 2914 Bod-

836 2941 1023 2979 leianarum,
1039 2940 1072 2970 in
1087 2939 1172 2981 quod
1186 2939 1252 2980 ipse
1267 2950 1305 2971 ex
1320 2935 1497 2979 conjectura
1514 2935 1564 2967 in-
