1912 3292
321 221 409 263 192

840 212 900 260 T.
948 210 1325 260 LUCRETII

464 344 603 387 Tanta
619 344 713 386 mali
734 350 944 400 tamquam
962 343 1089 385 moles
1109 343 1152 383 in
1167 351 1334 398 pectore
1353 349 1527 391 constet;

326 420 433 461 1070
466 419 598 460 Haud
617 419 675 460 ita
693 418 821 460 vitam
840 426 1024 476 agerent,
1046 426 1092 459 ut
1111 431 1222 459 nunc
1242 417 1481 472 plerumque
1501 415 1699 458 videmus:

462 492 579 542 Quid
599 492 674 533 sibi
695 493 865 548 quisque
885 491 993 541 velit,
1016 491 1187 540 nescire,
1209 498 1250 531 et
1268 504 1452 545 quaerere
1473 504 1649 545 semper-3

466 565 720 608 Conmutare
739 565 894 615 locum,
917 564 1032 620 quasi
1053 578 1156 604 onus
1175 563 1382 617 deponere
1400 563 1539 618 possit.

316 723 466 764 gitabam,
491 721 575 762 quod
599 719 761 751 Bentleius
782 719 877 750 etiam
899 719 933 749 in
961 729 1044 750 mar-

319 774 393 814 gine
407 771 476 803 libri
491 777 648 810 posuerat:

334 840 434 870 Atque,
445 836 536 862 animo
546 836 666 866 incertus,
683 836 790 861 fluitans
801 842 890 862 errore
901 836 1014 868 vagaris.

319 901 382 931 Sed
417 899 624 940 undequaque
660 900 757 938 proba
792 905 866 930 sunt
908 899 1044 940 vulgata.

318 952 395 982 Non
419 950 519 991 liquet
542 955 656 985 tamen,
688 960 758 990 quae
783 950 823 980 sit
848 950 967 990 optima
996 950 1045 981 via

318 1001 548 1043 distinguendi:
574 1007 696 1040 utrum,

339 1077 430 1108 Atque
440 1075 531 1100 animo
541 1075 656 1105 incerto,
666 1074 773 1099 fluitans
783 1081 883 1105 errore,
894 1074 1011 1107 vagaris:

320 1137 361 1157 an
375 1136 492 1162 rursus,

339 1194 440 1225 Atque,
450 1192 541 1218 animo
552 1193 655 1218 incerto
666 1191 785 1222 fluitans,
795 1198 884 1217 errore
894 1192 1010 1224 vagaris:

315 1253 364 1279 an,
385 1242 531 1283 denique,

342 1310 432 1342 Atque
443 1310 544 1339 animo,
555 1309 658 1334 incerto
670 1308 776 1334 fluitans
786 1315 886 1339 errore,
899 1310 1011 1343 vagar's.

318 1373 373 1404 Ad
380 1384 475 1404 suum
491 1379 622 1414 gustum
636 1372 732 1403 lector
746 1372 930 1403 electionem
941 1373 1042 1404 faciat.

363 1425 444 1456 Ibid.
466 1427 570 1456 animo
587 1427 702 1456 incerto
716 1427 849 1464 vagaris.
897 1424 971 1456 Non
986 1425 1043 1455 ali-

318 1487 396 1509 enus
411 1483 456 1507 est
472 1476 638 1518 Virgilius,
659 1486 728 1517 geo.
746 1476 785 1507 iv.
804 1479 873 1507 105.

346 1563 409 1571 —
425 1557 509 1582 quum
529 1550 624 1575 incerta
645 1549 749 1579 volant,
770 1549 896 1581 coeloque
916 1550 1044 1575 examina

504 1589 612 1614 ludunt.

318 1653 415 1685 Unde
439 1653 587 1684 mendam
611 1652 703 1682 tollas
726 1662 743 1682 e
770 1652 915 1692 Vegetio,
945 1652 984 1682 de
1010 1663 1043 1683 re

316 1704 408 1735 milit.
426 1703 470 1734 iii.
486 1707 534 1734 10.
559 1706 580 1721 “
591 1703 704 1733 —iter
717 1713 812 1733 suum
823 1703 866 1733 ita
881 1709 1042 1742 temperet,

318 1760 341 1776 “
357 1762 393 1786 ut
407 1762 463 1786 aut
476 1756 582 1786 cibum
595 1755 761 1794 capientes,
777 1761 834 1784 aut
843 1754 1042 1791 dormientes,

317 1813 340 1829 “
356 1816 412 1840 aut
425 1816 568 1849 vagantes
591 1811 716 1844 incerte,
741 1817 875 1845 securm,
896 1808 1043 1846 inermes,

316 1866 339 1882 “
356 1861 559 1898 discalciatus,
585 1860 736 1891 distractis
751 1860 850 1900 equis,
874 1860 953 1890 nihil
975 1870 1042 1890 sus·

317 1919 340 1934 “
356 1915 500 1954 pict-,ntesy
522 1914 588 1953 ipse
602 1919 727 1953 paratus
742 1913 899 1944 invadat.”
934 1913 1043 1954 Vulgo

316 1966 468 2001 scribitur,
482 1972 623 1997 vacantes
638 1972 726 1997 certe.

362 2016 442 2048 Ibid.
475 2019 577 2047 animo
597 2019 744 2058 fluitans.
790 2017 867 2048 Huc
893 2018 973 2048 forte
1002 2028 1043 2048 an

319 2068 486 2108 respexerit
499 2068 694 2106 Venusinus,
711 2069 798 2107 epist.
815 2068 834 2098 i.
853 2071 902 2098 18.
924 2072 995 2099 110.

450 2144 503 2163 neu
512 2136 613 2167 fluitem
624 2136 713 2161 dubiae
726 2143 771 2169 spe
785 2136 915 2168 pendulus
926 2136 1014 2161 horae.

363 2195 594 2237 Ibid.flzt1'tarzs
616 2206 715 2226 errore
743 2196 875 2234 vagaris.
921 2194 1043 2233 Cicero,

318 2247 357 2277 de
372 2245 424 2276 off.
440 2245 470 2276 ii.
488 2249 516 2276 2.
539 2249 561 2264 “
579 2246 653 2276 Non
671 2245 756 2275 enim
776 2255 886 2275 sumus
908 2245 943 2283 ii,
965 2255 1044 2285 quo-

319 2302 341 2317 “
357 2308 430 2329 rum
444 2304 568 2338 vagetur
589 2300 711 2329 animus
727 2309 838 2334 errore,
861 2308 919 2328 nec
934 2298 1045 2328 habeat

319 2355 342 2370 “
358 2361 520 2392 umquam,
557 2351 632 2392 quid
661 2351 836 2392 sequatur.”
892 2351 1045 2381 Horatius

319 2403 406 2442 epist.
422 2402 441 2432 i.
461 2405 508 2433 12.
528 2404 574 2433 17.

335 2464 424 2489 stellae
435 2466 531 2496 sponte
541 2463 599 2493 sua,
612 2463 738 2494 jussaene,
749 2467 881 2496 vagentur
892 2468 913 2488 et
926 2467 1018 2489 errent.

320 2511 523 2550 Prudentius,
539 2511 656 2551 praefat.
672 2513 774 2552 apoth.
794 2516 841 2543 11.

350 2576 419 2607 (211ae
431 2576 452 2600 si
463 2576 530 2607 quis,
541 2583 628 2600 errans
639 2583 669 2600 ac
681 2582 783 2608 vagus,
792 2575 980 2600 sectabitur—.

321 2626 478 2668 Denique,
505 2627 661 2669 Virgilius
684 2628 890 2668 superveniat,
922 2628 996 2658 AEn.
1018 2637 1045 2657 v.

320 2678 373 2708 fin.
390 2689 464 2709 nam
478 2680 571 2710 multi
586 2679 729 2710 similiter
744 2680 840 2710 locuti
855 2686 942 2710 sunt:

350 2763 413 2770 —
422 2754 498 2783 pater
508 2753 604 2777 amisso
611 2752 759 2783 fluitantem
769 2760 854 2778 errare
865 2752 993 2785 magistro

353 2790 508 2815 Sensit—.

365 2852 438 2884 Ver.
458 2857 546 2884 1066.
570 2857 724 2887 videntur:
758 2857 796 2887 P.
818 2858 926 2887 videres
970 2856 1047 2886 Non

320 2904 425 2942 probo.

1130 718 1207 749 Ver.
1224 720 1316 748 1067.
1340 719 1388 748 E:
1419 717 1463 747 itn
1488 718 1679 757 conjeceram
1703 717 1814 758 legen-

1088 770 1178 808 dum,
1203 776 1235 800 et
1259 770 1303 800 ita
1325 769 1468 800 scribitur
1492 769 1526 799 iu
1541 769 1637 799 vind.
1652 769 1689 800 L.
1707 769 1754 799 M.
1771 768 1812 799 O.

1092 827 1136 852 Ω.
1152 821 1255 851 caeteri
1271 820 1352 859 libri,
1379 825 1415 850 ut
1429 819 1568 860 evulgari
1583 819 1672 856 solet,
1697 819 1815 849 habent

1090 873 1142 903 Et.
1185 872 1237 903 De
1251 872 1313 913 quai
1331 871 1589 909 commutatione,
1611 870 1715 901 videas
1730 870 1814 900 Dra-

1088 923 1323 959 kenborchium,
1344 922 1385 953 ad
1405 922 1475 954 Liv.
1488 922 1529 952 xl.
1557 925 1608 953 26.
1625 924 1813 962 7.—-quoque

1087 985 1224 1006 noscere:
1251 975 1286 1005 P.
1304 981 1344 1005 Π.
1367 985 1556 1014 cognoscere;
1574 978 1609 1004 ut
1630 982 1814 1004 commtmes

1088 1026 1175 1065 editi,
1201 1036 1376 1066 perperam,
1404 1032 1450 1056 tot
1464 1031 1572 1056 contra
1586 1025 1738 1056 stantibus
1751 1023 1813 1055 fide

1087 1078 1206 1118 majore
1220 1077 1349 1107 vetustis
1363 1076 1600 1116 exemplaribus.

1133 1128 1206 1158 Ver.
1223 1131 1316 1160 1069.
1337 1130 1443 1158 moles.-
1478 1134 1519 1158 Π.
1541 1128 1746 1158 molles.-—in.-
1773 1126 1814 1156 V.

1087 1179 1137 1210 ed.
1151 1186 1185 1211 tu
1192 1195 1202 1216 ,·
1229 1179 1309 1210 forte
1324 1189 1380 1219 pro
1393 1180 1456 1210 sub.

1130 1232 1211 1264 Ibid.
1234 1235 1311 1264 mali
1333 1235 1430 1264 moles.
1477 1232 1618 1271 Orosius,
1642 1231 1712 1262 hist.
1735 1241 1763 1262 v.
1786 1234 1812 1262 1.

1088 1288 1110 1304 “
1128 1285 1247 1322 Quanti
1272 1285 1369 1326 igitur
1383 1285 1548 1325 pendenda
1571 1290 1616 1318 est
1638 1290 1728 1326 gutta
1746 1284 1813 1314 haec

1088 1339 1111 1355 “
1126 1336 1286 1367 laboriosae
1301 1336 1546 1374 felicitatis-,——in
1572 1335 1658 1366 tanta
1671 1337 1745 1366 mole
1763 1337 1812 1366 in-

1089 1387 1330 1428 “fhlicilatis?”
1361 1388 1406 1418 Et
1429 1387 1565 1424 Tullius,
1591 1386 1684 1418 Tusc.
1716 1386 1814 1426 dispp.

1088 1439 1134 1470 iii.
1159 1439 1315 1470 Lambino
1330 1439 1526 1470 citatusz-“
1542 1445 1597 1469 aut
1618 1447 1741 1478 semper
1755 1437 1813 1467 ali-

1089 1493 1110 1509 “
1127 1501 1222 1531 quam
1236 1493 1342 1522 molem
1357 1489 1529 1521 meditabar
1546 1489 1654 1521 mali.“

1130 1541 1205 1572 Ver.
1225 1545 1315 1572 1070.
1340 1543 1438 1572 Haud
1454 1552 1554 1572 nunc:
1583 1547 1623 1571 Π.
1651 1542 1716 1570 Aut
1740 1550 1811 1570 non.

1089 1592 1154 1628 Qui
1180 1592 1327 1632 profluxit
1350 1602 1444 1629 error,
1472 1605 1510 1623 τε
1534 1603 1596 1622 non
1620 1591 1732 1632 utique
1756 1601 1812 1631 pro

1087 1655 1179 1679 nunc,
1189 1654 1227 1674 ex
1239 1644 1446 1675 similitudine
1455 1644 1616 1684 utriusque
1627 1642 1813 1683 compendii,

1088 1701 1124 1726 ut
1138 1697 1233 1735 probe
1246 1696 1372 1726 monuit
1390 1696 1652 1726 fructuosissimus
1667 1694 1814 1725 Draken-

1085 1749 1242 1788 borchius,
1265 1749 1306 1780 ad
1319 1749 1387 1780 Liv.
1405 1750 1447 1780 ix.
1465 1752 1494 1780 7.
1509 1751 1538 1780 5.
1561 1757 1655 1789 quem
1670 1747 1812 1778 consulas

1086 1800 1182 1831 etiam
1197 1800 1270 1831 ibid.
1286 1811 1315 1831 x.
1333 1804 1382 1831 14.
1401 1804 1448 1831 12.

1129 1853 1205 1883 Ver.
1231 1856 1323 1884 1071.
1355 1855 1487 1884 nesci-re.-
1525 1858 1568 1883 Π.
1595 1853 1746 1884 nesciens.-
1782 1857 1814 1882 et

1085 1902 1171 1934 idem
1187 1901 1261 1934 mox
1279 1905 1457 1942 Commutes,
1472 1909 1503 1934 et
1512 1906 1618 1943 possis.

1130 1954 1215 1985 Ibid.
1250 1954 1351 1985 Deleo
1379 1960 1532 1994 punctum
1561 1953 1601 1984 ad
1628 1964 1753 1993 semper,
1781 1959 1815 1983 et

1082 2006 1186 2047 jungo
1219 2009 1241 2025 “
1257 2016 1395 2047 quaerere
1419 2005 1810 2037 Conmutare.''-—Bex·r—

1089 2068 1204 2089 Luxus.

1089 2107 1164 2138 Hoc
1180 2107 1269 2138 nobis
1293 2108 1388 2138 etiam
1410 2108 1487 2138 olim
1509 2107 1542 2137 in
1564 2113 1703 2138 mentem
1718 2117 1811 2137 vene-

1088 2165 1146 2198 rat,
1162 2159 1238 2190 orsis
1253 2161 1291 2190 ab
1308 2160 1455 2198 Horatio,
1470 2165 1524 2189 sat.
1540 2159 1571 2190 ii.
1589 2163 1616 2190 7.
1636 2162 1705 2190 114.

1113 2228 1172 2258 Jam
1184 2226 1246 2252 vino
1256 2234 1381 2259 querens,
1389 2228 1445 2258 jam
1457 2233 1562 2257 somno,
1569 2226 1665 2258 fallere
1675 2232 1779 2251 curam.

1092 2291 1163 2330 Sed,
1179 2302 1212 2322 re
1226 2292 1375 2332 reputata,
1390 2292 1497 2322 minus
1507 2291 1621 2322 arridet
1634 2291 1701 2322 haec
1716 2290 1809 2321 ratio:

1088 2343 1258 2374 dubitantis
1273 2344 1358 2374 enirn
1379 2344 1477 2374 animi
1493 2343 1654 2374 fluctuatio
1667 2342 1814 2373 clausulis

1088 2395 1253 2435 disjunctis
1277 2395 1379 2425 multo
1403 2394 1536 2426 vividius
1560 2394 1682 2424 videtur
1701 2393 1811 2424 adum*

1087 2446 1177 2476 brari.
1222 2445 1310 2476 Hinc
1325 2446 1453 2485 insuper
1467 2445 1648 2476 distinctum
1665 2444 1749 2475 volui
1772 2444 1812 2476 ad

1087 2499 1236 2533 videmu5;
1263 2503 1299 2527 ut
1312 2497 1441 2536 pulchre
1461 2496 1630 2527 variaretur
1652 2501 1812 2526 construc-

1089 2550 1133 2580 tio
1146 2550 1338 2590 politissimae
1351 2549 1480 2590 periodi,
1507 2555 1538 2580 et
1560 2549 1707 2580 artificem
1723 2557 1811 2587 egre·

1088 2602 1177 2643 gium
1192 2602 1397 2633 vociferantis.
1680 2627 1684 2629 t

1133 2652 1207 2684 Ver.
1221 2656 1311 2684 1072.
1333 2655 1496 2693 deponere:
1523 2651 1562 2681 V.
1578 2650 1625 2681 ed.
1640 2653 1797 2690 disponere
1806 2667 1816 2686 ,-

1090 2709 1121 2734 et
1135 2705 1182 2734 11ae
1198 2714 1286 2735 voces
1308 2703 1544 2734 confunduntur
1565 2701 1670 2731 scribis
1683 2700 1723 2730 ad
1746 2701 1818 2731 Lu-

1088 2766 1155 2786 can.
1171 2756 1210 2786 iv.
1226 2759 1297 2788 459.

1134 2807 1214 2838 Ibid.
1236 2818 1312 2837 onus
1340 2809 1494 2847 deponere.
1542 2803 1685 2835 Gemella
1713 2810 1810 2834 trans·

1090 2859 1204 2890 latione
1221 2858 1386 2898 Virgilius,
1402 2867 1469 2898 geo.
1485 2856 1526 2887 iv.
1546 2859 1616 2887 530.

1152 2919 1229 2947 Nate,
1239 2917 1301 2942 licet
1313 2916 1393 2941 tristis
1406 2916 1496 2940 animo
1508 2915 1626 2947 dfpnezcre
1637 2920 1721 2938 curas.
