1912 3292
532 224 764 286 LIBER
790 223 1164 299 TERTIUS.

1505 237 1596 276 105

300 357 503 402 Omnibus
523 370 609 396 esse
628 355 754 411 igitur
773 361 880 394 totas
900 353 1081 395 dicemus
1102 356 1145 396 in
1165 355 1240 397 illis

125 439 206 475 665
240 431 453 475 Particulis
473 427 654 470 animas?
686 435 728 468 at
747 426 794 467 ea
815 427 974 468 ratione
994 437 1185 483 sequetur

240 508 380 549 Unam
400 504 650 545 animantem
672 502 829 543 animas
848 501 1036 543 habuisse
1056 503 1100 542 in
1121 518 1294 558 corpore
1312 504 1470 546 multas.

235 580 350 636 Ergo
370 577 498 618 divisa
517 584 577 617 est
597 591 659 626 ea,
681 590 775 631 quae
794 574 870 616 fuit
889 590 972 616 una
992 575 1112 616 simul
1130 591 1226 617 cum

236 653 437 707 Corpore:
469 657 718 707 quapropter
739 648 910 690 mortale
931 657 1150 705 utrumque
1168 651 1399 704 putandum
1419 662 1497 701 est;

233 727 284 768 In
304 727 452 767 multas
472 725 667 781 quoniam
687 724 838 779 parteis
857 723 1071 765 disciditur
1091 739 1220 779 aeque.

118 804 199 843 670

290 800 512 849 Praeterea,
536 799 567 839 si
587 797 814 838 inmortalis
834 806 983 838 natura
1002 799 1157 839 animai

231 875 419 923 Constat,
442 881 482 913 et
501 873 544 913 in
566 886 715 927 corpus
734 871 996 912 nascentibus
1015 872 1263 923 insinuatum

229 948 352 999 Quur
371 963 493 1005 super
512 955 608 989 ante
626 954 760 988 actam
779 953 943 987 aetatem
963 946 1196 987 meminisse
1215 947 1446 1003 nequimus,

79 1106 306 1146 teponentium,
324 1105 433 1135 multis
447 1104 481 1134 in
494 1103 581 1140 locis,
603 1113 681 1144 quos
694 1102 802 1142 primi-

81 1164 131 1187 tus
145 1157 351 1196 occupaverit,
370 1156 546 1187 desiderari.
593 1154 710 1185 Saltem
724 1154 804 1184 scin-

79 1207 189 1238 u'llulae
211 1207 354 1243 veritatis,
377 1206 624 1246 corruptelarum
642 1204 805 1235 ruderibus

81 1258 213 1289 subinde
240 1257 481 1295 intermicantae‚
511 1256 599 1286 nulla
629 1256 668 1286 de
696 1255 804 1285 caussa

80 1310 285 1349 prudentibus
299 1315 373 1340 sunt
386 1308 557 1339 editoribus
572 1314 687 1342 temere
702 1307 803 1349 negli-

78 1361 198 1402 gendae.

122 1422 197 1451 Ver.
223 1425 294 1452 660.
329 1421 462 1451 amcisa:
498 1418 598 1449 Vind.
629 1419 667 1454 Q.
692 1423 728 1450 Σ.
757 1424 800 1449 Ω.

78 1471 132 1502 Pii
145 1471 233 1502 codd.
247 1471 350 1511 prisci,
365 1473 484 1507 ancisa,
499 1470 539 1500 ad
553 1470 738 1509 scripturam
753 1479 801 1499 re-

77 1524 258 1555 centiorem:
285 1524 328 1554 V.
345 1523 392 1554 ed.
419 1534 540 1560 aversa;
564 1523 602 1553 P.
631 1522 670 1553 O.
695 1528 732 1553 A.
751 1524 802 1552 in-

76 1577 150 1607 cisa.
186 1575 240 1606 De
253 1576 312 1605 hoc
327 1581 433 1604 autem
448 1573 598 1604 vocabulo
611 1575 740 1611 amcisa,
756 1573 801 1602 vi-

77 1626 150 1657 deas
175 1625 329 1657 nonnulla
352 1625 393 1656 ad
420 1635 544 1656 versum
572 1624 799 1664 praecedentem

76 1679 244 1709 observata.

117 1731 193 1761 Ver.
208 1733 280 1762 661.
309 1732 448 1761 Vulnere:
474 1730 516 1760 V.
539 1729 586 1759 ed.
617 1730 800 1759 Volnera.—

75 1784 204 1812 tortari:
229 1783 358 1816 torum-i,
384 1780 513 1821 quidam
529 1780 582 1810 Pii
604 1780 740 1817 codices;
765 1785 799 1809 A.

77 1835 461 1873 contari.-—conspargere.·
487 1832 530 1862 sic
555 1831 653 1862 vind.
683 1832 721 1863 L.
751 1832 799 1861 M.

77 1885 118 1920 Q.
136 1889 173 1915 A.
191 1891 234 1915 Π.
253 1891 296 1915 Ω.
319 1884 422 1924 vulgo,
438 1894 640 1923 conspergere.

119 1935 200 1966 Ibid.
222 1938 350 1966 tortari:
375 1935 395 1965 i.
410 1945 439 1965 e.
466 1945 495 1965 se
517 1940 642 1972 tortare,
670 1933 719 1963 vel
738 1939 800 1963 tor-

75 1996 178 2027 quere.
224 1986 275 2017 Sic
289 1992 391 2022 tortor,
414 1995 471 2024 pro
491 1991 638 2024 torqueor,
661 1985 799 2024 Pompo-

75 2039 147 2069 nius
171 2038 256 2078 apud
283 2038 435 2073 Nonium,
463 2037 495 2067 ii.
514 2041 587 2068 872.
619 2036 801 2067 Arnobium

70 2090 316 2128 emendabimus,
338 2089 379 2120 ad
392 2089 445 2119 lib.
462 2089 483 2119 i.
498 2099 528 2128 p.
543 2092 596 2119 50.
621 2091 643 2106 “
661 2087 802 2126 Imperio

72 2146 94 2161 “
109 2142 163 2172 ille
177 2151 242 2172 uno
256 2140 431 2171 exturbavit
451 2150 470 2170 a
486 2140 667 2180 corporibus
682 2139 799 2170 daemo-

68 2195 92 2212 ‘⁵
108 2204 172 2229 nas,
192 2199 223 2223 et
237 2192 422 2223 exanimatis
436 2201 510 2222 suos
522 2191 658 2221 restituit
672 2201 795 2221 sensus:

69 2249 92 2264 ‘⁴
107 2246 166 2275 sub
179 2245 290 2275 eodem
304 2251 449 2275 tortances
468 2250 499 2273 et
527 2243 575 2273 illi
599 2245 799 2280 mccussibus,

70 2299 92 2315 “
105 2296 244 2336 jussione
257 2306 323 2326 non
337 2295 408 2330 alia,
429 2294 554 2324 sanitati
569 2299 602 2324 et
619 2294 800 2324 constantiae

70 2351 94 2366 ‘⁶
109 2346 344 2378 reddiderunt.‘’
391 2345 521 2376 Codices
537 2345 614 2375 dant
631 2350 800 2384 portantes,

70 2404 102 2429 et
115 2410 145 2429 se
159 2400 286 2429 casibus.
308 2397 490 2427 Emendant
504 2395 641 2436 quidam,
656 2402 793 2427 tortatos:

71 2450 126 2481 sed
142 2460 208 2480 non
232 2459 358 2480 necesse
379 2455 425 2479 est
449 2455 515 2479 tam
538 2447 599 2478 late
624 2447 795 2485 discedere;

71 2511 146 2532 nam
160 2501 196 2531 in
210 2500 321 2539 verbis,
334 2506 447 2530 nictum
463 2499 719 2540 signifioentibus,
741 2511 797 2531 ac-

70 2556 141 2585 tivae
155 2553 239 2582 vocis
252 2552 361 2587 forma,
377 2562 441 2582 non
456 2552 563 2582 minus
576 2562 672 2592 quam
690 2554 794 2592 passi-

70 2614 123 2639 voe‚
139 2603 198 2634 sibi
212 2601 351 2634 vindicat
368 2605 476 2651 mefliae
491 2608 687 2642 potaetatem3
711 2603 795 2644 quod

71 2664 165 2686 nemo
179 2654 292 2693 saepius
303 2664 363 2684 usu
375 2654 597 2693 comprobavit,
613 2665 708 2695 quam
723 2665 795 2685 nos-

72 2711 120 2736 ter
128 2705 308 2736 Lucretius:
334 2705 442 2736 redeas
457 2705 497 2736 ad
508 2716 568 2737 ver.
581 2708 653 2737 570.
667 2707 797 2748 hujusce

71 2755 152 2787 libri.
180 2756 344 2795 ‚Eundem
358 2756 540 2787 Arnobium
568 2756 721 2788 Cantems
745 2768 796 2788 ve—

73 2805 192 2837 rissime
216 2807 377 2848 oestigavit
401 2807 441 2838 ad
469 2807 523 2838 lib.
554 2807 598 2839 iii.
623 2820 652 2849 p.
686 2813 799 2840 106.—

76 2859 99 2875 “
112 2855 188 2887 alias
209 2857 320 2899 (deas),
343 2858 413 2889 telis
435 2859 582 2899 gravibus
603 2866 635 2890 et
656 2860 803 2892 dolorum

73 2909 98 2924 “
113 2908 308 2941 acuminibus
321 2909 406 2946 fixas,
422 2910 547 2951 ejulare,
561 2914 680 2949 tortari,
702 2919 733 2944 et
754 2913 804 2943 in-

848 1104 870 1119 “
887 1107 934 1132 ter
947 1103 1014 1132 haec
1029 1101 1137 1132 omnia
1150 1101 1307 1141 suppetias
1317 1101 1341 1133 J
1342 1101 1457 1132 unonis
1468 1102 1580 1142 implo-

849 1157 870 1172 “
885 1164 953 1184 rare
977 1154 1139 1184 Lucinae.”
1194 1153 1284 1183 Libri
1309 1154 1423 1192 scripti,
1453 1157 1582 1186 hortari.

847 1206 995 1246 Denique
1019 1206 1170 1246 glossator
1194 1212 1282 1234 vetus
1306 1205 1400 1235 adsit:
1433 1210 1454 1224 “
1477 1209 1578 1246 Torta,

848 1260 871 1275 “
886 1256 1101 1298 Btoecepzssaoml‘
1143 1257 1186 1287 Et
1200 1256 1335 1286 n‘cissim
1350 1257 1383 1286 in
1400 1258 1527 1288 Graecis.

893 1307 976 1338 Ibid.
997 1314 1112 1338 terram
1128 1319 1326 1347 conspargere
1341 1309 1417 1339 tabo.
1456 1309 1579 1340 Pariter

847 1357 1010 1398 Virgilius,
1030 1359 1106 1388 AEn.
1121 1358 1166 1389 iii.
1185 1362 1235 1390 99.

968 1434 1001 1458 Et
1009 1436 1104 1457 terram
1115 1432 1171 1457 tabo
1181 1433 1383 1459 maculant—-

889 1509 963 1540 Ver.
979 1513 1051 1541 662.
1077 1515 1219 1549 partem:
1255 1508 1293 1539 V.
1320 1509 1369 1540 ed.
1393 1517 1575 1550 partam.—

842 1568 960 1602 petere:
989 1568 1029 1591 Π.
1039 1567 1132 1601 petes.

886 1613 966 1644 Ibid.
993 1613 1082 1644 Ordo
1107 1619 1166 1643 est:
1195 1613 1274 1643 “Et
1294 1619 1415 1652 partem
1440 1615 1576 1654 priorem

843 1671 864 1683 “
877 1667 1024 1704 serpentis
1052 1664 1153 1703 ipsam
1182 1670 1264 1693 retro
1291 1670 1395 1703 petere
1425 1676 1457 1695 se
1492 1667 1574 1696 ore.”

844 1718 1069 1747 BENTLmus.

846 1767 944 1804 Vere;
967 1767 1023 1797 sed
1038 1766 1091 1796 alii
1107 1776 1171 1795 non
1186 1766 1283 1797 aliter.

889 1817 962 1847 Ver.
979 1821 1050 1848 665.
1073 1819 1198 1847 ardenti
1212 1818 1320 1847 dolore.
1367 1818 1471 1856 Maro,
1497 1819 1573 1850 AEn.

845 1869 885 1899 ix.
903 1873 954 1899 66.

1131 1944 1202 1968 duris
1212 1943 1282 1968 dolnr
1292 1944 1390 1968 ossibus
1400 1945 1484 1970 ardet.

887 2007 968 2038 Ibid.
992 2010 1052 2038 icta
1069 2009 1185 2038 dolore:
1214 2008 1236 2037 i.
1254 2017 1279 2037 e.
1299 2007 1388 2047 quasi
1401 2011 1469 2040 telis
1484 2009 1571 2040 dolo-

843 2061 901 2098 ris;
923 2067 960 2090 ut
982 2071 1084 2100 nuper
1098 2060 1272 2099 Amemus,
1299 2063 1493 2093 acuminibus
1518 2065 1571 2094 do·

843 2115 933 2144 loris:
959 2113 1038 2153 αχεῖ
1059 2114 1231 2152 βεξλημενη,
1257 2111 1364 2150 plures
1382 2113 1499 2144 Graeci:
1524 2115 1572 2144 in.

843 2165 952 2204 spicias
973 2170 1079 2194 notata
1100 2164 1141 2194 ad
1163 2164 1194 2194 ii.
1213 2167 1286 2195 560.
1332 2163 1475 2194 Suaviter
1489 2166 1571 2196 Pru-

844 2216 976 2251 dentius,
991 2216 1094 2255 perist.
1109 2226 1139 2246 x.
1155 2219 1229 2247 579.
1251 2215 1290 2245 de
1309 2215 1337 2245 S.
1352 2216 1489 2247 Romani
1505 2228 1570 2248 cor-

842 2279 928 2307 pore,
953 2269 1010 2298 sub
1025 2267 1187 2297 tormentis
1201 2267 1403 2307 perdurante:

905 2352 985 2384 Quod
995 2358 1166 2384 perseverans
1177 2355 1234 2376 tam
1245 2352 1342 2377 resistit
1353 2354 1476 2384 nequiter

901 2396 984 2420 Sacris
996 2396 1124 2425 vetustis;
1142 2403 1203 2426 nec,
1220 2396 1333 2420 dolor-um
1343 2396 1445 2428 spiculis

901 2438 1022 2467 Victum,
1032 2437 1132 2462 fatiscit
1139 2446 1148 2468 ;
1165 2438 1251 2469 fitque
1263 2438 1350 2469 poenis
1360 2437 1464 2462 fortius.

840 2511 969 2542 Addam
982 2512 1168 2553 Virgilium,
1185 2514 1259 2543 AEn.
1277 2513 1325 2542 vii.
1343 2516 1414 2543 2²91.

1172 2590 1257 2620 stetit,
1268 2591 1323 2614 acri
1330 2590 1393 2621 fixa
1404 2590 1495 2616 dolore.

883 2657 957 2687 Ver.
973 2660 1045 2687 665.
1074 2658 1263 2688 Particzilis:
1301 2664 1337 2687 Δ.
1363 2659 1567 2689 Partibus.—

840 2714 890 2738 at:
919 2699 1021 2738 OJA.
1040 2714 1079 2737 Π.
1099 2714 1142 2738 Ω.
1166 2714 1209 2743 et‚·
1234 2717 1298 2737 non
1317 2708 1410 2747 male,
1434 2709 1459 2738 si
1481 2709 1569 2740 locus

841 2758 908 2788 sine
932 2757 1145 2797 interrogandi
1170 2758 1245 2788 notai
1271 2759 1488 2790 constituatur:
1517 2771 1566 2791 ra-

844 2813 963 2842 tionem
986 2818 1091 2842 tamen
1118 2811 1317 2852 vulgatorum
1341 2813 1432 2843 facile
1454 2821 1568 2852 praetu-

845 2863 945 2899 lerini,
961 2862 1110 2894 librorum
1127 2863 1157 2892 vi
1171 2862 1303 2894 favente.

891 2915 965 2946 Ver.
983 2918 1054 2946 668.
1077 2922 1276 2956 quaonpter:
1303 2916 1323 2946 i.
1338 2926 1363 2946 e.
1379 2925 1479 2955 quum
1494 2915 1571 2946 divi-

771 2973 806 3004 1⁷1
830 2978 852 3004 2
