1912 3292
340 189 427 228 112

825 176 885 225 T.
934 175 1311 226 LUCRETII

479 311 552 354 Sin
572 311 642 360 ita,
665 309 831 351 sinceris
850 308 1043 351 membris
1061 309 1209 359 ablata,
1231 309 1428 367 profugit,

477 384 532 426 Et
552 384 680 426 nullas
698 383 849 439 parteis
869 383 912 424 in
933 396 1105 437 corpore
1124 382 1288 438 liquerit
1307 397 1358 423 ex
1378 398 1438 432 se;

477 459 602 502 Unde
622 459 819 500 cadauera
837 458 1021 500 rancenti
1034 457 1123 512 jam
1143 457 1294 498 viscere
1313 455 1483 498 vermeis

363 535 446 575 720
477 533 725 589 Exspirant?
748 542 879 590 atque
898 531 1008 574 unde
1027 531 1284 572 animantum
1305 531 1424 586 copia
1442 539 1569 581 tanta,

475 607 588 649 Exos
608 616 649 649 et
668 608 900 665 exsanguis,
922 605 1100 647 tumidos
1120 605 1366 659 perfluctuat
1385 604 1520 645 artus?

534 681 677 732 Quod,
699 682 732 723 si
750 681 856 723 forte
875 682 1031 722 animas
1050 679 1299 721 extrinsecus
1318 678 1516 720 insinuari

747 841 817 873 αλλ’,
832 852 890 874 ayt,
906 843 1008 870 Saco-

349 887 550 914 rnrzoMEe'
562 892 678 916 σιλληλων
691 893 845 923 χαλκηρεσιν
860 898 992 924 εγχειῃιην.

373 979 447 1010 Ver.
472 982 543 1010 717.
574 979 708 1009 Bentleii
733 978 869 1009 demiror
889 979 1054 1020 judicium,

332 1031 572 1073 conjecturalem
592 1030 846 1062 emendationem
868 1031 961 1062 Fabri
983 1042 1054 1071 pro-

333 1085 423 1114 bans:

392 1153 437 1178 Sin
448 1153 485 1178 ita
494 1153 590 1178 sincera
602 1160 634 1178 ex
646 1153 852 1179 membris—:

331 1215 416 1246 libris
441 1215 586 1247 omnibus
608 1216 755 1248 lectiones
780 1217 921 1259 vulgatas
944 1219 1056 1250 confir-

330 1266 497 1297 mantibus.
543 1267 673 1307 Nempe,
697 1270 859 1299 communi
874 1271 984 1300 morbo
998 1270 1057 1300 viri

330 1316 499 1348 doctissimi
514 1319 720 1355 tentabantur,
737 1321 835 1359 po'etae
845 1327 985 1352 mentem
995 1321 1054 1351 mi·

330 1368 418 1399 nime
442 1369 653 1409 percipientes.
700 1371 761 1402 Per
783 1374 923 1404 membris
950 1374 1058 1415 utique

333 1419 507 1461 intelligere
522 1420 672 1452 debemus
696 1425 718 1440 “
733 1429 834 1462 partes
848 1427 969 1459 animoe,
993 1435 1057 1455 non

332 1474 355 1490 “
371 1475 540 1512 corporis,·''
563 1484 641 1515 quas
664 1480 768 1505 noster
787 1476 903 1507 variato
926 1477 1055 1507 nomine

330 1533 432 1563 nuper
441 1527 614 1564 particulas
629 1526 788 1563 vocitabat,
803 1537 864 1558 ver.
882 1531 953 1559 708.
985 1531 1054 1560 Sin-

329 1577 407 1606 cerz's
422 1576 537 1607 scilicet
551 1583 597 1607 est
611 1579 796 1617 indelibatas,
821 1591 881 1610 non
893 1582 1054 1621 pra’stora-

329 1628 380 1662 tis,
401 1627 447 1656 uti
463 1627 540 1658 Pius
563 1628 793 1669 elegantissime
817 1631 974 1670 exposuit;
992 1637 1053 1672 p'u-

329 1678 386 1715 ris,
402 1679 544 1709 intactis:
569 1678 611 1709 sic
626 1680 740 1718 passim
755 1680 839 1712 alias.

375 1727 447 1758 Ver.
465 1731 536 1760 718.
561 1730 621 1760 Et:
647 1730 690 1760 sic
712 1731 748 1761 L.
776 1732 824 1762 M.
848 1732 888 1763 0.
912 1740 958 1764 Ω.
982 1734 1053 1764 reli-

329 1779 392 1820 qui,
424 1781 471 1810 Ut.
518 1779 606 1810 Nihil
623 1781 760 1812 interest:
785 1783 844 1813 hoc
866 1790 972 1815 autem
988 1796 1054 1817 ma-

329 1831 376 1871 gis
391 1832 513 1862 videtur
527 1832 760 1865 emendatorem
775 1838 1049 1875 sapere—nullas.-

330 1875 368 1905 P.
382 1877 510 1906 nullam.

375 1925 447 1957 Ver.
464 1929 534 1958 719.
557 1930 724 1960 cadavera:
752 1930 789 1960 P.
819 1930 858 1961 Ο.
887 1938 931 1963 Ω.
956 1935 1050 1963 cada-

327 1988 410 2013 vere;
435 1987 499 2008 non
513 1978 604 2014 male,
627 1979 652 2009 si
675 1981 732 2010 hac
747 1981 867 2012 ratione
890 1982 1051 2023 interpun-

326 2039 389 2070 gas,
413 2034 443 2060 et
457 2031 603 2061 rescribas
617 2041 690 2062 cum
706 2032 746 2062 V.
763 2033 810 2063 ed.
825 2034 932 2065 etiam:

358 2111 438 2136 Unde
448 2111 588 2142 cadavere,
604 2113 787 2145 rancentijam
797 2114 909 2146 viscere,
924 2123 1025 2141 vermes

358 2150 517 2183 Exspirant?

329 2227 365 2253 ut
379 2236 413 2254 το
436 2224 606 2264 Exspiravit
628 2224 821 2256 intransitive
843 2227 989 2267 capiatur,
1012 2228 1053 2259 ad

328 2273 453 2305 delicias
467 2275 614 2306 Lucretii.
658 2277 701 2308 Et
715 2288 788 2308 sane
807 2279 887 2309 hanc
903 2279 962 2310 loci
978 2289 1052 2310 con-

331 2325 523 2356 stitutionem
539 2326 708 2359 doctiorem
727 2335 758 2359 et
773 2330 981 2361 venustiorem
999 2331 1052 2371 ju·

329 2376 607 2409 diem—rancenti:
636 2379 674 2409 V.
694 2380 741 2410 ed.
758 2381 794 2411 B.
817 2384 940 2417 recenti,
963 2392 1052 2413 voca-

329 2428 403 2459 bulo
429 2429 541 2460 rariore
563 2429 861 2470 decepti—viscere.-
887 2432 925 2463 P.
944 2433 985 2464 V.
1001 2433 1050 2465 ed.

332 2479 370 2510 O.
387 2485 420 2512 Σ.
436 2483 644 2523 vivere.—jam
661 2482 852 2514 desideratur
866 2484 898 2515 in
916 2491 956 2516 Π.

374 2531 455 2562 Ibid.
478 2533 616 2569 Quidam
633 2534 755 2565 codices
777 2538 932 2573 cadavere,
955 2543 985 2567 et
1006 2537 1050 2579 <f-

319 2582 448 2622 jbrvent.
478 2585 578 2627 Lego:

361 2656 439 2681 Unde
449 2658 585 2684 cadaver?
597 2662 781 2694 rancentijam
794 2662 893 2688 viscere
903 2669 1005 2688 vermes

359 2694 492 2726 Effervent
499 2698 512 2721 ι’

327 2767 495 2804 Ληιοὺίυε,
522 2769 573 2800 lib.
600 2772 721 2802 vii.—“
745 2776 859 2806 viscera
885 2775 1055 2816 fervescere

330 2822 352 2837 “
367 2822 522 2857 vermibus,
537 2825 761 2863 etstuctuare.''
789 2828 1016 2859 anumus.

325 2870 413 2907 Quos
427 2872 547 2904 codices
562 2881 668 2906 autem
692 2877 736 2907 vir
757 2879 902 2920 egregius
937 2890 1059 2911 memo-

1095 844 1151 874 rat,
1177 849 1236 880 ego
1258 838 1386 879 quidem
1408 837 1500 877 juxta
1523 846 1598 868 cum
1619 835 1822 878 ignarissimis

1097 891 1216 931 ignoro.
1262 890 1351 920 Nihil
1367 888 1555 920 mutandum
1570 888 1710 920 arbitror.

1100 941 1269 971 Concludit
1291 940 1388 981 igitur
1402 941 1499 980 potita,
1525 947 1644 979 partem
1660 941 1776 971 animae
1790 941 1824 971 in

1098 991 1246 1022 cadavere
1268 992 1418 1033 relinqui;
1452 992 1654 1033 animamque
1679 992 1757 1024 adeo
1775 992 1826 1033 ip·

1099 1053 1165 1073 sam
1182 1043 1347 1074 mortalem
1366 1054 1440 1080 esse,
1465 1054 1566 1085 quum
1581 1044 1771 1085 discerpatur
1791 1045 1823 1076 in

1098 1100 1208 1134 partes.

1141 1146 1218 1176 Ver.
1230 1149 1308 1178 720.
1321 1150 1515 1179 animantum
1528 1161 1538 1179 ,·
1566 1154 1605 1178 Π.
1633 1150 1804 1179 animatum
1810 1163 1822 1185 ,·

1102 1197 1291 1234 Gassendus,
1319 1201 1513 1236 animm-unu
1536 1199 1710 1240 ingeniose:
1733 1198 1788 1230 sed
1807 1209 1825 1230 a

1098 1249 1185 1280 libris
1201 1259 1265 1280 non
1280 1249 1504 1281 discedendum
1519 1256 1573 1281 est.

1142 1299 1224 1330 Ibid.
1239 1302 1418 1341 Exspirant,
1444 1301 1533 1342 quasi
1554 1304 1676 1333 animas
1701 1301 1824 1339 scilicet,

1101 1355 1252 1383 animatos
1266 1364 1386 1384 vermes.
1414 1353 1575 1394 Virgilius
1592 1354 1666 1384 AEn.
1682 1353 1723 1384 xi.
1739 1357 1811 1385 885.

1194 1419 1316 1449 confixi,
1333 1419 1465 1451 exspirant
1476 1420 1646 1443 animas—.

1143 1483 1223 1514 Ibid.
1243 1487 1329 1524 copia
1345 1491 1434 1515 tanta
1445 1486 1644 1526 perfluctuat.
1691 1473 1823 1524 Apulei-⁴

1098 1545 1146 1573 us,
1163 1541 1236 1565 met.
1252 1535 1290 1565 vi.
1305 1546 1334 1574 p.
1350 1539 1422 1566 400.
1447 1535 1487 1566 de
1512 1535 1733 1566 innumerabili
1758 1535 1822 1567 for-

1097 1587 1252 1616 micarum
1273 1586 1413 1627 agmine:
1441 1590 1463 1605 “
1482 1587 1595 1617 Ruunt
1616 1586 1693 1623 aliae,
1717 1597 1824 1627 super·

1098 1641 1119 1656 ‘⁴
1134 1648 1196 1678 que
1207 1637 1286 1674 aliae,
1302 1637 1452 1677 sepedum
1462 1638 1652 1678 populorum
1663 1640 1825 1674 undas-l?

1101 1689 1289 1720 Committas
1304 1690 1393 1730 Virg.
1408 1700 1476 1731 geo.
1492 1690 1523 1721 ii.
1540 1694 1612 1722 462.

1142 1741 1217 1771 Ver.
1233 1744 1303 1772 721.
1328 1743 1477 1772 tumidos:
1506 1741 1545 1772 V.
1563 1741 1612 1772 ed.
1629 1741 1762 1780 Nonius,
1788 1742 1822 1774 ii.

1099 1794 1172 1822 267.
1190 1802 1313 1822 versum
1329 1792 1469 1829 laudans,
1490 1794 1620 1824 timidos.

1141 1842 1222 1874 Ibid.
1239 1846 1329 1875 Eros.
1353 1845 1476 1875 Vocem
1490 1846 1570 1876 bene
1585 1845 1725 1876 declares
1740 1845 1822 1877 Oro-

1095 1894 1131 1924 sii
1146 1894 1257 1934 verbis,
1272 1895 1340 1926 hist.
1356 1895 1395 1926 iv.
1412 1900 1440 1926 8.
1464 1899 1486 1915 “
1502 1896 1641 1936 Vermis,
1663 1897 1714 1928 cui
1730 1897 1826 1937 spinae

1096 1949 1118 1964 “
1134 1947 1219 1987 rigor
1241 1957 1306 1977 non
1327 1947 1403 1978 est.”
1451 1948 1622 1986 Arnobius,
1647 1948 1701 1979 lib.
1728 1949 1767 1979 iv.
1793 1959 1823 1988 p.
1868 1986 1874 1994 Ι

1097 2000 1239 2027 13].-“
1253 1998 1278 2028 si
1303 2009 1369 2029 exos
1392 2008 1492 2039 genus
1520 1999 1709 2038 humanum,
1740 1999 1826 2030 velut

1097 2052 1113 2067 ‘⁶
1127 2048 1256 2088 quidam
1270 2051 1439 2087 vermiculi,
1456 2049 1684 2080 nas-ceremur?
1731 2050 1823 2081 Glos-

1095 2099 1212 2130 sarium
1237 2105 1336 2130 vetus:
1375 2103 1397 2118 “
1424 2102 1518 2139 Eoeos,
1548 2101 1693 2136 monos?
1726 2101 1825 2142 Lege,

1095 2164 1233 2186 ανοστεος.
1280 2152 1414 2183 Serenus
1447 2153 1643 2192 Samonicus,
1677 2152 1716 2184 de
1742 2153 1823 2185 med.

1096 2213 1158 2234 ver.
1177 2206 1252 2235 677.

1128 2279 1182 2302 Nec
1193 2284 1247 2302 non
1258 2284 1274 2302 e
1284 2278 1383 2310 stagnis
1393 2278 1555 2304 cessantibus
1565 2284 1625 2303 exos
1636 2278 1732 2303 hirudo

1128 2318 1325 2342 Sumitur—.

1099 2389 1182 2421 Cum
1203 2388 1251 2419 his
1272 2395 1380 2420 autem
1402 2400 1563 2431 compares
1584 2390 1679 2421 velim
1700 2389 1823 2430 poetam

1096 2449 1251 2478 nostrum,
1268 2442 1307 2472 ad
1323 2442 1362 2473 iv.
1380 2445 1470 2474 1265.

1139 2493 1220 2524 Ibid.
1235 2495 1385 2525 tumidos:
1419 2494 1439 2524 i.
1464 2504 1490 2524 e.
1520 2496 1543 2512 “
1560 2498 1774 2530 tumescentes,
1795 2498 1827 2526 et

1096 2548 1118 2563 “
1134 2544 1221 2585 quasi
1237 2548 1440 2586 praegnantes,
1455 2551 1547 2585 partu
1557 2545 1713 2576 vermium
1721 2555 1824 2576 erum-

1096 2600 1119 2615 “
1135 2596 1290 2636 pennum,
1326 2603 1420 2638 atque
1448 2597 1642 2638 superficiem
1672 2596 1828 2628 cadaveris

1096 2651 1119 2668 “
1134 2648 1383 2679 extollentium.”
1430 2648 1642 2680 Ornatissime.
1692 2648 1743 2679 Ex
1768 2649 1828 2680 hac

1097 2703 1120 2719 ‘⁴
1136 2700 1348 2739 translatione,
1360 2701 1394 2731 ni
1406 2700 1507 2739 fallor,
1523 2700 1637 2740 pendet
1644 2699 1741 2731 etiam
1753 2700 1826 2730 vir.

1098 2754 1121 2770 “
1135 2751 1239 2792 gilius,
1262 2762 1330 2792 geo.
1346 2752 1377 2782 ii.
1393 2755 1465 2783 324.

1196 2820 1263 2844 vere
1273 2822 1370 2843 tument
1381 2822 1537 2844 απτ-τ

1103 2878 1308 2919 parturientes
1337 2878 1463 2910 scilicet.
1517 2877 1758 2920 Elegantissima
1786 2880 1830 2907 est
