1912 3292
0 323 3 404 l

0 405 1 417 ι

0 431 2 455 l

526 204 758 256 LIBER
809 207 1160 255 TERTIUS.

1499 213 1587 255 195

236 338 374 388 Quam
395 339 497 379 bene
517 338 550 377 si
570 337 719 385 videat,
743 336 833 390 jam
854 335 974 376 rebus
995 335 1166 391 quisque
1186 336 1333 378 relictis

96 416 200 452 1085
233 412 434 453 Naturam
453 409 634 464 primum
654 407 814 449 studeat
834 423 1081 465 cognoscere
1100 424 1239 450 rerum
1246 428 1258 459 3

235 483 452 539 Temporis
471 482 617 523 aeterni
636 482 849 537 quoniam,
870 497 957 522 non
977 482 1098 524 unius
1118 482 1250 533 horae,

233 557 474 613 Ambigitur
492 564 634 606 status,
657 557 701 597 in
722 571 805 612 quo
825 557 877 598 sit
895 555 1135 598 mortalibus
1155 557 1289 597 omnis

231 631 352 672 AEtas
371 638 464 686 post
483 639 675 682 mortem,
698 646 792 688 quae
812 638 937 673 restat
956 646 1180 687 quomque,
1207 630 1425 672 manendo.

287 704 497 760 Denique,
519 713 635 746 tanto
655 720 780 760 opere
799 706 843 746 in
863 705 998 747 dubiis
1019 706 1224 760 trepidare
1242 704 1401 760 periclis

93 782 199 819 1090
231 777 339 826 Quae
362 778 469 819 mala
488 793 563 819 nos
585 779 735 836 subigit
755 780 857 821 vitai⁸
874 787 990 820 tanta
1009 779 1183 834 cupido?

85 932 166 964 illud
202 935 267 964 odit
294 934 552 964 membranarum
588 934 814 974 immutavisse,

85 983 174 1014 valde
188 983 347 1023 probabile
361 984 494 1015 videtur.
540 986 623 1016 Haec
645 992 752 1017 autem
767 998 817 1018 res

85 1035 135 1067 vel
153 1035 269 1073 Gellio,
290 1036 345 1066 sed
358 1036 613 1075 immeritissime,
632 1039 816 1078 scrupulum

85 1087 207 1128 injecit;
230 1088 320 1128 cujus
345 1094 439 1128 caput
456 1092 504 1120 17.
534 1089 585 1120 lib.
613 1089 651 1120 iv.
674 1091 816 1131 quamvis

86 1138 141 1169 ille
154 1139 288 1169 minime
303 1149 416 1169 sanum
434 1140 591 1180 judicium
606 1140 723 1179 tulerit,
746 1152 813 1172 om-

85 1190 164 1221 nino
177 1191 404 1231 perlegendum
418 1198 472 1222 est.
516 1192 605 1223 Hinc
619 1193 815 1224 vitiosissima

86 1242 260 1282 scriptionis
288 1244 368 1273 ratio
393 1242 479 1273 libris
505 1249 645 1274 veterum
674 1245 815 1277 invaluit.

87 1293 256 1334 Virgilius,-
266 1304 333 1334 geo.
348 1294 388 1324 iv.
401 1297 474 1324 4522.

148 1361 224 1384 Intus
233 1367 261 1385 se
272 1360 341 1384 vasti
351 1362 460 1385 Proteus
471 1360 540 1392 tegit
552 1361 616 1385 obice
626 1361 695 1387 saxi.

86 1423 138 1454 Ita
152 1423 267 1463 passim
282 1423 373 1453 scribi
388 1422 487 1454 debet.
509 1424 533 1455 J
533 1434 681 1461 uvencus,
704 1435 812 1467 evang.

85 1473 155 1506 hist.
170 1474 210 1506 iv.
228 1478 278 1505 85.
301 1485 397 1515 quem
418 1475 568 1506 libentius
589 1476 751 1516 admoveo,
774 1479 814 1509 ob

85 1535 232 1556 versuum
246 1525 386 1566 ipsorum
400 1532 610 1558 venustatem:

82 1596 176 1626 Quam
187 1594 261 1619 volui
269 1597 388 1620 vestram
399 1597 510 1626 gentem
522 1596 708 1628 populumque
725 1598 810 1623 tueri!

83 1633 147 1659 Ales
156 1633 199 1658 uti
208 1633 285 1658 molli
293 1634 371 1659 solita
381 1638 421 1659 est
432 1635 481 1659 sub
491 1642 604 1667 corpore
614 1636 710 1667 pullos,

85 1673 159 1699 Obice
168 1680 319 1706 pennarum
331 1674 436 1699 circum
448 1675 605 1707 complexa,
615 1676 717 1702 fovere.

89 1736 236 1768 Sidonius
253 1737 453 1777 Apollinaris,
469 1739 501 1769 ii.
518 1742 589 1770 495.

404 1798 532 1829 reparatis
541 1798 597 1823 Pisa
612 1798 747 1830 quadrigIs

118 1839 233 1864 suscitet
253 1839 441 1869 0enomat‘xm3
461 1843 534 1864 natae
557 1846 639 1871 quem
660 1840 756 1867 fraude
773 1848 817 1867 ca-

244 1879 356 1906 dentem

116 1918 201 1943 Cerea
212 1918 338 1949 distituit‚
347 1919 470 1944 resolutis
479 1920 586 1950 axibus,
600 1920 673 1945 obex.

130 1977 205 2007 Ver.
224 1981 316 2008 1085.
339 1981 524 2018 Propterea:
549 1979 647 2010 Vind.
658 1979 698 2010 V.
714 1979 761 2011 ed.
776 1980 816 2012 Ο,

90 2030 264 2064 Praeterea;
294 2029 328 2059 in
353 2040 450 2070 quam
478 2031 743 2070 permutationem
769 2032 816 2063 of·

70 2092 75 2093 ⁷
89 2079 252 2111 sendimus
265 2080 361 2111 etiam
376 2081 529 2121 superius,
544 2082 585 2112 ad
601 2093 661 2114 ver.
677 2086 749 2114 226.

132 2132 215 2163 Ibid.
236 2134 334 2164 morbi
347 2144 496 2164 caussam.
534 2133 637 2171 Maro,
652 2145 720 2176 geo.
736 2135 776 2166 iv.
787 2139 816 2167 5.

90 2201 139 2226 Hic
150 2201 209 2232 tibi,
219 2205 293 2232 nate,
304 2202 376 2233 prius
387 2202 480 2227 vinclis
491 2203 649 2234 capiundus,
665 2207 696 2228 ut
706 2209 817 2230 omnem

90 2241 225 2273 expediat
238 2241 317 2266 morbi
326 2249 483 2267 caussam—.

133 2300 212 2331 Ver.
229 2303 321 2332 1084.
343 2302 432 2333 bene:
458 2302 497 2332 P.
522 2303 612 2340 bone5
639 2302 678 2334 O.
702 2307 738 2334 A.
764 2315 817 2335 ne.

93 2354 322 2391 qne—videat:
349 2358 385 2384 A.
399 2355 536 2384 suadeat.

134 2401 217 2432 Ibid.
239 2402 347 2443 Junge
362 2403 435 2444 jam
447 2406 595 2445 primum,
618 2405 654 2440 ὣς
671 2418 818 2446 ‘razio-tra.

93 2453 363 2486 -BnN-nmus.

94 2504 171 2535 Non
185 2505 349 2544 accedam3
372 2517 474 2547 neque
496 2507 677 2548 exemplum
691 2509 820 2550 hujusce

92 2556 330 2598 significationis
343 2558 446 2589 afferri
461 2569 548 2599 posse
563 2566 679 2600 putem.

136 2608 212 2638 Ver.
238 2611 330 2640 1085.
362 2612 518 2649 primum:
558 2612 601 2642 V.
633 2612 680 2643 ed.
704 2615 820 2653 prinu}

92 2658 177 2691 unde
191 2660 392 2700 probabiliter
405 2661 478 2692 licet
492 2662 658 2704 refingere:

121 2728 252 2753 Naturam
263 2728 291 2753 in
298 2728 387 2761 primis
397 2730 506 2756 studeat
516 2737 676 2763 cognoscere
688 2738 794 2757 rerum:

94 2794 170 2816 nam
195 2787 446 2827 praepositionem
471 2791 506 2820 in
533 2788 624 2820 facile
648 2790 823 2820 absorberet

94 2834 195 2867 finalis
214 2848 261 2875 m,·
288 2848 346 2870 nec
368 2839 475 2870 minus
507 2854 541 2872 ero
561 2851 576 2872 s
597 2841 748 2873 vocabulo
774 2851 821 2872 se-

97 2894 211 2929 quente
223 2897 345 2931 poterat
357 2891 510 2935 intercipi.

901 935 983 966 Ibid.
997 937 1154 967 AVaturam
1169 945 1342 974 cognoscere
1352 945 1463 966 rerum.
1487 934 1583 966 Paul-

859 986 890 1017 lo
902 987 994 1017 aliter
1009 985 1175 1026 Virgilius,
1194 985 1234 1015 ad
1248 995 1316 1026 geo.
1332 985 1364 1016 ii.
1380 989 1453 1017 490.

921 1054 1007 1084 FeHx,
1019 1053 1065 1085 qui
1076 1053 1164 1085 potuit
1173 1059 1257 1078 rerum
1267 1061 1407 1085 cognoscere
1417 1061 1528 1079 caussas.

860 1126 882 1140 “
898 1122 1018 1152 Rerum
1033 1132 1168 1152 caussas:
1195 1121 1227 1151 id
1242 1127 1299 1159 est,
1308 1123 1471 1161 physicam
1481 1125 1584 1162 philo-

860 1178 881 1193 “
898 1175 1064 1215 sophiam.’‘
1112 1174 1243 1204 Servius.
1287 1175 1331 1204 Et
1353 1175 1492 1213 apposita
1513 1182 1587 1206 sunt

860 1227 990 1266 Epicuri
1005 1226 1107 1261 effata,
1131 1226 1215 1264 apud
1237 1225 1334 1265 Diog.
1350 1226 1454 1256 La'e'rt.
1471 1237 1499 1257 x.
1519 1231 1587 1258 145.

857 1284 919 1308 Ουιι
937 1291 967 1310 m
983 1290 1030 1308 τιν
1045 1278 1194 1316 φοςεμενον
1209 1284 1283 1307 λυειν
1299 1276 1367 1317 ὑπερ
1377 1289 1432 1306 των
1447 1290 1585 1318 κυριωτα-

860 1342 926 1366 των,
941 1341 983 1367 μη
1000 1325 1156 1358 κατειδοται
1169 1340 1210 1361 τις
1227 1328 1243 1360 ἦ
1261 1339 1299 1357 ⁴2⁷8
1313 1340 1480 1367 συμπαντος
1497 1337 1586 1369 φυσις,

858 1380 931 1410 αλλ’
950 1379 1174 1418 ὕποπτευομεναν
1190 1391 1218 1409 τι
1243 1392 1297 1409 των
1320 1392 1403 1410 κως-α
1420 1392 1471 1414 τες
1486 1383 1586 1419 μνέες·

858 1432 929 1465 affl-s
944 1440 1039 1468 Βίην,
1063 1443 1128 1462 ανευ
1147 1437 1346 1471 φυσιολογιοις,
1369 1444 1503 1473 ακεραιας
1531 1446 1585 1467 ταις

859 1484 954 1518 &Baras
971 1484 1197 1522 απολαμὲωνειν.
1242 1483 1360 1519 Quales
1374 1483 1506 1522 Epicuri
1524 1484 1586 1515 dis-

857 1535 973 1576 ciplina
989 1535 1148 1565 institutos
1159 1535 1296 1565 Horatio
1307 1535 1483 1566 existimem
1499 1537 1586 1577 equi-

856 1587 932 1618 dem
945 1587 1122 1628 significari,
1139 1587 1178 1618 ad
1193 1587 1279 1627 epist.
1293 1587 1314 1618 i.
1329 1591 1358 1618 6.
1373 1591 1404 1617 5.

872 1666 951 1690 Hunc
962 1664 1057 1695 solem,
1068 1667 1095 1689 et
1106 1664 1204 1694 stellas,
1215 1666 1243 1689 et
1254 1664 1412 1689 decedentia
1423 1665 1502 1690 certis

872 1705 1012 1736 Tempora
1021 1704 1178 1733 momentis,
1189 1706 1262 1733 sunt,
1273 1703 1330 1734 qui,
1340 1703 1486 1729 formidine
1496 1704 1569 1729 nulli

874 1745 975 1775 lubun,
983 1747 1122 1776 spectent:

859 1809 1000 1840 conferas
1015 1809 1200 1850 Virgilium,
1215 1808 1235 1840 L
1251 1819 1276 1840 c.
1291 1819 1353 1840 ver.
1368 1812 1440 1841 491.
1474 1808 1586 1850 Neque

860 1861 922 1892 alia
936 1869 982 1892 est
998 1861 1141 1892 Ascensii
1155 1861 1309 1891 sententia
1325 1860 1366 1892 ad
1378 1861 1493 1892 locum.
1526 1861 1586 1891 Vi.

860 1913 988 1949 truvius,
1013 1913 1033 1944 i.
1051 1917 1078 1944 l.
1103 1917 1125 1932 “
1141 1913 1223 1944 —de
1245 1925 1348 1944 rerum
1363 1912 1491 1951 naturc‘i,
1514 1924 1585 1954 quae

861 1968 884 1983 “
902 1966 1012 1996 Graece
1037 1972 1209 2005 φυσιολογια
1239 1964 1360 2000 dicitur,
1390 1963 1586 2004 philosophia

862 2021 884 2036 “
899 2017 1066 2057 explicat.”

904 2068 976 2099 Ver.
1008 2071 1100 2099 1086.
1142 2070 1299 2108 Temporis
1333 2070 1460 2099 aeter‘nz':
1500 2078 1588 2098 voces

859 2119 1052 2159 transpositae
1063 2119 1213 2161 leguntur
1227 2119 1261 2149 in
1272 2119 1368 2150 Vind.
1379 2120 1419 2150 V.
1435 2119 1482 2150 ed.
1500 2126 1542 2150 Π.
1553 2124 1588 2152 Σ,

863 2171 904 2202 In
917 2178 962 2203 Ω.
978 2172 1137 2212 Temporis
1151 2178 1221 2212 post
1235 2183 1297 2203 non
1311 2172 1566 2203 scribitur.-—non
1576 2186 1585 2201 .-

862 2223 898 2254 Ρ.
913 2225 1011 2259 velut;
1037 2225 1123 2254 abest
1143 2224 1254 2254 vocula
1269 2223 1310 2254 V.
1326 2223 1374 2254 ed.

905 2275 979 2306 Ver.
999 2279 1091 2308 1087.
1114 2279 1170 2308 sit:
1195 2277 1237 2307 V.
1253 2276 1300 2307 ed.
1312 2278 1378 2318 fit;
1406 2280 1440 2307 A.
1456 2279 1508 2307 sz'c.

905 2327 980 2357 Ver.
999 2331 1090 2358 1088.
1112 2330 1281 2359 manendo:
1308 2328 1352 2357 sic
1376 2337 1485 2357 omnes
1507 2327 1588 2365 libri,

863 2377 889 2408 si
925 2379 1059 2418 excipias
1098 2386 1141 2410 11.
1180 2380 1234 2420 qui
1269 2380 1363 2409 habet
1395 2381 1589 2409 manendum.

862 2428 998 2468 Nempe,
1023 2433 1174 2462 manendo
1196 2441 1250 2469 per
1275 2431 1434 2465 manendfi,
1460 2428 1509 2458 vel
1522 2441 1588 2459 πια-

862 2482 1003 2517 nendom,
1032 2481 1122 2511 nullo
1150 2481 1278 2521 negotio
1315 2481 1399 2510 abire
1427 2480 1530 2519 potuit
1555 2480 1590 2510 in

863 2534 1049 2563 manendum
1089 2532 1309 2563 recentiorum.
1367 2530 1512 2561 Editores
1551 2531 1590 2562 de

865 2592 923 2612 suo
948 2583 1096 2620 scribunt,
1119 2585 1291 2617 manenda·
1317 2583 1376 2612 hoc
1405 2582 1500 2613 modo
1525 2583 1589 2612 sin·

865 2635 1036 2667 cerissimas
1057 2636 1236 2667 Latinitatis
1265 2634 1425 2675 exquisitas
1439 2634 1590 2665 formulas

864 2686 905 2717 ad
942 2697 1037 2718 suum
1069 2693 1198 2728 gustum
1235 2692 1479 2726 corrumpentes
1511 2697 1588 2728 quo-

866 2738 925 2768 ties
955 2739 1106 2778 scriptura
1134 2739 1391 2769 membranarum
1419 2738 1499 2769 forte
1528 2738 1591 2768 dis-

864 2789 988 2829 pliceat.
1034 2791 1109 2821 Hoc
1129 2796 1241 2822 autem
1261 2789 1332 2831 quis
1352 2789 1506 2821 cordatior
1526 2800 1591 2821 non

866 2852 992 2873 mecum
1006 2843 1259 2881 stomachabitur,
1285 2852 1342 2873 nec
1356 2842 1479 2882 putabit
1500 2842 1589 2873 indo-

866 2894 1066 2929 lescendum?
1091 2895 1266 2935 Nimirum,
1289 2900 1450 2936 utcunque
1464 2895 1504 2926 ad
1519 2905 1588 2926 nos-
