1912 3292
478 238 707 287 LIBER
767 231 1148 291 QUARTUS.

1464 238 1559 280 313

89 377 172 415 635
202 372 320 415 Dum
339 371 480 420 modo,
501 367 614 424 quod
633 366 786 421 capim,
820 369 1066 405 concoctum
1085 360 1228 403 didere
1245 361 1375 417 possis

203 448 404 495 Artubus,
427 452 467 486 et
485 439 685 484 stomachi
701 438 941 479 humectum
961 450 1121 476 servare
1139 443 1338 477 tenorem.

252 522 378 564 Nunc
396 517 482 559 aliis
501 514 603 556 alius
620 512 691 569 qui
711 512 762 552 sit
781 511 911 560 cibus,
932 517 979 550 ut
998 508 1224 559 videamus,

199 594 432 652 Expedi-am
439 609 451 641 3
483 588 563 646 qua
584 601 693 635 reve,
715 585 802 626 aliis
821 581 935 639 quod
954 582 1071 623 triste
1091 590 1132 622 et
1151 596 1340 623 amarum
1359 589 1434 632 est,

200 672 300 715 Hoc
319 677 458 710 tamen
477 678 562 705 esse
580 661 665 702 aliis
686 657 813 715 possit
832 655 1025 712 perdulce
1045 654 1194 696 videri:

58 839 143 872 unde
163 837 292 878 pulchre
313 834 478 866 rescribere
499 840 670 872 possemus,
693 834 786 869 atque

58 890 163 923 sensui
177 899 249 919 meo
263 897 337 918 sane
352 885 490 917 suavius:

87 969 143 993 Nec
153 966 236 992 refert
247 965 392 998 quoiquam,
403 970 458 994 quo
468 962 544 987 victu
555 966 651 992 corpus
661 958 760 983 alatur.

98 1038 180 1069 Ibid.
203 1041 285 1069 victu
300 1038 413 1066 alatur.
442 1033 530 1063 Hinc
547 1030 702 1071 Vngilius
717 1040 783 1060 me-

55 1090 118 1121 lius
147 1089 275 1119 fortasse
311 1086 517 1117 constituatur
551 1082 593 1112 ad
626 1080 786 1120 exemplar

58 1141 314 1176 Montalbanum,
333 1140 410 1170 AEn.
426 1137 488 1167 viii.
503 1140 576 1167 518.

88 1217 138 1243 Sed
148 1216 327 1247 rami,atque‚
338 1221 412 1247 asper
427 1213 526 1243 victus,
543 1214 659 1237 venatus
670 1210 773 1236 alebat:

52 1296 108 1326 per
122 1285 360 1325 appositionem,
388 1292 445 1322 pro
460 1281 586 1321 vulgato
601 1282 682 1311 victu
696 1295 707 1314 ;
731 1288 785 1308 cu-

49 1339 105 1380 jus
129 1338 225 1368 dubia
250 1342 307 1374 est,
339 1345 397 1365 nec
421 1333 556 1373 elegam,
579 1330 783 1366 constructio;

51 1391 115 1421 sive
132 1403 164 1421 eo
182 1391 264 1421 victu
282 1387 322 1418 ad
337 1398 433 1426 asper,
456 1385 520 1415 sive
539 1393 646 1413 rursus
660 1382 700 1412 ad
714 1383 782 1412 ala-

11 1483 14 1486 *
52 1450 116 1480 tur,
139 1441 231 1471 malis
244 1439 409 1470 remittere.

95 1493 170 1524 Ver.
197 1494 270 1522 655.
292 1492 416 1530 capias:
441 1492 478 1519 Δ.
502 1490 782 1528 copz'as.—ooncoc-

51 1552 134 1577 tam:
159 1549 195 1576 Σ.
211 1542 545 1580 concretum-possis:
571 1540 603 1568 V
605 1538 670 1569 ind.
686 1540 723 1569 B.
746 1539 782 1570 L.

55 1598 105 1629 M.
115 1606 235 1637 posses5
259 1592 313 1624 sed
336 1602 376 1623 ne
398 1591 487 1621 tanti-
500 1590 627 1631 quidem
642 1596 784 1621 auctores

54 1647 201 1685 efficient,
217 1645 339 1684 opinor,
361 1649 398 1673 ut
412 1653 478 1673 non
492 1643 531 1672 sit
546 1641 784 1672 mendosissima

55 1701 123 1731 haec
137 1698 237 1729 lectio.

96 1754 172 1783 Ver.
199 1755 270 1783 656.
295 1751 447 1781 Artubus:
475 1754 516 1778 Π.
541 1748 782 1777 Arcibzcs.—lzu-

54 1810 194 1836 mectum:
215 1803 258 1832 ita
273 1800 357 1830 solus
372 1800 410 1830 P.
427 1797 584 1836 Exempla
598 1803 706 1827 autern
719 1797 785 1827 dic-

54 1855 151 1888 tionis
165 1853 223 1885 tibi
248 1850 492 1891 suppeditabunt
515 1848 726 1888 lexicographi
749 1858 787 1878 ex

55 1906 197 1948 Apuleio
212 1911 243 1936 et
258 1902 432 1934 Macrobio.
480 1899 541 1930 Rei
556 1899 678 1930 rusticae
693 1900 786 1939 scrip.

53 1968 135 1993 tores
154 1956 320 2000 quinquies
342 1954 562 1985 adhibuerunt.
610 1951 662 1982 Sic
677 1953 782 1983 Arno-

54 2013 126 2044 bius
140 2010 245 2044 etiam,
269 2007 320 2037 lib.
336 2006 377 2036 vi.
394 2016 422 2044 p.
440 2007 513 2034 212.
540 2003 692 2033 sermonis
717 2004 783 2034 Lu-

54 2062 194 2100 cretiani,
218 2061 244 2091 si
268 2058 340 2100 quis
362 2057 443 2087 alius
463 2061 613 2091 veterum,
646 2055 783 2095 locuple-

56 2115 195 2146 tissimus
209 2111 365 2147 defensor,
391 2113 424 2138 et
446 2106 616 2145 exemplar:
647 2108 784 2137 “-vis.

57 2170 81 2186 “
96 2176 173 2202 cera,
189 2163 292 2194 adhuc
308 2160 386 2191 suda
408 2158 447 2190 de
469 2158 635 2198 sanguine,
659 2164 690 2188 et
704 2159 786 2198 prio-

58 2221 82 2237 “
96 2217 182 2247 ribus
197 2218 335 2246 humecta
352 2211 391 2242 de
406 2209 522 2241 sucis.’'
563 2209 690 2240 Addam
706 2210 784 2241 Ter-

57 2269 240 2303 tullianum,
257 2263 449 2304 antiquitatis
463 2262 599 2302 purioris
613 2262 646 2291 in
662 2261 786 2292 dicendi

59 2330 174 2363 genere
206 2315 484 2358 diligentissimum
518 2319 709 2349 sectatorem,
747 2313 787 2344 de

56 2371 199 2412 baptism.
215 2374 286 2399 sect.
300 2371 332 2398 5.
355 2370 377 2385 “
394 2366 446 2396 De
461 2364 542 2396 terra
565 2365 696 2395 materia
710 2374 784 2394 con-

57 2429 80 2444 “
97 2423 196 2459 venit3
223 2430 288 2450 non
303 2425 409 2449 tamen
424 2416 548 2454 habilis,
572 2416 631 2446 nisi
646 2418 785 2447 humecta

58 2479 81 2495 ‘⁸
97 2481 129 2506 et
144 2471 324 2504 sucida—‚⁷⁸
371 2469 403 2499 Si
418 2474 536 2508 spectes
550 2468 648 2508 igitur
667 2467 786 2497 nudam

56 2526 239 2561 dictionem,
264 2522 343 2552 nihil
357 2520 473 2558 videas,
499 2519 583 2559 quod
605 2519 638 2548 in
655 2518 692 2548 ea
706 2518 786 2549 desi-

56 2577 194 2608 deretur:
229 2579 313 2605 casta
338 2578 395 2610 est,
418 2571 581 2611 exquisita,
608 2569 677 2600 loco
700 2579 785 2599 com-

56 2629 162 2665 moda,
190 2633 220 2657 et
249 2623 426 2656 veneranda
454 2622 599 2662 rubigine
628 2621 788 2651 vetustatis

58 2678 227 2710 efflorescit.
274 2677 410 2706 Nasutos
435 2681 542 2713 tamen
568 2673 697 2703 lectores
720 2683 786 2702 non

56 2736 158 2770 potest
193 2739 258 2758 non
294 2725 443 2757 remorari
488 2725 522 2754 in
558 2723 787 2763 exemplaribus

60 2779 320 2812 emendatissimis
335 2778 467 2808 varietas
489 2776 635 2807 notabilis
656 2776 786 2814 scriptu-

57 2842 174 2862 rarum.
198 2830 294 2860 Vind.
323 2830 363 2860 Ο.
391 2835 425 2860 Δ.
452 2832 489 2860 Σ.
519 2835 564 2858 Ω.
588 2827 664 2858 dant
685 2828 786 2857 leumi-

59 2885 145 2918 dum,-
168 2882 210 2912 V.
225 2881 271 2912 ed.
288 2871 372 2923 quod
387 2881 497 2911 eodem
512 2879 603 2917 redit,
627 2881 764 2909 umidum
774 2892 783 2908 .-

59 2939 92 2965 et
105 2935 173 2965 haec
188 2943 261 2964 sane
276 2933 369 2964 lectio
384 2933 586 2974 glossatorem
602 2930 721 2970 resipit:
750 2930 786 2960 Β.

829 818 866 848 L.
884 817 931 848 M.
949 823 990 847 Π.
1005 817 1156 851 vividum;
1181 813 1300 844 eisdem
1322 812 1460 853 profecto
1482 812 1560 844 duc-

829 870 913 900 tibus
940 868 1169 899 elementorum
1200 880 1256 901 ταις
1286 866 1369 896 vocis
1409 867 1558 896 umidum.

832 924 1017 964 Cogitabam
1034 923 1148 963 itaque,
1172 923 1212 952 ob
1228 920 1430 952 excellentem
1446 921 1561 950 horum

829 976 982 1007 librorum
997 975 1183 1011 castitatem,
1212 978 1244 1003 et
1266 973 1428 1013 antiquam
1453 971 1560 1009 fidem,

829 1039 871 1058 an
885 1028 930 1058 ita
944 1026 1098 1066 scripserit
1112 1025 1294 1056 Lucretius:

945 1108 974 1130 et
985 1104 1119 1130 stomachi
1130 1102 1273 1128 uvidulam
1283 1108 1390 1127 servare
1399 1104 1535 1127 tenorem.

830 1171 951 1202 Videas
984 1171 1099 1202 CatulL
1126 1170 1198 1200 lxvi.
1222 1173 1271 1200 65.
1298 1179 1343 1204 ac,
1370 1168 1397 1198 si
1422 1168 1560 1205 libuerit,

830 1221 938 1253 caussa
964 1228 1070 1252 tamen
1092 1221 1178 1260 prius
1199 1219 1334 1258 expensi
1358 1219 1488 1256 meritis,
1512 1218 1563 1249 vel

830 1283 917 1303 verso
932 1272 1043 1312 pollice
1057 1281 1130 1301 mea
1144 1270 1295 1301 divinatio
1311 1268 1488 1308 accipiatur.

872 1325 948 1354 Ver.
964 1325 1035 1354 657.
1057 1320 1124 1362 qui:
1149 1321 1171 1351 i.
1188 1332 1215 1351 e.
1230 1330 1292 1360 quo
1307 1319 1417 1350 modo:
1437 1319 1506 1350 vide
1521 1319 1564 1350 ad

826 1377 869 1407 iii.
887 1379 957 1407 758.
1003 1374 1054 1405 Sic
1079 1373 1188 1404 omnia
1213 1371 1368 1411 exempla,
1394 1377 1425 1401 et
1447 1371 1563 1411 scripta.

827 1434 858 1459 et
873 1429 1022 1468 impressa
1037 1427 1126 1467 typis.
1175 1425 1320 1456 Editores
1335 1429 1441 1454 autem
1457 1434 1494 1454 ex
1511 1434 1560 1454 ar-

827 1479 942 1510 bitratu
957 1478 1114 1509 dederunt
1128 1488 1202 1509 cur:
1222 1475 1376 1506 inutiliter
1391 1475 1503 1515 magis,
1519 1485 1562 1506 an

828 1528 1046 1570 impudenter?
1078 1529 1123 1558 Et
1147 1527 1312 1563 inutiliter,
1336 1531 1366 1555 et
1392 1525 1560 1564 impuden-

827 1589 891 1621 ter;
908 1592 1010 1623 neque
1028 1580 1212 1611 Lucretium
1226 1577 1361 1615 reveriti,
1376 1587 1479 1617 neque
1494 1587 1560 1608 cas-

827 1641 875 1665 tos
891 1633 1029 1664 Lucretii
1044 1633 1182 1663 lectores.

870 1688 947 1717 Ver.
967 1689 1038 1717 658.
1053 1696 1135 1716 reve:
1156 1684 1196 1715 O.
1216 1688 1250 1714 Δ.
1268 1689 1309 1713 11.
1328 1687 1362 1712 Σ.
1377 1693 1463 1717 rene;
1480 1681 1560 1711 line-

828 1738 963 1769 amentis
985 1735 1202 1767 consimilibus
1227 1734 1390 1763 literarum
1412 1743 1476 1762 non
1499 1731 1561 1762 dis-

830 1791 932 1822 cretis:
963 1797 1007 1821 Ω.
1023 1801 1056 1820 re
1072 1796 1115 1820 ut.

876 1841 956 1872 Ibid.
979 1843 1066 1871 triste
1080 1846 1110 1870 et
1124 1850 1276 1870 amarum.
1311 1838 1376 1868 Hae
1390 1847 1480 1868 voces
1495 1847 1561 1868 non

831 1903 901 1923 raro
916 1891 1132 1922 indifferenter
1147 1895 1347 1928 usurpantur,
1371 1894 1407 1918 ut
1428 1889 1499 1927 plus
1514 1899 1561 1919 se-

830 1943 894 1973 mel
923 1943 1018 1973 etiam
1043 1941 1078 1971 in
1107 1940 1271 1977 Lucret103
1292 1942 1350 1970 hac
1376 1940 1415 1970 de
1440 1939 1561 1975 caussa,

827 1993 912 2035 quod
927 1992 1104 2024 amaritudo
1119 1997 1251 2032 gustatae
1263 1991 1307 2021 rei
1319 1990 1476 2021 tristitiam
1492 1991 1560 2022 vul-

826 2046 877 2076 tus
891 2045 1002 2085 pariat:
1029 2044 1079 2074 adi
1096 2043 1283 2084 Virgilium,
1296 2053 1364 2083 geo,
1379 2042 1411 2072 ii.
1429 2045 1499 2073 247.
1515 2049 1561 2073 at-

829 2109 891 2139 que
917 2097 1007 2135 adeo,
1039 2096 1151 2126 effectu
1181 2095 1286 2125 locum
1316 2104 1432 2125 caussae
1461 2094 1561 2124 adim-

829 2151 945 2192 plente,
968 2148 1054 2191 quod
1068 2150 1154 2179 triste
1169 2153 1225 2183 est,
1252 2146 1285 2176 id
1300 2157 1393 2176 sensu
1409 2146 1561 2177 secunda-

830 2204 878 2234 rio
911 2216 944 2234 ‘ro
973 2212 1115 2232 amarum
1143 2199 1235 2229 valet.
1298 2199 1336 2228 In
1366 2199 1426 2228 hoc
1455 2204 1563 2228 autem

830 2259 1055 2296 argumentum
1066 2252 1312 2290 Theophrastus,
1323 2250 1361 2280 de
1373 2260 1454 2280 cauS.
1465 2249 1562 2288 plant.

831 2306 868 2336 vi.
885 2310 916 2336 2.
947 2304 1007 2336 εἷεν
1022 2317 1080 2345 γαρ
1095 2309 1199 2333 κωλυει
1216 2316 1264 2332 τον
1279 2303 1343 2341 ἧμιν
1359 2307 1480 2340 γλυκυν,
1500 2301 1561 2330 ἓτε-

828 2372 880 2403 ΡΟΙΞ
897 2369 953 2387 ‘7161
973 2369 1028 2386 ‘fal'
1045 2355 1121 2393 ζωῶν
1137 2367 1201 2384 Slva!
1218 2365 1322 2395 “infov-

879 2412 953 2440 Ver.
981 2411 1052 2438 659.
1070 2407 1234 2446 perdulce.-
1261 2402 1385 2443 proprio
1413 2401 1452 2431 de
1477 2411 1563 2440 penu

830 2461 1028 2503 protulerunt
1043 2457 1188 2494 editores,
1201 2456 1371 2496 proedulce,
1388 2452 1473 2481 libris
1489 2452 1560 2481 uni-

830 2513 923 2544 versis
952 2507 1203 2540 reclamantibus.
1261 2504 1424 2540 Quidnam
1453 2509 1561 2532 autem

830 2567 889 2596 hoc
906 2569 961 2598 est,
985 2561 1010 2591 si
1027 2570 1090 2590 non
1105 2565 1152 2590 est
1173 2558 1207 2588 id
1229 2556 1373 2592 inscitiae,
1396 2560 1560 2584 contume-

830 2617 892 2653 liae,
908 2611 1091 2644 temeritatis
1105 2609 1249 2649 denique,
1266 2605 1540 2645 etsaudaciaesquo

1181 2697 1236 2715 non
1247 2692 1298 2719 est,
1315 2692 1345 2713 ut
1357 2687 1434 2720 copia
1444 2687 1530 2718 maJ'or

861 2737 884 2760 A
893 2738 960 2767 Jove
971 2733 1063 2758 donari
1074 2731 1166 2765 possit.

832 2820 853 2836 “
873 2815 935 2846 Sed
950 2813 1098 2845 facillime
1121 2821 1157 2842 ac
1171 2810 1342 2850 saepissime
1364 2812 1561 2838 commutan-

832 2872 854 2887 “
871 2874 932 2904 tur,
955 2868 995 2898 ob
1011 2864 1185 2905 scriptionis
1199 2861 1434 2902 compendium,
1446 2871 1515 2900 prae
1530 2865 1563 2889 et

833 2923 855 2938 “
866 2919 955 2961 per.'‘
1001 2916 1160 2959 Equidem
1190 2914 1284 2946 audio
1313 2914 1478 2949 hactenus3
1507 2909 1561 2940 sed

777 2986 842 3017 ΚΞ
