1912 3292
811 195 873 242 T.
918 194 1298 243 LUCRETII

476 325 627 367 Labier
646 325 864 368 advorsum
885 327 1063 378 nimbos,
1085 335 1207 383 atque
1226 328 1287 369 ire
1307 342 1481 383 superne

475 399 623 457 Longe
642 400 763 442 aliam
783 401 826 442 in
845 410 1019 456 partem,
1042 417 1090 443 ac
1110 402 1206 457 qua,
1229 403 1401 453 ratione,
1423 402 1621 445 feruntur.

532 475 606 525 At,
629 475 662 515 si
681 474 786 516 forte
805 475 923 516 oculo
943 490 1089 516 manus
1109 477 1181 517 uni
1201 476 1363 518 subdita
1383 477 1520 518 subter

361 552 443 588 450
475 547 626 590 Pressit
647 563 756 599 etun,
779 549 958 604 quodam
978 564 1097 590 sensu
1117 549 1178 600 fit,
1201 551 1284 592 utei
1304 551 1519 593 videantur

477 621 646 671 Omnia,
669 637 762 677 quae
782 623 951 672 tuimur,
974 622 1063 663 fieri
1084 631 1170 664 tum
1190 624 1288 665 bina
1308 625 1486 675 tuundo;

476 695 585 736 Bina
603 695 863 736 lucernarum
881 695 1070 737 florentia
1088 695 1243 738 lumina
1261 697 1451 748 flammis,

332 860 438 890 quom.-
463 849 507 879 sic
519 850 615 881 Vind.
628 850 668 881 V.
685 849 733 882 ed.
749 852 787 883 B.
806 851 846 883 O.
863 856 898 883 A.
913 859 952 884 Π.
965 858 1000 885 Σ.
1013 860 1058 884 Ω..

331 899 437 940 vulgo,
452 906 526 931 tum.

375 961 450 992 Ver.
466 965 538 993 447.
562 963 693 994 Labier:
724 963 816 994 Vind.
834 965 874 995 V.
889 965 937 996 ed.
959 965 999 996 Ο.
1024 970 1059 996 A.

334 1022 375 1046 Π.
386 1020 421 1047 Σ.
436 1023 482 1047 Ω.
495 1017 623 1053 Lacaen-
637 1018 866 1056 permutatione
879 1018 994 1058 passim
1005 1019 1060 1049 ob-

331 1067 390 1105 via,
406 1068 446 1098 ob
461 1068 589 1098 affinem
603 1079 717 1099 sonum
739 1069 901 1101 literarum
915 1072 932 1100 b
947 1076 977 1100 et
991 1082 1061 1102 v.—

331 1121 463 1151 nimbos:
500 1120 674 1151 Lambinus
702 1131 740 1152 ex
769 1122 903 1158 arbitrio,
941 1124 1059 1161 nubez's,

332 1171 550 1210 audacissime3
595 1173 711 1203 multos
755 1179 861 1204 tamen
897 1180 1061 1205 sectatores

333 1230 457 1254 nactus:
483 1225 590 1255 confer
613 1231 767 1264 nostrum,
791 1236 817 1256 ν.
835 1230 905 1258 290.
932 1227 974 1257 vi.
988 1230 1059 1258 483.

334 1276 387 1316 qui
404 1286 444 1306 ne
455 1276 488 1306 in
504 1287 569 1306 uno
583 1277 710 1317 quidem
725 1277 794 1308 loco
809 1278 931 1308 videtur
945 1280 1061 1309 nimbos

330 1328 478 1367 ‘adhibere
489 1329 589 1366 aliter,
604 1340 700 1370 quam
712 1330 890 1369 simpliciter
904 1336 939 1361 ut
950 1332 1042 1362 nubes
1047 1346 1058 1366 ;

334 1379 394 1409 nisi
409 1379 488 1410 forte
502 1379 542 1410 ad
558 1379 602 1410 iii.
618 1383 666 1412 19.
690 1381 729 1411 ob
748 1381 941 1412 Homeream
955 1381 1059 1412 imita-

333 1429 460 1460 tionem.
494 1430 660 1471 Virgilius,
679 1431 753 1461 AEn.
770 1431 800 1462 ii.
817 1436 888 1463 616.

362 1520 423 1549 Jam
433 1524 552 1542 summas
563 1518 629 1542 arcis
637 1518 774 1548 Tritonia,
782 1517 897 1550 respice!
917 1518 997 1543 Pallas

363 1556 473 1588 Insedit,
484 1557 566 1582 nimbo
577 1557 715 1590 effulgens,
727 1562 754 1583 et
767 1558 894 1590 Gorgone
905 1557 988 1582 saeva.

334 1641 503 1677 Compares
520 1639 593 1668 AEn.
606 1638 647 1668 vi.
665 1640 736 1670 590.
753 1638 802 1668 vii.
822 1642 892 1668 145.
910 1638 972 1668 viii.
988 1641 1059 1669 6252.

332 1695 363 1719 et
381 1689 532 1727 Servium,
557 1689 597 1719 ad
619 1689 637 1718 i.
662 1693 851 1729 80.—atque
867 1692 928 1720 ire:
956 1689 996 1719 V.
1012 1689 1060 1719 ed.

334 1748 378 1773 Ω.
407 1749 440 1773 αι
463 1753 579 1783 quaere;
621 1742 660 1773 Ο.
692 1754 729 1773 ac
763 1753 913 1783 quaerere5
954 1747 989 1773 Δ.
1023 1753 1060 1774 ac

331 1793 445 1834 quarej
475 1801 514 1825 n.
533 1799 566 1826 Σ.
587 1806 624 1825 ac
639 1806 740 1835 quere.

375 1853 448 1883 Ver.
465 1857 536 1883 448.
559 1865 596 1884 ac
619 1851 698 1893 qud:
735 1854 779 1884 sic
805 1855 1061 1885 membranarum

332 1911 363 1935 et
385 1904 675 1945 antiquissimorum
698 1906 780 1946 typis
795 1916 1010 1945 expressorum
1025 1906 1062 1936 li-

332 1957 459 1986 brorum
481 1957 649 1987 auctoritas
670 1967 722 1987 me
744 1958 847 1998 co'e'git
868 1958 1008 1994 scribere,
1031 1963 1063 1988 et

331 2005 493 2036 elisionem
524 2008 776 2046 praeterinittere3
812 2009 896 2049 quod
933 2009 965 2038 in
1003 2009 1060 2039 hac

333 2067 407 2088 sane
432 2058 549 2088 caesura
579 2058 812 2099 stequentavere
847 2059 1000 2100 Virgilius
1030 2066 1062 2090 et

330 2109 384 2140 alii
399 2109 560 2140 castissimi
583 2111 690 2149 po'etae.
736 2111 814 2141 Pius
829 2111 931 2150 posuit
952 2122 1059 2143 emen-

331 2162 403 2193 date
418 2163 502 2201 satis,
529 2163 590 2194 nisi
612 2171 768 2194 recentem
790 2171 992 2194 correctorem
1011 2175 1058 2194 sa-

330 2219 426 2253 peret,
443 2225 536 2253 quam
552 2225 627 2254 quo;
652 2214 747 2249 etita,
764 2215 816 2254 qui
835 2221 976 2245 nostrum
991 2225 1059 2254 pos-

331 2271 381 2295 tea
397 2263 561 2294 ediderint.
585 2264 682 2295 Vind.
700 2265 739 2295 V.
763 2265 811 2296 ed.
835 2271 870 2296 A.
895 2271 928 2297 Σ.
951 2277 1056 2306 αμα),-

331 2319 369 2349 Β.
385 2319 422 2349 L.
448 2325 488 2350 Π.
510 2331 605 2360 aque;
634 2320 681 2350 M.
701 2327 807 2360 alque;
834 2321 874 2351 O.
896 2327 940 2352 Ω.
966 2333 1057 2362 quam

330 2381 416 2410 nque.
462 2369 561 2400 Vides
575 2371 631 2401 has
645 2381 754 2401 omnes
776 2371 964 2411 corruptelas
980 2372 1059 2402 nihil

331 2420 418 2451 aliud
433 2420 511 2451 velle
526 2431 614 2460 posse
629 2432 723 2462 quam
738 2433 775 2453 ac
791 2422 851 2462 qud
858 2439 869 2459 ,·
896 2433 970 2453 nam
985 2433 1057 2454 cen-

331 2473 390 2503 ties
413 2472 445 2502 in
468 2473 516 2503 his
538 2473 624 2504 libris
645 2486 664 2504 a
696 2480 727 2506 et
756 2485 784 2505 ιε
815 2475 946 2506 confusa
977 2481 1058 2506 sunt.

335 2524 534 2564 Cogitabam:

362 2606 455 2638 Longe
466 2606 545 2631 aliam
556 2607 583 2631 in
596 2610 713 2638 partem,
731 2614 760 2632 nc
779 2607 832 2640 qud
851 2607 882 2632 de
898 2608 1002 2634 ratione
1019 2608 1058 2634 fe-

487 2648 598 2670 runtur:

333 2725 388 2755 sed
410 2728 532 2757 numeri
562 2738 627 2759 non
658 2728 770 2760 leniter
800 2729 978 2761 decurrunt.
1026 2731 1058 2761 Si

331 2776 401 2815 quis
423 2783 479 2814 est,
505 2778 559 2818 qui
581 2779 742 2818 pulchrius
763 2780 868 2811 locum
891 2782 1059 2812 restituerit

334 2836 371 2856 ex
405 2827 578 2866 scriptionis
609 2830 782 2869 depravatae
813 2832 968 2870 ductibus,
1001 2842 1058 2871 pro

332 2886 449 2918 magno
465 2877 615 2919 Apolline
634 2891 690 2912 nos
705 2881 837 2913 libenter
858 2883 1057 2922 accipiemus,

1059 2944 1080 2971 5

1103 861 1135 886 et
1155 856 1322 895 mandatis,
1347 857 1435 897 quasi
1460 866 1498 888 ex
1521 856 1642 897 tripode
1663 856 1825 896 profantis,

1103 908 1315 948 obsequemur.

1145 958 1221 988 Ver.
1236 961 1309 990 449.
1330 960 1358 989 si
1378 960 1494 990 subter:
1521 959 1560 989 V.
1575 959 1622 990 ed.
1636 970 1666 990 se
1681 960 1802 991 subiter.

1149 1016 1220 1047 Ver.
1236 1020 1308 1048 450.
1330 1028 1418 1048 eum:
1442 1017 1486 1047 sie
1501 1017 1537 1048 L.
1554 1016 1602 1047 M.
1624 1022 1658 1048 A.
1674 1023 1708 1049 Σ.
1726 1025 1770 1049 Ω..
1792 1023 1824 1048 et

1105 1068 1210 1107 prob0‚
1236 1068 1276 1098 ob
1297 1067 1329 1098 ii.
1352 1071 1423 1098 805.
1458 1068 1599 1108 quamvis
1622 1067 1691 1098 libri
1712 1068 1825 1109 reliqui

1104 1119 1245 1155 habeant,
1261 1128 1319 1149 nec
1334 1119 1425 1154 male,
1441 1129 1528 1150 cum.-
1554 1118 1623 1149 vide
1638 1128 1698 1150 ver.
1711 1122 1828 1150 360.—

1103 1172 1169 1201 utei
1176 1183 1186 1200 .·
1211 1169 1265 1200 sed
1279 1180 1388 1200 omnes
1403 1169 1485 1209 libri,
1502 1177 1544 1206 ut,
1566 1176 1720 1212 quantum
1734 1169 1826 1201 intel-

1104 1221 1168 1262 ligo
1175 1233 1184 1259 ;
1208 1221 1329 1251 solenni
1344 1227 1477 1260 peccato.

1148 1274 1223 1304 Ver.
1241 1276 1313 1304 451.
1335 1284 1421 1314 quae:
1445 1273 1483 1304 Β.
1506 1285 1612 1314 quem;
1635 1273 1719 1304 haud
1734 1273 1830 1305 dubie

1104 1334 1161 1364 pro
1185 1331 1416 1364 quum—tum.-
1455 1325 1504 1356 M.
1533 1336 1596 1364 um,
1622 1324 1829 1364 suprascripto

1104 1381 1147 1406 ut.

1146 1427 1221 1457 Ver.
1237 1430 1309 1459 452.
1321 1430 1489 1469 florencia:
1517 1428 1557 1459 0.
1574 1434 1614 1459 n.
1626 1430 1826 1470 flagrantia,-

1104 1489 1275 1518 perperam,
1299 1485 1330 1510 et
1344 1479 1480 1510 fortassis
1503 1490 1539 1510 ex
1558 1480 1826 1520 interpretatione:

1103 1540 1167 1560 non
1189 1530 1278 1560 aliter
1300 1537 1406 1560 tamen
1428 1531 1501 1561 citat
1520 1531 1721 1571 Cruquianus
1742 1541 1828 1561 com·

1103 1587 1268 1617 mentam,
1284 1581 1324 1611 ad
1341 1582 1451 1612 Horat.
1467 1588 1520 1612 sat.
1537 1582 1568 1612 ii.
1588 1585 1613 1612 l.
1629 1585 1680 1614 25.

1149 1631 1228 1662 lbid.
1241 1634 1391 1673 florentia
1417 1635 1536 1663 lumina
1551 1635 1705 1673 flammis.
1750 1633 1828 1664 Ter-

1104 1682 1264 1718 tullianus,
1296 1683 1375 1722 apol.
1401 1693 1466 1723 cap.
1491 1687 1540 1714 11.
1581 1687 1604 1702 ‘²
1621 1684 1705 1714 Vani
1739 1690 1831 1715 erunt

1106 1737 1128 1752 “
1144 1734 1297 1771 homines,
1320 1735 1380 1764 nisi
1395 1735 1469 1765 certi
1487 1736 1561 1772 sint,
1581 1746 1601 1766 a
1615 1736 1786 1775 primordio
1799 1743 1831 1768 et

1106 1789 1128 1804 ‘⁶
1144 1785 1264 1825 pluvias
1285 1785 1325 1817 de
1345 1786 1424 1816 coelo
1446 1787 1554 1826 ruisse,
1587 1793 1619 1818 et
1649 1787 1752 1819 sidera
1780 1799 1830 1819 ra-

1106 1840 1128 1855 “
1144 1837 1255 1876 diasse‚
1293 1845 1324 1868 et
1355 1840 1474 1870 lumina
1495 1839 1720 1880 floruisse—.''
1774 1839 1830 1872 Ad

1105 1899 1199 1929 quem
1233 1889 1338 1920 locum
1369 1890 1495 1921 abunde
1516 1891 1732 1932 exemplorum
1753 1902 1827 1923 oon-

1105 1940 1199 1981 gessit
1214 1941 1321 1972 Desid.
1340 1941 1508 1973 Heraldus.

1602 1995 1827 2027 Bima-ttius.

1105 2044 1246 2074 Accedat
1267 2054 1358 2083 porro
1379 2045 1521 2076 sublimis
1544 2046 1672 2085 Statius,
1695 2047 1794 2078 Theb.
1809 2047 1828 2078 i.

1103 2099 1175 2126 210.

1451 2171 1557 2196 radiant
1566 2172 1667 2203 majore
1677 2179 1770 2198 sereno

1134 2209 1269 2239 culmina,
1279 2214 1318 2239 et,
1333 2217 1430 2235 arcano
1440 2211 1560 2241 florentes
1569 2211 1674 2242 Iumine,
1685 2216 1788 2244 postes:

1102 2286 1138 2310 ut
1152 2280 1225 2311 ibid.
1241 2280 1272 2310 ii.
1289 2284 1359 2312 276.
1406 2281 1493 2312 Hinc
1520 2288 1600 2313 recte
1625 2283 1727 2323 capias
1753 2284 1826 2315 Ma-

1101 2344 1221 2370 ronem,
1243 2333 1283 2364 ad
1302 2335 1376 2365 AEn.
1391 2334 1441 2366 vii.
1458 2339 1530 2367 804.

1420 2415 1447 2438 et
1455 2413 1575 2444 florentes
1586 2420 1637 2439 aere
1646 2418 1767 2441 catervas
1774 2423 1783 2440 =

1101 2484 1197 2515 quem
1211 2476 1351 2514 passibus
1365 2476 1462 2516 aequis
1481 2477 1621 2518 sequitur
1635 2478 1826 2519 elegantissi-

1102 2536 1173 2556 mus
1190 2525 1345 2564 Valerius,
1364 2528 1440 2568 Arg.
1456 2537 1483 2558 ν.
1499 2531 1571 2560 565.

1327 2604 1404 2629 variis
1412 2604 1488 2635 floret
1499 2605 1542 2631 via
1551 2605 1665 2632 discolor
1673 2605 1761 2638 ᾳνηιὶε.

1103 2675 1274 2715 Magnifice
1291 2677 1481 2716 Xenophon,
1507 2678 1618 2718 Cyrop.
1634 2678 1672 2708 vi.
1694 2679 1753 2709 sub
1772 2679 1824 2710 flu.

1101 2726 1170 2760 daga-s
1188 2739 1338 2767 nerpoeaeero
1351 2741 1403 2768 μεν
1420 2735 1545 2769 zai-my,
1569 2735 1690 2760 ΗΝΘΕῙ
1715 2729 1742 2761 δε
1765 2738 1826 2771 φοι-

1103 2790 1192 2813 mmm,
1210 2790 1293 2809 2·oeaeoe
1309 2780 1325 2812 ἦ
1340 2792 1474 2821 στρατια·
1500 2779 1666 2819 Apuleius,
1678 2788 1749 2812 met.
1763 2782 1825 2814 viii.

1102 2830 1264 2860 thesaurus
1278 2830 1517 2871 elegantiarum:
1545 2835 1567 2851 “
1584 2833 1670 2863 Luce
1685 2833 1777 2870 clara,
1793 2839 1825 2869 et

1103 2885 1125 2900 “
1141 2881 1191 2912 die
1202 2881 1269 2922 jam
1286 2889 1438 2922 provecto,
1458 2889 1490 2915 et
1503 2886 1562 2916 sole
1573 2885 1723 2927 florido.”
1756 2885 1823 2926 Ap-
