1912 3292
484 213 719 262 LIBER
767 212 1119 261 TERTIUS.

1483 222 1539 263 51

193 351 266 393 Ille
285 354 397 390 metu
415 345 534 409 citius
553 343 690 399 paullo
710 350 912 394 tentetur3
945 351 988 384 at
1007 343 1074 385 isse

195 423 360 465 Tertius
380 419 561 474 adcipiat
580 418 773 475 quaedam
793 418 1032 460 clementius
1052 433 1189 475 aequo:

83 503 165 540 315
197 498 330 552 Inque
350 494 436 536 aliis
457 494 578 535 rebus
597 493 735 535 multis
755 493 920 535 differre
939 508 1103 535 necesse
1124 500 1184 534 est

192 570 372 613 Naturas
393 569 613 610 hominum
632 569 780 619 varias,
802 583 1018 624 moresque
1038 567 1266 624 sequaceis3

196 645 389 694 Quorum
409 659 488 701 ego
507 658 620 685 nunc
638 657 800 699 nequeo
820 657 948 684 caecaS
973 656 1181 697 OXPOIIel'e
1199 656 1374 692 caussas,

191 719 282 761 Nec
303 718 485 774 reperire
503 717 733 774 figurarum
752 724 816 759 tot
835 716 1020 767 nomina,
1048 723 1150 772 quot
1169 724 1265 757 sunt

91 876 166 906 Ver.
181 878 252 907 308.
267 876 428 906 doctrina.-
450 880 492 906 Π.
506 880 640 905 natura:
666 873 706 905 de
717 884 780 915 quo

49 937 164 969 genere
188 926 383 966 corruptelae,
408 925 517 957 redeas
538 925 579 956 ad
593 925 677 956 dicta
698 926 733 956 in
747 925 779 956 ii.

52 983 124 1012 560.
143 981 236 1009 1041.

93 1029 175 1060 Ibid.
193 1031 334 1061 doctrina
344 1031 464 1070 politos.
505 1029 624 1066 Cicero,
640 1029 725 1068 epist.
742 1029 782 1060 ad

48 1081 146 1113 famil.
169 1082 235 1113 xiii.
258 1086 353 1113 l.—“
369 1088 417 1113 est
440 1082 526 1112 enim
549 1081 637 1112 omni
661 1081 783 1112 liberali

55 1138 80 1153 ‘⁶
95 1132 237 1165 doctrin&
248 1133 524 1174 politissimus—3²

93 1184 170 1216 Ver.
193 1187 267 1215 510.
292 1183 438 1216 Natura:
473 1185 493 1215 i.
518 1195 543 1215 e.
576 1186 610 1216 in
642 1184 778 1215 Natura:

51 1241 99 1274 ut,
126 1235 262 1274 exempli
288 1235 455 1276 singularis
477 1235 590 1276 gratia,
616 1235 782 1276 Virgilius,

54 1287 129 1318 AEn.
144 1287 186 1317 ix.
201 1291 275 1318 590.

401 1359 454 1392 qud
465 1362 493 1385 te
504 1359 602 1391 regione
613 1358 723 1392 reliqui?

53 1422 105 1454 Sic
119 1422 227 1453 omnia
240 1423 438 1462 exemplaria,
454 1422 504 1453 vel
514 1422 607 1459 edita,
619 1422 668 1453 vel
681 1422 779 1454 MSS.

50 1474 185 1506 editores
200 1480 318 1513 tamen,
333 1475 481 1506 audacter
490 1475 604 1516 magis,
614 1485 654 1506 an
664 1474 777 1506 stulte?

50 1535 91 1556 ex
124 1525 251 1557 arbitrio
277 1527 414 1557 Mnurae
443 1529 778 1566 reposuere-animi.-

53 1578 92 1610 Β.
106 1578 144 1610 L.
162 1579 210 1609 M.
227 1579 268 1620 (si
290 1578 415 1609 credere
436 1579 477 1610 sit
490 1579 640 1620 dignum)
655 1582 780 1610 anz'mae·

52 1629 95 1661 In
108 1630 269 1661 nonnullis
283 1631 390 1670 priscis
404 1631 563 1662 codicibus
577 1631 630 1662 Pii
653 1632 697 1662 sic
713 1642 780 1662 ver-

53 1691 107 1712 sus
120 1681 296 1722 legebatur:

114 1756 225 1780 Naturae
237 1755 365 1787 cujusque
374 1755 477 1780 animus
487 1756 599 1788 vestigia
609 1756 712 1788 prima:

55 1817 216 1856 mendose,
230 1824 267 1848 ut
283 1824 404 1858 putem,
419 1829 476 1858 pro
489 1821 612 1850 animis.

99 1878 181 1910 Ibid.
202 1881 327 1919 vestigia
336 1882 462 1920 prima:
487 1890 613 1919 nempe,
635 1879 713 1911 hora
727 1890 783 1910 na·

55 1929 111 1961 tali
132 1930 283 1970 impressa
304 1931 483 1972 unicuique.
518 1931 684 1973 Virgilius,
707 1933 783 1963 AEn.

57 1991 87 2012 x.
103 1985 174 2013 285.

228 2056 391 2089 egressisque
401 2057 494 2082 labant
504 2056 616 2089 vestigia
625 2057 719 2090 prima.

0 2137 3 2158 :
54 2126 204 2169 Longum
227 2134 334 2160 autem
355 2129 498 2160 dicamus
519 2129 587 2160 vale
609 2129 782 2173 απροςδωνυ·

53 2193 95 2222 σῳ
110 2181 322 2222 Havercampi
335 2183 532 2224 conjecturae,
552 2186 656 2224 priva,
676 2184 784 2215 minus

0 2247 5 2257 >
55 2232 204 2273 eleganti,
228 2233 254 2263 si
281 2233 450 2265 lectionem
478 2241 636 2274 receptam
664 2242 783 2276 spectes

0 2275 2 2325 J
55 2282 198 2323 interius,
213 2289 245 2315 et
258 2285 347 2316 nullo
361 2285 458 2317 modo
472 2287 662 2318 necessariae.

99 2341 177 2374 Ver.
193 2347 265 2375 311.
282 2345 346 2376 His
357 2346 529 2377 concinunt
543 2346 597 2377 illa
605 2347 783 2385 Venusina,

0 2436 3 2444 .
59 2393 191 2425 alteram
204 2396 352 2428 humanae
362 2398 493 2429 culturae
507 2404 629 2437 partem
643 2399 785 2439 quamvis

58 2445 254 2485 respicientia
264 2458 272 2478 ε

74 2519 205 2544 Naturam
215 2520 334 2552 expellas
343 2521 432 2553 furca,
441 2525 535 2548 tamen
545 2530 630 2554 usque
640 2527 771 2555 recurret,

74 2558 109 2582 Et
119 2558 191 2583 mala
201 2564 360 2593 perrumpet
369 2562 466 2587 sensim
476 2561 592 2594 fastidia,
603 2563 714 2589 victrix.

101 2629 182 2661 Ibid.
197 2633 350 2663 radicitus
364 2634 450 2665 evelli
455 2647 466 2664 :
485 2635 652 2676 εκριζει-οαι.
669 2636 785 2667 Trans-

60 2679 136 2711 latio
150 2687 197 2712 est
217 2683 416 2723 scriptoribus
431 2695 468 2716 ex
482 2686 606 2726 agraria
626 2697 660 2718 re
675 2688 782 2728 petita.

3 2742 5 2757 ε
62 2730 155 2764 Idem
169 2734 312 2775 Flaccus,
326 2737 412 2777 epist.
428 2737 448 2768 i.
471 2741 519 2769 14.
535 2741 565 2769 4.

91 2805 243 2840 certemus,
252 2809 339 2842 spinas
347 2810 474 2838 animone
484 2818 535 2845 ego
546 2813 652 2844 fortius,
663 2820 697 2838 an
709 2817 740 2839 tu

95 2845 201 2872 Evellas
210 2856 311 2882 αμα-η

108 2907 179 2941 Ver.
194 2914 265 2943 312.
301 2916 401 2950 Quin:
431 2916 470 2947 V.
496 2917 542 2948 ed.
570 2925 610 2949 Π.
641 2920 787 2956 Quando,-

823 879 860 905 ut
873 879 1010 905 erratum
1025 873 1142 914 passim
1155 874 1407 905 est—decurrat.
1446 872 1483 904 L.
1498 875 1549 904 ‹lc-

823 928 932 957 currit.

869 977 943 1007 Ver.
957 980 1030 1007 513.
1052 982 1200 1007 tentetur:
1226 976 1268 1006 V.
1284 975 1331 1006 ed.
1354 975 1393 1006 O.
1411 980 1445 1007 Δ.
1470 983 1552 1007 tene-

825 1035 894 1064 tur;
940 1027 1027 1058 unde
1062 1027 1215 1068 conjicere
1250 1027 1357 1067 possis,
1394 1034 1532 1059 teneatur
1540 1042 1550 1058 .-

826 1079 912 1122 quod
927 1085 1034 1110 tamen
1054 1080 1161 1110 minus
1181 1086 1351 1110 venustum
1365 1080 1457 1111 foret:
1483 1080 1554 1111 vide

826 1133 847 1163 i.
863 1135 936 1164 581.
951 1131 992 1162 vi.
1010 1135 1100 1163 1249.
1123 1137 1160 1161 ut
1173 1131 1269 1161 etiam
1285 1131 1370 1162 alibi.
1416 1132 1552 1171 Plinius,

826 1189 889 1214 nat.
904 1183 974 1213 hist.
990 1181 1095 1212 xxviii.
1110 1185 1161 1212 43.
1187 1186 1210 1200 ‘⁶
1227 1181 1321 1211 Hirci
1331 1181 1436 1222 jecore
1450 1183 1552 1223 impo-

828 1240 851 1255 “
866 1235 937 1273 sito,
961 1244 1002 1264 ne
1026 1236 1142 1264 tentari
1155 1233 1284 1274 quidem
1298 1244 1387 1275 aquae
1401 1241 1482 1265 melu
1509 1235 1555 1265 af-

827 1290 850 1305 “
866 1284 1024 1316 firmant.”
1069 1285 1173 1316 Voces
1194 1291 1301 1315 autem
1322 1292 1402 1316 tento
1421 1292 1453 1317 et
1471 1292 1554 1318 teneo

825 1336 987 1378 aliquoties
1001 1336 1108 1367 scribis
1118 1336 1271 1367 confundi
1287 1336 1385 1367 solere
1396 1338 1475 1368 bene
1487 1348 1553 1368 me-

822 1390 902 1422 mini
908 1401 918 1427 ;
934 1389 990 1420 sed
1004 1389 1072 1419 loca
1089 1389 1157 1430 jam
1176 1399 1263 1420 nunc
1277 1399 1343 1420 non
1358 1397 1553 1421 succurrunt.

823 1441 990 1480 Horatius,
1006 1447 1060 1472 sat.
1076 1440 1096 1472 i.
1113 1444 1144 1472 4.
1162 1444 1244 1471 131..

1173 1507 1363 1540 mediocribus,
1373 1511 1402 1534 et
1412 1509 1486 1540 queis

886 1551 1022 1582 Ignoscas,
1032 1548 1103 1573 vitiis
1113 1551 1205 1573 teneor.

824 1614 979 1652 Fortasse,
1006 1619 1122 1644 tentor:
1146 1612 1217 1643 vide
1232 1612 1318 1652 epist.
1334 1613 1354 1643 i.
1376 1616 1424 1643 18.
1442 1617 1492 1644 80.
1508 1619 1553 1644 at-

824 1677 886 1707 que
901 1666 942 1696 ad
963 1667 1050 1696 hunc
1068 1664 1202 1695 modum
1223 1676 1257 1696 re
1285 1664 1359 1696 vera
1382 1665 1497 1706 legitur
1521 1662 1555 1697 in

825 1718 992 1757 Delphini,
1007 1727 1102 1758 quam
1116 1723 1239 1756 vocant,
1255 1716 1400 1748 editione.

869 1770 945 1800 Ver.
967 1773 1039 1799 314.
1063 1771 1221 1809 adcipiat:
1255 1769 1295 1800 O.
1312 1774 1348 1800 Δ.
1371 1771 1556 1810 accipiet.—

826 1833 930 1862 oequo:
957 1827 999 1851 11.
1013 1826 1041 1851 et
1057 1832 1133 1860 quo‚·
1157 1820 1179 1851 i.
1198 1831 1223 1851 e.
1242 1824 1260 1851 ἔ
1273 1832 1341 1861 quo.

872 1872 945 1902 Ver.
967 1874 1040 1902 516.
1063 1873 1233 1911 sequacez's:
1269 1873 1291 1890 ‘⁶
1308 1871 1361 1913 qui
1385 1878 1558 1913 sequuntur

829 1928 852 1942 ‘⁶
869 1923 1021 1964 cujusque
1050 1922 1227 1953 naturam.'’
1272 1922 1324 1953 Sic
1354 1923 1432 1953 Pius
1459 1929 1558 1961 recte3

827 1985 903 2004 nam
924 1984 1089 2014 perperam
1110 1973 1284 2005 Lambinus
1306 1974 1346 2005 de
1360 1975 1559 2016 fleaeibz‘lz'late

826 2036 954 2057 morum
969 2025 1130 2056 intellexit.

869 2079 945 2109 Ver.
960 2081 1033 2110 517.
1055 2090 1180 2110 caussas
1198 2090 1350 2119 exponere.
1394 2079 1555 2120 Lucanus,

826 2131 848 2162 i.
866 2133 917 2163 67.

857 2205 919 2230 Fert
929 2204 1034 2229 animus
1044 2211 1147 2229 caussas
1157 2206 1296 2230 tantarum
1307 2208 1431 2237 exponere
1437 2212 1540 2231 rerum:

827 2269 871 2299 sic
895 2268 982 2299 enim
1008 2278 1073 2299 non
1094 2268 1178 2299 male
1191 2268 1308 2309 legitur
1332 2268 1366 2298 in
1381 2269 1502 2309 optimo
1525 2274 1556 2299 et

826 2319 1038 2350 vetustissimo
1065 2320 1173 2350 codice
1201 2319 1366 2351 Vossiano.
1416 2320 1556 2361 Reliqui,

826 2383 1006 2412 exp-ornere.
1051 2372 1153 2403 Haud
1181 2372 1272 2402 aliter
1303 2372 1448 2411 Ovidius,
1486 2372 1554 2402 fast.

828 2423 870 2454 iii.
887 2427 961 2455 725.

890 2491 1022 2516 Carminis
1032 2491 1111 2523 hujus
1121 2499 1198 2524 opus,
1208 2499 1311 2516 caussas
1320 2494 1457 2523 exponere.-

828 2554 884 2585 ubi
907 2554 1050 2586 similiter
1072 2555 1144 2586 libri
1168 2555 1274 2595 scripti
1299 2554 1469 2593 fluctuant;
1497 2565 1557 2587 nec

828 2607 936 2637 minus
949 2607 990 2638 ad
1004 2605 1143 2643 Livium,
1159 2606 1210 2638 vii.
1224 2610 1276 2636 51.
1289 2608 1317 2636 ὃ.
1340 2606 1396 2637 ubi
1410 2606 1557 2638 Draken-

829 2658 974 2689 borchius
998 2658 1130 2689 omnino
1155 2657 1366 2688 consulendus
1387 2658 1558 2689 est—Cae-

827 2715 944 2750 terum,
960 2711 1026 2741 vice
1039 2721 1166 2751 nequeo,
1181 2710 1281 2741 Vind.
1295 2722 1400 2751 neque.

871 2761 953 2792 Ibid.
978 2761 1084 2792 Verba
1097 2773 1208 2802 expono
1230 2767 1262 2792 et
1274 2773 1411 2803 expromo
1426 2762 1558 2794 confusa

828 2812 919 2844 video
933 2813 967 2843 in
983 2813 1121 2853 pulchris
1137 2814 1275 2845 versibus
1289 2813 1491 2854 Tertulliani,
1517 2814 1564 2846 de

827 2865 896 2906 jud.
920 2865 1019 2897 Dom.
1036 2876 1097 2897 ver.
1111 2869 1162 2897 55.
1184 2866 1387 2909 dignissimis,
1409 2867 1464 2908 qui
1479 2866 1560 2898 lauti

832 2917 955 2950 lectoris
969 2919 1061 2950 oculo
1076 2919 1218 2959 puriores
1232 2920 1449 2962 subjiciantur:
