1912 3292
513 201 740 251 LIBER
799 197 1146 247 TERTIUS.

1483 207 1567 252 171

220 340 330 382 Nam
348 341 485 392 petere
505 332 724 387 inperium,
746 329 859 386 quod
878 331 1001 370 inane
1021 338 1095 379 est,
1118 343 1194 371 nec
1209 328 1332 371 datur
1349 344 1566 387 umqufflm

216 414 357 468 Atque
374 411 419 450 in
438 423 488 449 eo
507 421 667 462 semper
686 405 839 446 durum
860 404 1042 446 subferre
1061 404 1263 454 laborem

214 486 349 528 Hocc’
368 490 442 532 est,
468 482 643 523 advorso
662 481 874 522 nixantem
895 479 1061 520 trudere
1078 487 1222 519 monte

214 560 387 600 Saxum:
416 557 528 613 quod
549 563 686 598 tamen
706 570 731 597 a
750 569 911 597 summo
924 555 1013 610 jam
1033 553 1187 594 vortice
1207 566 1370 594 rursum

110 713 181 744 Ver.
200 716 290 743 1010.
314 714 429 744 Inbibz't
438 719 550 753 petere.
585 713 637 743 Ita
650 711 791 752 loquitur

66 766 114 797 M.
130 764 266 803 Tullius,
292 774 348 804 pro
363 765 401 795 P.
419 765 528 800 Quint.
543 768 573 795 6.
609 767 630 782 “
648 764 742 800 Quod
764 764 789 793 si

63 820 86 836 “
102 817 203 855 facere
228 816 317 853 nolit,
347 821 440 857 atque
465 817 608 847 inhibeo-it
633 815 787 856 ejusmodi

62 872 86 888 “
100 869 272 900 rationibus
299 868 391 899 illum
421 868 460 899 ad
492 878 562 898 suas
594 869 788 899 conditiones

63 922 276 960 “perdmere,
305 930 370 950 sese
399 919 479 949 nihil
506 919 699 959 precari—‚⁹²
744 921 788 951 Et

59 978 174 1010 noster,
189 972 230 1002 vi.
247 974 296 1003 71.
340 971 523 1002 Lambinus.

103 1024 184 1054 Ibid.
209 1023 382 1064 Ingenium
403 1024 464 1054 loci
486 1024 650 1065 utriusque
667 1023 787 1065 liquido

59 1075 202 1112 ostendit,
241 1075 415 1106 Horatium
443 1075 582 1106 Lucretii
612 1086 786 1107 memorem

58 1127 165 1164 fuisse,
189 1126 229 1157 ad
251 1127 337 1166 epist.
352 1127 372 1157 i.
393 1131 439 1158 16.
455 1130 506 1158 55.
529 1127 614 1168 quod
635 1128 785 1158 Lambini

61 1187 186 1219 quoque
199 1177 374 1208 doctrinam
389 1188 454 1208 non
469 1178 594 1219 effugit:

91 1255 143 1286 Qui
153 1255 228 1280 dedit
239 1255 317 1280 hocc’
333 1256 423 1286 hodie,
440 1263 507 1286 σεε,
523 1257 546 1280 si
564 1256 647 1286 voiet,
667 1255 784 1282 auferet:

214 1300 256 1324 ut,
267 1303 310 1327 qm

89 1334 221 1358 Detulerit
229 1334 314 1365 fascis
325 1334 445 1366 indigno,
457 1335 582 1360 detrahet
593 1335 674 1360 idem.

89 1375 109 1387 “
119 1375 200 1403 Pone,
217 1380 312 1398 meum
332 1375 410 1404 est3'’
431 1374 534 1406 inquit:
552 1382 634 1407 pono,
651 1375 786 1407 tristiSque

212 1413 318 1438 recedo.

58 1480 109 1511 Ita
122 1480 355 1512 rescribendum
369 1482 511 1522 arbitror,
523 1492 580 1523 pro
591 1485 636 1515 si:
657 1487 676 1503 “
688 1483 782 1520 idem,

55 1535 80 1550 “
95 1534 151 1572 qui
164 1531 321 1571 detulerit,
344 1532 523 1565 detrahet:”
546 1535 681 1574 populus
703 1535 784 1567 scfli-

58 1589 114 1614 cet.
158 1584 262 1615 Aliter
275 1595 388 1616 manca
402 1591 449 1616 est
462 1587 665 1618 constructio.

99 1635 173 1667 Ver.
191 1639 283 1668 1011.
307 1639 416 1669 Nam.-
444 1645 486 1669 Π.
512 1641 601 1670 Nec.-
627 1646 659 1669 et
673 1639 716 1669 V.
735 1639 783 1670 ed.

55 1696 128 1717 mox
143 1699 219 1727 meo,
230 1688 298 1719 vice
309 1691 342 1720 in
354 1700 401 1729 eo,
416 1689 502 1719 falsis
512 1689 674 1720 literarum
685 1689 783 1720 linea-

59 1739 181 1770 mentis.
464 1776 467 1779 ,

100 1790 174 1821 Ver.
193 1794 286 1822 1012.
307 1794 421 1824 durum
446 1794 586 1824 laborem.
630 1793 682 1824 Ita
708 1793 783 1823 Vir-

55 1840 162 1881 gilius,
179 1842 258 1873 AEn.
274 1842 338 1873 viii.
353 1844 426 1875 580.

118 1919 152 1942 Et
161 1918 256 1943 durum
270 1920 363 1944 AEneae
375 1918 508 1945 flevissem
519 1925 591 1952 saepe
601 1919 720 1945 laborem.

96 1984 172 2014 Ver.
189 1988 282 2016 1015.
302 1986 478 2016 nixantem:
505 1993 546 2017 Π.
561 1989 610 2018 viz*
624 1994 782 2018 autem.—

53 2041 169 2067 monte:
187 2035 286 2066 Vind.
298 2036 339 2066 V.
352 2035 400 2067 ed.
416 2037 452 2067 L.
467 2043 507 2068 Π.
521 2042 556 2069 Σ.
573 2044 619 2068 Ω.
633 2044 778 2075 montem,-

53 2086 107 2117 sed
121 2091 204 2117 certe
217 2085 454 2118 mendosissime
470 2088 626 2120 varietate.

56 2138 224 2175 Caeterum,
244 2139 279 2169 in
294 2140 352 2171 hac
367 2139 573 2180 descriptione
588 2140 785 2183 exsequenda

55 2189 129 2219 totis
142 2189 269 2228 viribus,
284 2190 349 2231 qua
363 2193 530 2222 verborum
547 2192 696 2232 efficacia,
723 2192 785 2235 qua

54 2251 261 2272 numerorum
275 2243 417 2283 artificio,
434 2244 541 2275 locum
557 2245 693 2276 Homeri
708 2256 782 2276 con-

54 2292 345 2331 summatissimum,
361 2296 482 2326 nemini
498 2307 562 2327 non
577 2303 701 2336 notum,
716 2298 783 2328 Lu-

56 2348 171 2378 cretius
186 2349 296 2388 pressis
309 2350 447 2390 vestigiis
460 2351 628 2381 aemulatus
642 2357 703 2389 est3
727 2361 782 2382 ne·

57 2409 118 2438 que
133 2405 263 2430 conatus
279 2400 358 2441 ejus,
385 2412 456 2432 meo
477 2402 611 2442 judicio,
637 2402 783 2433 successi-

58 2450 116 2480 bus
127 2459 269 2482 caruere:
297 2451 360 2483 Od.
378 2459 410 2483 Λ.
427 2457 502 2485 594.

77 2533 129 2556 Km
141 2541 191 2564 μην
204 2532 309 2566 {mmm
321 2533 419 2564 ειςειδον,
441 2533 541 2570 zpoe‘rep’
555 2534 629 2566 σιλγέ
641 2544 742 2570 εχσντκ,

77 2579 154 2604 Aaou«
166 2581 336 2611 βασταζοντω
348 2585 458 2616 πελωριαν
472 2589 646 2618 αμφοτερῃσιν·

77 2627 102 2651 H
115 2636 152 2652 wa
167 2627 180 2652 ὁ
192 2634 246 2660 μεν,
262 2637 454 2663 σκηριπτομεπς
466 2638 536 2664 χερσι
550 2639 576 2656 τε
589 2639 646 2656 ποστ
658 2640 693 2661 τε,

77 2672 155 2700 Aaou
168 2684 217 2700 ανω
228 2673 316 2701 ωθεσκε
327 2685 383 2702 ποτα
394 2680 473 2709 >iocos
493 2676 563 2708 αλλ’,
577 2677 616 2704 ὅτε
628 2683 717 2712 μελλω

80 2720 160 2756 Ακρον
171 2719 332 2756 :impanatum
347 2722 399 2749 τοτ’
413 2725 616 2760 αποστρεψασκε
626 2725 733 2761 »ερας-αι’
745 2736 765 2755 ις

81 2765 168 2796 Avi-15·
188 2777 272 2795 επειτοι
285 2770 379 2797 πεδονδε
392 2771 518 2798 κυλινδετο
529 2777 600 2802 λαως
613 2773 724 2803 οινοιιδκς.

64 2843 246 2879 Scholiastes
259 2849 299 2881 ad
313 2850 419 2882 locum
435 2851 705 2884 detruncationem
717 2863 786 2893 pas-

834 715 880 740 est
916 708 1095 746 hominum,
1139 706 1259 738 librarii
1296 702 1565 746 praeterrniserint3

833 772 928 803 quam
944 760 1170 790 aberrationem
1185 769 1242 789 nos
1258 758 1372 798 saepius
1387 759 1561 800 attigimus.

834 813 909 844 Non
925 812 1042 842 mirum
1058 816 1104 840 est
1118 810 1221 850 igitur,
1241 810 1300 840 hoc
1317 810 1472 840 scholium
1486 811 1565 840 Bar-

831 867 959 895 nesiano
974 863 1113 895 acumini
1130 872 1255 894 crucem
1270 862 1381 893 fixisse.
1409 862 1464 894 Ad
1481 863 1567 893 hunc

831 917 974 954 modum,
1001 922 1038 946 ut
1063 925 1213 955 auguror,
1247 920 1312 944 tota
1338 914 1494 944 enarratio
1522 913 1568 944 ita.

831 969 946 1009 corrigi
961 976 993 998 et
1015 966 1150 1007 suppleri
1166 966 1273 997 debet:
1299 972 1393 997 Αλλα,
1412 980 1462 997 και
1480 967 1492 996 o‘
1515 970 1566 998 Σι-

831 1029 929 1061 συφος,
957 1020 1096 1061 nefitus-05
1125 1034 1170 1055 ων,
1198 1020 1284 1061 (quae
1307 1017 1426 1048 locutio
1441 1017 1566 1057 respicit

832 1072 870 1103 11.
897 1078 926 1102 Z.
956 1075 1026 1103 155.
1049 1077 1080 1102 et
1106 1070 1284 1101 Pindarum
1310 1071 1403 1100 habet
1425 1069 1564 1100 imitato-

829 1135 906 1162 rem,
933 1123 973 1154 ad
1001 1122 1129 1154 Oinii.
1152 1122 1217 1162 75.)
1249 1122 1294 1153 δικ
1322 1134 1350 1151 τι
1385 1122 1566 1160 καλ,αζε·τ·αι;

829 1189 863 1206 το
888 1186 1076 1214 κακοτροπαν.
1113 1179 1159 1203 ΤΟ
1186 1176 1238 1202 ΔΕ
1267 1177 1530 1202 ΚΑΚΟΤΡΟΠΟΝ
1553 1171 1567 1201 ὅ

831 1233 964 1260 Γλαῦκος
993 1238 1031 1256 τε
1056 1236 1179 1266 orpoyors
1207 1236 1241 1257 εις
1266 1235 1369 1253 cursem
1392 1234 1565 1262 μετηνεγκε.

831 1278 873 1308 In
889 1276 1048 1316 impressis
1061 1276 1155 1305 verba
1178 1287 1212 1305 το
1234 1272 1262 1304 δε
1285 1285 1465 1315 κακοτροπαν
1479 1271 1566 1303 haud

830 1330 993 1371 leguntur.

873 1379 955 1411 Ibid„
981 1382 1155 1411 nz'aeantem:
1186 1379 1207 1409 i.
1225 1390 1251 1409 e.
1279 1389 1510 1421 σκηριπτομενον·
1533 1388 1565 1408 se

817 1432 1017 1474 fulcientem,
1039 1432 1119 1472 pede
1133 1431 1250 1462 scilicet
1265 1429 1391 1460 summa
1406 1429 1436 1459 vi
1451 1429 1486 1459 in
1501 1435 1562 1459 ter-

829 1494 897 1514 ram
913 1493 1032 1523 presso;
1056 1489 1093 1513 ut
1107 1482 1199 1522 po'e'ta
1220 1487 1309 1513 vetus
1330 1481 1415 1521 apud
1438 1480 1562 1511 Cicero-

829 1535 879 1565 nis
894 1534 988 1565 Tusc.
1005 1533 1105 1574 dispp.
1119 1533 1138 1564 i.
1155 1536 1184 1565 5.

1148 1620 1222 1651 quod
1235 1619 1361 1652 Sisyphus
1372 1620 1470 1645 versat*

845 1662 959 1691 saxum,
970 1661 1079 1690 sudans,
1089 1658 1205 1688 nitendos
1223 1666 1314 1690 neque
1324 1658 1430 1691 proficit
1443 1657 1539 1683 hilum.

829 1735 919 1766 Hinc
941 1737 1088 1768 z‘nnz'aeans
1102 1735 1242 1773 Ennius,
1264 1737 1334 1766 totis
1355 1735 1470 1765 viribus
1490 1743 1560 1763 con-

827 1789 962 1824 tendens,
990 1787 1024 1815 in
1043 1786 1107 1816 Cic.
1128 1785 1228 1816 Acad.
1244 1784 1276 1815 ii.
1293 1788 1343 1814 28.
1369 1785 1403 1814 Si
1420 1783 1516 1814 modo
1530 1793 1563 1813 e-

827 1837 1006 1868 mendatius
1021 1836 1144 1877 legatur
1173 1842 1204 1866 et
1228 1835 1343 1866 rectius
1358 1835 1565 1866 constituatur

827 1888 930 1919 locus:

923 1971 1043 1996 Intendit
1054 1970 1166 1995 crinitus
1177 1970 1282 2002 Apollon

917 2012 1020 2036 Arcum
1031 2012 1159 2034 auratum
1170 2016 1176 2033 :
1193 2011 1281 2038 Luna,
1300 2008 1439 2040 innixam,

917 2049 1003 2074 Diana
1014 2048 1103 2074 facem
1112 2048 1178 2080 jacit
1189 2055 1205 2073 a
1215 2047 1298 2074 laevfi.

827 2125 980 2164 Breviter,
1004 2126 1146 2162 ιἠηἰωᾶες
1177 2123 1264 2156 unde
1287 2123 1415 2165 vulgata
1437 2131 1563 2163 corrup—

827 2177 899 2216 tela,
915 2179 1053 2216 z'nnz’oeus,
1068 2177 1207 2208 derivata
1221 2182 1275 2208 est.
1300 2217 1304 2222 ι

880 2229 964 2259 Ibid.
1002 2231 1126 2260 adverso
1163 2230 1287 2260 trudere
1329 2234 1436 2260 monle.
1483 2225 1565 2257 Vide

827 2291 924 2322 quam
932 2280 1099 2321 Virgilius,
1115 2280 1150 2310 in
1165 2279 1227 2310 alio
1241 2284 1350 2310 tamen
1367 2283 1564 2318 argumento,

827 2342 866 2362 ex
883 2332 941 2367 his,
963 2331 1198 2373 aliquantulum
1219 2329 1363 2369 detortis,
1386 2328 1562 2369 profecerit,

827 2384 868 2415 ad
882 2394 953 2425 geo.
970 2383 1014 2415 iii.
1029 2387 1102 2415 575.

991 2469 1129 2502 obpositam
1139 2468 1269 2494 trudentes
1280 2469 1394 2499 pectore
1404 2468 1523 2490 montem.

826 2543 928 2581 Hinc,
959 2544 1078 2584 opinor,
1113 2543 1245 2574 varietas
1270 2541 1324 2571 illa
1352 2538 1497 2570 lectionis
1525 2537 1560 2569 in

825 2594 981 2630 Lucretio,
1002 2601 1133 2626 montem
1150 2594 1273 2634 utique;
1298 2591 1476 2631 Virgiliano
1491 2600 1560 2620 ver-

827 2657 864 2676 su
885 2645 1002 2677 librarii
1023 2646 1211 2677 memoriam
1233 2643 1401 2675 obsidente.
1447 2642 1559 2680 Porro,

829 2697 991 2739 Hyginus,
1017 2698 1080 2729 fab.
1107 2697 1150 2728 lx.
1181 2706 1219 2727 ex
1244 2696 1304 2726 hoc
1327 2693 1466 2725 Lucretii
1491 2693 1561 2724 loco

829 2761 886 2781 sua
899 2756 1062 2781 mutuatus
1085 2756 1142 2788 est,
1157 2748 1242 2790 quod
1257 2748 1354 2778 miror
1370 2747 1561 2783 Munckero,

830 2809 867 2833 ut
885 2809 952 2833 erat
966 2803 1106 2842 impense
1121 2801 1245 2839 doctus,
1266 2810 1332 2831 non
1347 2800 1562 2833 observatunu

832 2853 885 2884 sed
901 2853 1062 2891 nimirum,
1085 2853 1182 2894 pudet
1196 2852 1314 2883 dicere!
1338 2861 1455 2890 paucos
1475 2860 1560 2879 ama-

62 2905 113 2926 sus
135 2904 191 2937 e=t‚
211 2911 307 2941 quum
323 2913 431 2935 vocem
454 2906 624 2946 repetitam,
647 2905 701 2947 qui
720 2915 789 2937 mos
832 2912 921 2943 tores,
939 2912 1032 2947 atque
1048 2905 1125 2937 adeo
1138 2905 1280 2942 lectores-2,
1297 2909 1401 2934 nostor
1415 2902 1536 2932 hahuit:

784 2965 823 2995 M
838 2969 859 2995 5
