1912 3292
509 138 743 187 LIBER
792 138 1146 188 TERTIUS.

1513 148 1575 190 49

221 274 310 316 Nec
328 273 476 321 minus,
507 270 586 310 ira'i
603 268 674 310 fax
693 281 921 323 numquam
943 269 1111 312 subdita
1134 273 1266 326 percit

101 353 182 391 305
215 346 405 396 Fumida,
437 343 689 386 subfundens
707 358 829 385 caecae
849 343 1033 401 caliginis
1054 346 1289 396 umbram÷

218 422 306 464 Nec
318 420 468 478 ‘gelidis
487 426 624 475 torpet
641 418 731 460 telis
748 418 910 474 perfixa
929 421 1114 475 vaporis:

77 585 102 601 ‘⁴
115 582 174 612 hoc
187 586 302 612 natura
317 581 512 621 serpentium,
535 578 603 619 ipsa
616 578 803 618 perniciosa,
836 578 986 620 fundens.
1018 578 1083 608 Hae
1097 583 1203 609 autem
1213 589 1308 609 merae
1317 579 1477 612 literarum
1493 592 1578 614 com.

77 636 100 652 “
115 632 166 663 siti
180 632 291 673 magis,
313 642 409 673 quam
432 631 494 662 alia
518 642 561 667 re,
588 630 800 661 accenditur.’'

75 684 120 715 Et
140 693 214 715 mox
234 687 287 715 93.
311 687 341 714 4.
374 687 396 702 “
414 682 598 714 Ilex—acta
614 683 649 713 in
664 681 804 713 altitudi-
828 720 835 724 .

75 739 100 755 “
115 745 199 772 nem,
234 745 297 776 quo
326 739 438 765 cuncta
463 737 657 774 gignentium
686 741 801 765 natura

75 790 99 807 “
111 787 204 818 fert:”
235 787 255 818 i.
281 797 308 817 e.
329 798 430 818 omnes
439 789 576 827 plantae;
600 786 710 816 confer
726 796 799 816 nos-

73 845 168 877 trum,
191 839 225 870 ii.
252 842 322 871 190.
366 839 412 870 Et
425 838 468 869 sic
483 839 614 869 omnino
629 838 801 879 legendum

70 902 147 923 cum
161 891 277 927 codice,
299 896 336 921 ut
360 891 426 929 ipse
441 890 799 931 seorsim-conjeceram3

70 954 136 975 non
149 950 254 982 aucta,
277 943 324 973 uti
339 943 435 983 vulgo
450 942 604 973 scribitur.

111 999 188 1029 Ver.
201 1001 275 1029 504.
299 997 353 1028 Ad
376 997 547 1027 editionem
562 995 614 1026 Pii
635 997 798 1027 communi

67 1049 206 1092 quodam
220 1059 374 1079 consensu
383 1049 468 1078 hunc
480 1057 606 1077 versum
621 1047 799 1088 vulgatores

67 1100 208 1132 Lucretii
222 1100 266 1130 sic
281 1099 460 1137 exhibuere,
483 1105 514 1129 et
538 1105 585 1130 Ω.
612 1098 711 1130 codex
732 1099 798 1130 suf-

69 1153 227 1194 fragatur:

96 1217 151 1241 Nec
161 1215 237 1240 nimis
246 1215 296 1240 ira'i
306 1215 357 1241 fax
367 1222 487 1248 umquam
499 1215 605 1241 subdita
615 1217 702 1248 percit
712 1223 719 1241 z

65 1265 120 1297 sed
136 1266 177 1296 V.
194 1266 242 1296 ed.
257 1266 295 1296 L.
313 1267 360 1297 M.
378 1267 418 1297 O.
435 1272 472 1297 Δ.
492 1273 531 1297 Π.
548 1272 585 1298 Σ.
602 1268 719 1297 habent
734 1270 794 1298 mi-

63 1328 139 1353 uus;
164 1323 196 1348 et
210 1317 254 1348 V.
270 1317 318 1347 ed.
342 1317 381 1348 O.
399 1324 439 1348 Π,
454 1329 642 1358 numquam;
665 1319 713 1349 uti
732 1319 796 1349 for·

63 1374 142 1400 tasse
163 1369 284 1400 codices
298 1369 362 1406 alii,
385 1369 411 1399 si
432 1380 501 1400 rem
524 1370 687 1401 collatores
701 1381 795 1401 accu-

65 1427 133 1453 rate
160 1421 505 1462 retulissent—percit.-
544 1423 586 1453 V.
618 1422 665 1453 ed.
693 1428 728 1454 Δ.
759 1428 794 1455 Σ.

62 1477 176 1516 parcit.

107 1526 187 1557 Ibid;
199 1527 262 1568 sax·
274 1527 405 1558 subdita.
450 1527 580 1566 Seneca,
605 1527 706 1559 Herc.
732 1527 795 1560 fur.

67 1583 141 1611 566.

443 1645 543 1671 subdia?
555 1646 634 1671 tectis
636 1647 712 1679 face,

126 1687 203 1712 Altus
212 1688 328 1719 sepultas
339 1687 438 1712 obruet
450 1690 544 1719 gentes
553 1687 631 1712 cinis.

67 1743 160 1776 Idem
175 1755 293 1783 rursus,
317 1744 431 1775 Troad.
447 1749 522 1775 581.

159 1804 193 1827 Et
203 1803 307 1828 nudum
317 1803 409 1836 tetigit
418 1803 520 1828 subdita
523 1804 582 1836 fax
592 1804 671 1830 latus.

68 1851 212 1882 Valerius
230 1852 404 1890 Maximus,
428 1852 466 1882 iv.
495 1854 522 1883 7.
549 1855 575 1883 1.
605 1857 628 1872 “
646 1853 743 1890 Quid,
767 1854 795 1884 si

64 1904 90 1923 “
105 1910 136 1934 te
153 1904 314 1935 Gracchus
328 1904 446 1943 templo
460 1904 483 1935 J
484 1904 549 1934 ovis
563 1910 625 1944 opt.
642 1915 726 1935 max.
734 1906 793 1946 fa-

64 1960 88 1976 “
104 1967 151 1988 ces
164 1957 288 1987 subdere
299 1955 476 1996 jussisset?”
499 1956 629 1987 Addam
645 1958 686 1994 Q.
708 1958 790 1988 Cur-

63 2009 155 2046 tium,
180 2019 208 2039 v.
223 2011 252 2040 7.
269 2011 298 2038 4.
329 2011 352 2026 “
376 2008 463 2044 Quin
486 2008 584 2048 igitur
611 2009 793 2040 ulciscimur

63 2064 87 2081 ‘⁶
105 2061 272 2097 Graedam,
287 2065 319 2091 et
328 2060 399 2091 urbi
404 2060 494 2102 faces
509 2062 702 2093 subdimus?
727 2063 792 2093 Per

63 2112 262 2153 hypallagen,
287 2111 341 2154 (de
364 2110 426 2152 quei
451 2122 509 2142 nos
533 2122 643 2152 nuper,
666 2113 706 2144 ad
729 2124 790 2145 ver.

65 2164 155 2202 298.)
177 2163 269 2194 edere
289 2173 357 2194 rem
380 2163 494 2194 maluit
518 2164 623 2202 Silius,
646 2165 731 2197 Pun.
752 2166 791 2197 iv.

67 2217 140 2247 780.

79 2283 160 2315 Ergo,
175 2283 246 2309 inter
255 2283 362 2315 Tyr-las,
371 2283 477 2315 facibus
488 2290 538 2309 ceu
549 2283 660 2315 subdita,
672 2288 782 2317 matra,

79 2323 198 2354 Clamat,
214 2324 245 2349 Ιὸ
255 2325 356 2354 conjux
367 2325 374 2350 !
501 2336 504 2342 ·

65 2381 131 2412 Ubi
160 2381 365 2412 Burmannus
394 2384 512 2413 concita
543 2383 699 2422 proponit,
725 2384 792 2415 vice

62 2436 200 2471 subdam
224 2443 282 2464 nec
295 2433 381 2472 scite,
403 2444 462 2465 nec
476 2435 682 2474 probabiliter.

107 2484 189 2516 Ibid.
208 2486 275 2516 ira‘i
287 2485 368 2526 far:
392 2484 413 2515 i.
438 2496 464 2516 e.
478 2487 588 2527 fier-vor
612 2487 680 2518 ira'i.
727 2488 789 2526 Sic,

60 2535 146 2578 quod
162 2535 287 2572 Ovidio,
305 2541 378 2567 met.
393 2546 442 2567 ιν.
458 2540 531 2569 209.
549 2544 596 2568 est
599 2539 723 2580 fervore
727 2541 788 2580 ju.-

59 2593 166 2623 ventae,
181 2586 424 2624 Floro-vocatur,
446 2588 467 2618 i.
484 2591 510 2619 1.
526 2591 556 2621 5.
578 2593 602 2608 “
616 2590 788 2632 primaju-

61 2641 84 2657 “
99 2638 304 2680 venlaeface.’'

101 2689 178 2720 Ver.
200 2692 275 2721 505.
298 2691 433 2722 Fumida
456 2692 662 2734 suffundens:
689 2694 784 2725 Vind.

59 2740 163 2772 V.ed.
179 2742 218 2778 Q.
242 2748 278 2773 Δ.
302 2748 336 2775 Σ.
360 2744 514 2775 Fumidas
537 2744 711 2787 qffundens,·
737 2747 784 2779 M.

60 2796 94 2822 et
108 2798 152 2824 n..
166 2803 186 2823 a
198 2793 300 2833 prima
314 2804 422 2832 manu,
446 2797 596 2828 Fumides
609 2797 783 2839 effundens,-

62 2843 98 2874 B.
123 2845 271 2879 Tumidos
284 2845 456 2888 effundent&
484 2848 522 2879 Ο.
549 2850 783 2892 Fumidansqf-

848 630 1020 660 mixtarum
1045 630 1228 669 corruptelae
1243 642 1300 661 nos
1320 642 1385 662 non
1400 632 1514 664 debent
1529 645 1578 665 re-

847 681 972 717 morari,
988 691 1046 711 nec
1060 688 1191 721 receptae
1213 682 1354 713 lectionis
1369 685 1579 724 suspicionem

846 732 984 772 injicere.
1031 733 1073 763 In
1100 740 1143 764 Π.
1167 733 1207 763 ad
1230 735 1314 764 hunc
1339 735 1472 766 modum
1486 746 1578 767 voces

847 785 1047 815 exhibentur:
1075 787 1127 816 Fu
1144 785 1302 826 osteudens,
1319 787 1426 817 rasura
1438 787 1579 828 interpo-

845 836 917 867 sita:
944 837 998 867 sed
1015 837 1099 867 haud
1125 837 1220 868 dubie
1234 839 1335 877 prima
1350 850 1464 870 manus
1479 841 1577 881 scrip.

846 894 935 925 serat,
949 889 1096 930 fumidos
1123 889 1288 930 effundens
1299 905 1310 925 ‚·
1335 897 1371 920 ut
1400 891 1434 920 in
1459 892 1578 922 caeteris

845 947 1006 971 exaratum
1023 947 1082 971 est:
1109 941 1164 971 ubi
1177 949 1208 972 et
1219 943 1395 972 notandum
1410 940 1508 973 obiter
1522 955 1575 974 ve-

845 991 919 1021 teris
932 991 1161 1031 orthographiae
1185 992 1355 1031 specimen,
1378 994 1470 1033 quale
1489 990 1574 1024 mul-

845 1043 885 1073 tis
913 1043 947 1073 in
975 1042 1051 1073 locis
1081 1044 1230 1073 Lucretio
1259 1044 1573 1076 restituimus—um-

843 1095 945 1124 bram:
976 1094 1019 1123 sic
1047 1100 1092 1124 Ω.
1113 1100 1234 1131 aperte3
1260 1095 1308 1125 M.
1336 1097 1442 1125 umbra
1450 1112 1460 1132 ;
1484 1097 1574 1128 haud

842 1144 946 1180 dubie,
972 1145 1092 1181 umbrci,
1116 1144 1164 1174 vel
1178 1145 1335 1175 umbram:
1360 1146 1474 1184 caeteri,
1503 1158 1572 1178 um-

841 1197 918 1227 bras.

885 1250 965 1281 Ibid.
989 1262 1079 1282 coecae
1094 1253 1248 1291 caliginis.
1280 1252 1385 1289 Maro,
1410 1252 1486 1284 ΖΕΒ.
1509 1253 1574 1285 viii.

841 1306 913 1334 255.

1050 1377 1218 1409 involvitque
1229 1378 1344 1403 domum
1355 1378 1462 1411 caligine
1472 1379 1550 1404 εει-ἃ.

842 1450 1013 1488 Caeterum,
1039 1450 1186 1481 varietate
1209 1449 1391 1488 lectionum,
1418 1452 1572 1483 librorum

839 1502 1024 1541 scripturam
1038 1503 1245 1538 turbantium,
1271 1503 1438 1543 impulsus,
1465 1503 1571 1536 locum

839 1553 1026 1594 conjecturis
1041 1559 1244 1592 tentaveram,
1260 1565 1326 1585 non
1342 1565 1479 1594 prorsus,
1501 1555 1572 1595 opi-

840 1616 909 1643 nor,
924 1605 1116 1643 infelicibus;
1142 1617 1219 1646 quas
1239 1607 1342 1647 itaque
1358 1617 1466 1637 secum
1482 1617 1569 1637 com·

839 1657 1016 1688 municatas
1030 1668 1095 1688 esse
1110 1657 1269 1694 lectorem,
1285 1659 1406 1698 opinor,
1422 1669 1487 1688 non
1503 1669 1568 1698 poe-

841 1708 964 1739 nitebit:

901 1796 933 1818 Et
944 1793 1032 1818 minus
1043 1793 1092 1818 ira'i
1099 1794 1149 1819 fax
1161 1794 1258 1819 undam
1268 1795 1374 1819 subdita
1384 1796 1471 1826 percit

900 1833 1023 1864 Fumida,
1036 1833 1202 1858 subfundens
1212 1840 1297 1858 caecae
1309 1835 1427 1867 caliginis
1437 1835 1540 1860 umbrc't'.

838 1908 921 1939 Haec
935 1914 1044 1938 autem
1052 1908 1191 1939 venustis
1201 1909 1383 1940 hominibus
1393 1909 1571 1951 relinquam

836 1959 1067 1999 perpendenda,
1090 1970 1164 1990 cum
1187 1960 1295 1990 locum
1312 1961 1442 2002 Virgilii
1472 1971 1568 2001 appo-

838 2021 941 2050 suero,
963 2016 1000 2041 ut
1024 2017 1232 2051 componatur
1257 2012 1381 2052 nostris,
1406 2013 1483 2044 AEn.
1505 2013 1567 2043 viii.

838 2068 909 2097 257.

837 2143 896 2167 Non
908 2142 971 2167 tulit
982 2142 1091 2168 Alcides
1104 2143 1209 2173 animis,
1219 2149 1301 2174 seque
1312 2143 1368 2175 ipse
1378 2150 1426 2175 per
1435 2143 1527 2176 ignem

835 2183 970 2215 Praecipiti
979 2184 1070 2214 injecit
1082 2184 1161 2213 saltu,
1179 2184 1231 2215 qua
1243 2183 1374 2216 plurimus
1386 2183 1483 2208 undam

835 2225 927 2248 Fumus
935 2223 1001 2255 agit,
1013 2223 1165 2255 nebulaque
1179 2223 1272 2255 ingens
1282 2230 1377 2255 specus
1388 2226 1486 2247 aestuat
1498 2221 1566 2247 atra,

879 2298 952 2329 Ver.
967 2302 1040 2330 506.
1059 2301 1188 2339 gelidis:
1215 2299 1253 2329 P.
1270 2298 1307 2329 L.
1325 2305 1368 2329 Π.
1390 2299 1488 2337 gelidi
1495 2313 1506 2333 ,·
1530 2303 1567 2328 ut

834 2351 977 2393 vulgares
1000 2351 1153 2382 editiones
1176 2351 1334 2386 exhibent,
1364 2350 1471 2379 minus
1491 2350 1566 2390 po'e'·

834 2405 903 2436 tice.
949 2405 1000 2435 Sic
1016 2405 1191 2443 Homerus,
1215 2403 1256 2434 11.
1275 2408 1309 2433 E.
1329 2405 1378 2433 75.

1047 2477 1201 2502 *1⁴⁹1*me
1216 2474 1238 2500 δ’
1249 2473 1286 2500 ἕλε
1297 2473 1372 2499 ΧΑΛ
1379 2475 1447 2498 KON
1458 2472 1548 2500 οδυσιν.

832 2543 984 2581 —gelz'dis
995 2547 1091 2580 torpet
1101 2555 1110 2571 :
1131 2541 1170 2576 Q.
1179 2550 1261 2579 genu
1275 2541 1565 2578 distamen—wama

831 2595 894 2624 ris:
920 2593 957 2623 P.
973 2594 1011 2623 L.
1035 2592 1140 2635 (cujus
1160 2592 1207 2622 rei
1230 2591 1308 2622 fides
1329 2601 1410 2631 pene
1435 2590 1563 2622 collato-

831 2655 900 2674 rem
923 2645 994 2684 sit);
1030 2651 1071 2675 1'1.
1089 2646 1235 2684 pavoris;
1272 2653 1368 2684 quam
1395 2642 1564 2673 lectionem

830 2697 963 2728 editores
990 2696 1167 2726 avidissime
1190 2695 1376 2733 involavere,
1398 2706 1454 2735 per
1475 2695 1562 2724 inco-

828 2748 996 2789 gitantiam
1022 2747 1126 2778 hercle
1149 2758 1322 2786 summam,
1347 2753 1378 2778 et
1403 2745 1562 2777 inscitiam

828 2800 922 2830 lautis
937 2799 1076 2830 Lucretii
1091 2799 1282 2830 amatoribus
1296 2808 1488 2840 magnopere
1503 2807 1561 2836 pu-

828 2850 973 2882 dendam.
1026 2852 1137 2891 Vapor,
1159 2849 1209 2882 vel
1223 2864 1327 2891 ατμις,
1356 2854 1378 2870 “
1394 2849 1501 2880 fumus
1517 2853 1565 2877 est
