1912 3292
501 226 738 276 LIBER
787 223 1176 282 QUARTUS.

1441 233 1469 271 2
1475 229 1532 272 92

188 362 258 404 Ire
278 361 385 403 foras
404 359 474 400 ubi
495 363 708 412 coeperunt
727 354 957 410 primordia
976 369 1125 395 vocum

77 441 159 478 535
195 436 373 485 Scilicet,
399 431 568 487 expletis
589 444 752 486 quoque
766 429 895 484 janua
915 428 1102 469 redditur
1122 430 1203 470 oris

197 511 341 552 Rauca
360 507 451 556 viis;
484 512 525 546 et
544 505 621 546 iter
640 503 754 546 laedit
774 503 854 560 qufi
875 517 957 544 vox
978 503 1009 543 it
1029 503 1072 543 in
1094 517 1228 544 auras.

195 583 327 625 Haud
347 581 474 638 igitur
495 579 683 629 dubium,
706 579 808 634 quin
829 593 962 627 voces,
985 577 1206 632 verbaque,
1229 583 1416 617 constent

48 750 145 783 quam
159 749 215 770 nos
230 738 379 768 facessere
395 746 433 766 ex
450 740 601 766 contextu
617 734 777 774 purissimi

46 793 157 833 poetae,
173 801 238 821 uon
253 790 320 819 sine
334 789 430 819 tacito
445 800 700 829 αποσκορακισμῳ,
709 787 778 827 jus-

47 844 154 874 simus.
201 842 367 875 Caeterum,
390 839 424 869 in
446 839 636 869 dictionibus
653 844 777 878 propte-

47 907 99 926 rea
116 900 146 924 et
156 899 306 933 praeterea
330 891 447 922 librarii
470 891 639 930 saepissime
655 891 777 920 aberra-

47 952 174 984 verunt;
198 945 245 975 uti
261 955 318 975 nos
333 944 427 975 etiam
444 943 476 974 in
491 944 541 973 his
556 943 639 974 notis
662 942 779 973 multo-

48 998 107 1029 ties
121 997 313 1028 monuimus.

94 1049 177 1080 Ibid.
200 1060 252 1080 vox
266 1050 360 1079 radit.
395 1046 484 1077 Hinc
508 1046 547 1077 de
570 1045 779 1086 castigationi-

51 1103 111 1133 bus
133 1103 299 1132 verborum
325 1099 516 1140 injucundis,
551 1098 638 1140 quasi
664 1098 782 1129 scilicet

51 1154 257 1193 asperioribus
282 1153 351 1183 soni
375 1151 569 1191 corpusculis
593 1156 780 1188 constarent,

52 1206 183 1246 pulchre
199 1205 336 1243 Persius,
360 1209 413 1235 sat.
430 1204 449 1234 i.
470 1207 539 1235 107.

84 1296 135 1320 Sed
147 1295 212 1326 quid
223 1302 291 1327 opus
300 1297 404 1320 teneras
416 1293 537 1319 mordaci
548 1293 636 1318 radere
646 1299 710 1318 vero

83 1335 223 1361 Auriculas
229 1335 243 1359 ?

50 1428 150 1460 quem
166 1417 281 1449 Fabius
295 1417 436 1447 imitatus
451 1422 504 1452 est,
518 1417 663 1456 ingressu
671 1415 725 1445 lib.
740 1414 784 1445 iii.

53 1468 262 1501 institutionis
276 1468 434 1506 oratoriae3
459 1468 508 1497 uti
517 1467 661 1501 Pithoeus
683 1465 724 1497 ad
738 1465 783 1495 lo-

51 1531 130 1552 cum
144 1519 230 1551 vidit.

101 1573 183 1604 Ibid.
206 1573 293 1615 facit
325 1574 491 1613 Asperiora
522 1573 640 1602 arteria
663 1573 786 1602 clamor.

60 1625 197 1665 Scriptor
211 1624 439 1656 rhetoricorum
454 1624 494 1655 ad
510 1625 655 1654 Herenn.
673 1623 716 1653 iii.
733 1626 785 1653 12.

59 1680 82 1697 “
100 1677 186 1708 Nam
200 1676 360 1708 laeduntur
382 1675 514 1713 arteriae,
538 1675 574 1711 si,
598 1680 671 1705 ante
695 1683 789 1714 quam

60 1731 82 1747 “
98 1728 163 1759 leni
177 1738 251 1759 voce
274 1727 441 1767 permulsae
465 1732 551 1764 sunt,
573 1726 637 1756 acri
656 1725 792 1754 clamore

61 1782 83 1798 “
99 1779 346 1819 compleantur.‘’
394 1779 434 1808 In
451 1788 514 1818 quo
529 1777 628 1816 capite
643 1776 706 1816 legi
721 1785 791 1815 pos-

59 1837 135 1862 sunt
149 1831 221 1869 alia,
244 1830 430 1862 Lucretium
452 1829 538 1860 haud
558 1828 708 1860 mediocri
723 1827 793 1857 luce

60 1886 292 1927 perfundentia.

105 1947 181 1977 Ver.
207 1949 280 1977 552.
291 1945 401 1987 foras:
430 1945 469 1975 V.
496 1944 546 1975 ed.
572 1945 609 1975 Β.
624 1944 726 1985 jbris;
758 1948 794 1973 ut

62 1997 146 2028 alibi.
183 1997 226 2027 Et
241 1996 280 2027 de
295 2007 369 2027 voce
384 1998 500 2027 arteria
517 2006 582 2025 non
598 1994 715 2036 pigebit
730 1994 792 2024 for-

63 2054 144 2079 tasse
159 2047 320 2079 consulere
338 2047 508 2085 Isidorum,
531 2046 629 2086 origg.
655 2046 695 2076 xi.
723 2049 748 2076 1.
764 2055 792 2084 p.

66 2103 158 2131 1094.
181 2098 356 2130 Lambinus
378 2098 516 2138 apposite
539 2097 646 2128 laudat
668 2096 793 2127 Cicero-

66 2161 152 2190 nem,
168 2151 207 2181 de
218 2156 282 2181 nat.
294 2151 377 2181 deor.
388 2150 419 2180 ii.
439 2153 491 2182 59.
516 2153 539 2168 “
552 2149 698 2179 Primum
708 2148 795 2178 enim

65 2205 89 2222 ‘⁶
105 2213 124 2232 a
138 2202 340 2241 pulmonibus
363 2201 475 2231 arteria
490 2211 589 2242 usque
612 2200 651 2231 ad
666 2210 700 2230 os
722 2199 794 2230 inti-

68 2257 90 2273 “
106 2264 196 2284 mum
212 2253 359 2293 pertinet3
381 2264 437 2293 per
451 2263 546 2294 quam
557 2264 626 2289 vox,
650 2251 797 2292 principi-

70 2311 93 2326 “
108 2317 165 2337 um
181 2317 199 2337 a
213 2313 319 2338 mente
328 2307 458 2344 ducens,
474 2306 653 2345 percipitur,
676 2311 708 2335 et
722 2304 795 2334 fun-

69 2362 93 2378 “
110 2358 224 2389 ditur.’'
270 2359 335 2389 Ubi
350 2358 583 2389 rescribendum
605 2363 799 2387 autumo:—

70 2413 95 2429 “
111 2420 165 2449 per
180 2419 274 2450 quam
290 2419 361 2447 vox,
376 2409 566 2449 principium
581 2419 600 2439 a
618 2414 724 2437 mente
739 2407 798 2437 du-

73 2464 95 2480 “
111 2471 192 2496 cem,
199 2463 393 2500 procuditur,
404 2466 435 2490 et
442 2460 588 2490 funditur
597 2459 628 2489 :³³
639 2459 687 2489 vel
697 2458 800 2495 etiam,

73 2512 159 2553 quod
173 2512 300 2551 propius
314 2513 400 2542 abest
421 2517 551 2550 receptae
566 2511 646 2548 voci,
663 2511 801 2550 percidi-

75 2571 127 2595 tur
134 2578 144 2595 .·
174 2570 206 2595 et
230 2565 290 2594 hoc
315 2573 425 2593 verum
449 2573 525 2600 esse,
548 2561 670 2592 videtur
700 2567 802 2591 osten-

70 2615 148 2647 dere
173 2615 366 2651 Lactantius,
390 2614 429 2644 de
452 2613 527 2654 opis.
557 2613 630 2651 Dei,
662 2622 726 2651 cap.
757 2615 804 2642 11.

77 2671 100 2687 “
117 2668 255 2707 Aperuit
270 2667 366 2708 igitur
380 2667 465 2697 viam
481 2666 547 2696 voci
562 2664 668 2695 divina
683 2664 807 2694 solertia

79 2722 102 2738 ‘⁴
118 2729 156 2749 ex
171 2718 226 2749 illa
240 2718 344 2750 fistula
359 2717 499 2758 spiritali,
525 2722 561 2746 ut
575 2721 677 2755 posset
698 2715 808 2756 lingua

80 2771 104 2788 “
119 2770 292 2801 ministerio
307 2780 364 2800 suo
379 2769 480 2810 fungi,
502 2773 535 2798 et
548 2769 631 2798 vocis
646 2767 743 2807 ipsius
757 2766 807 2796 in-

79 2823 104 2839 “
120 2820 275 2852 offensum
289 2828 430 2852 tenorem
440 2820 580 2860 pulsibus
594 2819 660 2849 suis
669 2819 700 2848 in
713 2819 806 2848 verba

81 2875 104 2890 ⁸‘
119 2873 302 2904 concidere.”
328 2873 438 2910 Porro,
455 2871 554 2902 codex
570 2882 653 2902 unus
667 2869 808 2912 agnoscit

79 2924 231 2954 arterium
246 2929 356 2955 neutro
370 2934 498 2966 genere,
519 2923 559 2955 ad
580 2934 675 2956 usum
691 2923 806 2954 Lucre-

821 735 866 771 tii,
890 735 924 764 in
943 734 1069 764 Sueten.
1103 733 1211 764 Vitell.
1228 737 1256 764 2.
1277 733 1363 775 quod
1377 733 1549 765 observavit

821 785 905 826 prior
920 785 1063 816 Vossius.

866 837 947 867 Ibid.
974 839 1121 876 gradiens
1147 837 1270 867 clamor.
1317 837 1398 868 Sane
1426 838 1552 870 sublimi

823 888 926 930 figura
947 890 1049 919 Vocem
1066 888 1240 926 exornavit3
1264 898 1367 929 neque
1378 889 1467 919 aliter
1480 900 1552 928 pro-

823 943 862 972 be
878 940 1027 979 percipies
1048 940 1112 969 vim
1134 939 1313 978 locutionis,
1338 940 1474 980 Virgilio
1489 940 1552 970 fre-

822 997 987 1034 quentatae.
1027 990 1077 1020 Sic
1092 990 1156 1029 ille,
1173 990 1213 1021 ad
1229 991 1304 1022 AEn.
1322 991 1364 1021 iii.
1379 995 1452 1022 558.

854 1060 899 1085 His
911 1062 1002 1084 vatem
1013 1058 1147 1091 adgredior
1157 1058 1241 1089 dictis,
1255 1066 1286 1084 ac
1298 1059 1360 1084 talia
1372 1066 1475 1090 quaeso.

867 1128 942 1158 Ver.
959 1130 1030 1158 555.
1053 1132 1172 1157 coorta:
1191 1126 1229 1156 P.
1245 1132 1383 1161 coarcta5
1404 1126 1444 1157 V.
1456 1127 1504 1157 ed.
1517 1127 1555 1158 Β.

826 1185 930 1211 coorta
937 1193 948 1214 ;
975 1178 1060 1218 quod
1075 1177 1160 1207 idem
1175 1183 1233 1207 est:
1263 1187 1359 1217 quam
1374 1177 1556 1216 dictionem,

827 1230 950 1262 tametsi
974 1230 1047 1266 sint,
1070 1229 1122 1268 qui
1150 1228 1235 1266 apud
1259 1227 1409 1263 Gellium,
1440 1229 1501 1259 xix.
1527 1234 1558 1260 2.

827 1286 1009 1323 agnoscant,
1025 1279 1170 1309 existimo
1183 1279 1310 1314 Quirini
1325 1279 1478 1319 populum
1494 1290 1560 1311 non

827 1343 1004 1375 agnoscere.
1027 1330 1257 1362 Percommode
1268 1331 1366 1370 possis
1379 1331 1558 1371 rescribere,

826 1385 852 1416 si
868 1385 955 1415 locus
970 1382 1198 1415 emendationis
1213 1388 1309 1423 egeat,
1332 1382 1374 1413 ad
1388 1384 1474 1414 hunc
1488 1394 1560 1415 mo-

828 1437 920 1468 dum:

963 1518 1010 1544 per
1019 1514 1166 1544 angustum
1179 1511 1258 1536 turba
1270 1512 1370 1543 maj0re
1381 1512 1517 1537 coacta-m

833 1583 956 1615 Redeas
970 1589 1078 1614 notata
1098 1583 1138 1613 ad
1152 1582 1172 1614 i.
1189 1585 1260 1614 762.

876 1636 951 1665 Ver.
980 1638 1051 1666 554.
1070 1636 1263 1674 primordia.-
1299 1634 1318 1664 ἰ.
1345 1645 1370 1665 e.
1400 1634 1562 1675 principia,

834 1687 966 1725 semina,
989 1686 1103 1724 atomi;
1131 1697 1148 1717 e
1173 1696 1309 1727 quorum
1333 1687 1479 1727 congerie
1504 1696 1563 1717 vox

835 1738 985 1768 conststit.

878 1790 953 1819 Ver.
970 1791 1041 1821 555.
1064 1791 1219 1819 redditur:
1238 1788 1281 1819 sic
1297 1789 1332 1818 P.
1349 1789 1390 1819 V.
1406 1788 1453 1819 ed.
1469 1790 1507 1820 Β.
1525 1790 1566 1821 O.

837 1847 873 1873 Δ.
891 1849 931 1872 Π.
949 1846 985 1873 Σ.
1005 1847 1049 1872 Ω.
1071 1841 1190 1880 optime
1216 1846 1246 1871 et
1270 1840 1442 1878 verissime3
1465 1852 1568 1882 neque

837 1894 923 1925 aliud
947 1899 993 1924 est
1019 1907 1052 1924 ero
1066 1895 1195 1929 reditur,
1217 1891 1306 1922 litera
1329 1892 1368 1922 de
1387 1892 1478 1923 solito
1503 1903 1568 1924 non

836 1944 1007 1987 geminata,
1037 1944 1130 1975 Vind.
1147 1945 1183 1975 L.
1199 1950 1292 1984 atque
1306 1943 1391 1974 haud
1406 1943 1500 1975 dubie
1515 1955 1568 1975 co-

837 1998 914 2028 dicis
944 1998 992 2027 M.
1023 1996 1130 2034 etiam,
1161 1995 1303 2036 quamvis
1332 1994 1410 2025 nihil
1441 1995 1480 2026 de
1509 1997 1568 2027 hoc

837 2049 978 2080 retulerit
994 2048 1240 2086 Havercampus.
1270 2046 1355 2076 Illud
1370 2047 1569 2078 arbitrarium

838 2100 1002 2135 editorum,
1025 2098 1161 2140 ingeniis
1189 2098 1370 2129 facinorosis
1400 2098 1569 2140 indulgen-

838 2152 931 2190 tium,
954 2152 1089 2187 raditur,
1113 2160 1187 2181 cum
1209 2149 1454 2187 rauca‘scilicet,
1477 2150 1571 2192 longe

839 2202 1082 2234 insulsissimum
1098 2207 1145 2232 est
1160 2207 1191 2232 et
1212 2201 1458 2233 inscitissimum.
1503 2203 1570 2233 De-

840 2266 912 2287 cora
928 2261 974 2286 est
988 2260 1019 2285 et
1034 2254 1161 2294 elegans
1182 2254 1216 2283 in
1231 2252 1287 2283 sua
1303 2253 1375 2284 sede
1395 2264 1455 2284 vox
1477 2256 1552 2284 rado
1557 2269 1570 2290 ,-

840 2313 877 2338 ut
891 2306 1033 2346 superius
1054 2304 1161 2344 modo,
1183 2304 1224 2335 ad
1247 2315 1307 2335 ver.
1332 2308 1404 2336 551.
1434 2305 1485 2336 hic
1507 2315 1572 2335 non

842 2359 928 2389 item.
974 2358 1137 2387 Venustus
1162 2357 1258 2387 etiam
1274 2358 1409 2387 Serenus
1426 2356 1570 2386 Samoni-

843 2420 910 2447 ωε,
933 2408 972 2439 de
987 2407 1068 2438 med.
1084 2418 1147 2438 ver.
1166 2411 1240 2438 261.
1263 2417 1358 2448 quem
1373 2417 1411 2437 ex
1428 2407 1573 2437 Puteano

844 2461 949 2492 codice
974 2459 1211 2491 reformandum
1237 2470 1310 2495 esse,
1341 2459 1414 2489 satis
1439 2459 1576 2490 ostendit

846 2514 985 2545 Lucretii
999 2513 1101 2551 locus;
1130 2512 1295 2552 exemplar,
1319 2518 1354 2542 ut
1377 2511 1498 2551 liquido
1520 2522 1574 2551 pa-

848 2573 901 2604 tet,
918 2566 957 2596 ad
967 2566 1175 2596 imitationem
1186 2564 1380 2605 propositum
1393 2563 1574 2595 Samonico:

880 2648 928 2673 Vel
940 2647 1044 2672 rabidus
1054 2647 1159 2677 clamor,
1174 2646 1262 2671 fracto
1274 2652 1358 2676 quum
1370 2644 1441 2670 forte
1451 2651 1548 2671 sonore

882 2688 988 2712 Plenum
999 2686 1067 2711 radit
1078 2686 1134 2710 iter.

852 2762 952 2794 Vides
967 2761 1074 2792 omnia
1089 2760 1286 2791 Lucretianis
1300 2758 1471 2789 concinere.
1495 2757 1578 2788 Vul-

849 2825 901 2855 go,
926 2815 1081 2845 Planum:
1106 2822 1177 2852 quae
1203 2810 1354 2841 dictiones
1380 2816 1579 2840 commutan-

850 2873 903 2897 tur
925 2865 1019 2896 etiam
1041 2863 1174 2894 librariis
1199 2862 1239 2893 ad
1262 2862 1375 2892 Horat.
1399 2862 1484 2901 epist.
1507 2861 1526 2891 i.
1550 2864 1579 2890 2.

853 2923 882 2951 4.
908 2917 961 2950 Sil.
978 2917 1019 2948 1t.
1034 2916 1077 2948 iii.
1093 2911 1164 2948 552.
1186 2915 1255 2948 Liv.
1270 2915 1312 2946 iv.
1333 2918 1384 2946 52.
1403 2918 1451 2945 10.
1477 2912 1581 2944 Adeas
