1912 3292
333 229 398 270 50

828 219 890 268 T.
939 219 1322 270 LUCRETII

474 351 591 394 Inter
610 359 803 408 utrasque
823 351 901 394 sita
920 360 996 403 est,
1027 366 1168 394 cervos
1188 366 1397 408 saevosque
1415 350 1565 394 leones.

531 427 600 468 Sic
618 426 838 468 hominum
856 441 986 484 genus
1006 434 1085 476 est3
1117 440 1242 482 quam
1262 425 1321 466 vis
1341 425 1531 467 doctrina
1549 424 1697 481 politos

474 499 710 543 Constituat
729 502 884 557 pariter
903 501 1120 558 quosdam,
1151 509 1291 542 tamen
1310 500 1378 541 illa
1397 499 1589 556 relinquit

361 578 443 615 310
474 574 634 616 Naturfi
655 576 882 632 quoiusque
902 576 1030 617 animi
1050 575 1219 632 vestigia
1238 574 1386 630 prima:

474 648 564 690 Nec
584 648 778 691 radicitus
798 649 912 691 evelli
933 649 1041 690 mala
1060 663 1179 704 posse
1199 646 1434 703 putandum
1452 655 1529 698 est,

474 722 590 772 Quin
609 723 830 779 proclivius
850 723 953 765 hicc'
977 724 1058 765 iras
1078 723 1270 764 decurrat
1289 721 1342 762 ad
1363 720 1509 770 acreis;

329 879 352 897 “
368 877 571 908 tenuissimus
585 878 764 918 corporibus
775 879 973 910 exhalatus:''
989 879 1054 920 qui,

328 935 488 970 utcunque
510 930 550 960 ab
570 935 647 960 cestu
672 940 762 960 suam
785 931 941 971 originem
957 931 1055 963 dedu-

327 986 387 1018 cat,
409 989 519 1010 omnes
538 979 721 1010 differentiae
744 981 860 1021 gradus
883 988 985 1021 potest
999 982 1054 1013 ad-

327 1030 460 1062 mittere.
504 1030 594 1061 Hinc
609 1036 726 1068 noster,
751 1031 786 1062 in
807 1031 838 1062 ii.
866 1035 939 1064 845.
964 1034 1057 1064 habet

327 1084 352 1101 “
366 1083 464 1113 calidi
478 1081 628 1122 vaporis,''
649 1087 686 1112 ut
700 1082 734 1112 in
756 1083 815 1114 hoc
830 1082 899 1114 loco
923 1086 946 1102 “
959 1085 1058 1124 gelidi

328 1136 351 1153 “
366 1133 518 1174 vaporis.”
566 1133 690 1165 Gellius
714 1145 779 1165 non
811 1140 858 1165 est
886 1135 1058 1167 rationibus

326 1185 439 1216 nostris
454 1185 586 1223 alienus,
602 1185 664 1215 xix.
676 1188 706 1216 5.
733 1189 756 1204 “
773 1185 944 1223 Quoniam,
956 1197 1057 1228 quum

327 1239 350 1255 ‘⁸
365 1245 449 1277 aqua
463 1236 578 1277 frigore
599 1236 680 1266 aeris
705 1236 836 1267 duratur
857 1243 888 1268 et
902 1238 975 1276 coit,
999 1249 1054 1269 ne-

326 1291 350 1308 “
365 1299 449 1320 cesse
475 1294 521 1319 est
546 1287 613 1319 fieri
638 1291 876 1329 vaporationem,
899 1296 930 1320 et
943 1300 1054 1331 quam-

326 1345 350 1362 “
365 1343 439 1374 dam
454 1344 542 1386 quasi
564 1356 676 1376 auram
691 1346 901 1377 tenuissimam
923 1346 1055 1387 exprimi

326 1397 348 1414 “
368 1405 407 1426 ex
433 1395 479 1432 eii,
515 1401 546 1426 et
570 1396 746 1427 emanare.”
795 1396 897 1427 Sentis
919 1407 993 1439 ergo
1017 1397 1056 1428 li-

325 1446 521 1487 quidissime,
544 1447 578 1477 ni
593 1446 696 1486 fallor,
717 1447 901 1478 Lucretium
919 1459 984 1479 non
999 1448 1056 1479 ali-

324 1504 373 1529 ter
386 1498 524 1538 potuisse
545 1498 740 1529 locutionem
754 1509 815 1530 ver.
842 1503 915 1530 501.
942 1499 1057 1530 melius

325 1550 453 1587 variare,
478 1561 574 1592 quam
598 1550 778 1582 adhibendo
799 1553 899 1592 gelidi
919 1554 1038 1592 vaporis
1043 1568 1055 1589 ;

325 1603 416 1644 cujus
429 1603 531 1644 major
542 1602 632 1642 copia
642 1605 736 1635 cervis
752 1603 861 1644 utique
871 1604 1056 1644 concipitur,

326 1665 422 1696 quam
437 1657 540 1687 bubus.
584 1655 658 1686 Hac
679 1655 876 1687 restitutione
898 1656 979 1687 nihil
999 1656 1060 1687 fuit

324 1717 468 1748 unquam
482 1706 610 1737 certius:
639 1716 740 1747 neque
767 1706 853 1737 illius
880 1707 987 1738 animo
1010 1707 1060 1738 vel

324 1759 438 1788 umbra
452 1756 653 1788 dubitationis
668 1757 842 1796 inhaerebit,
866 1759 920 1799 qui
934 1758 1053 1790 Lucre-

325 1811 402 1842 tiani
417 1811 571 1842 sermonis
586 1810 674 1841 filum
692 1816 789 1849 tenet,
809 1820 863 1842 aut
878 1811 1056 1853 argumenti

326 1864 406 1904 sapit
440 1863 590 1895 indolem.
637 1863 739 1894 Hunc
775 1870 884 1895 autem
915 1876 1056 1897 errorum

327 1915 460 1953 fontem,
483 1925 520 1946 ex
536 1915 698 1946 literarum
718 1916 882 1946 metathesi
897 1916 1055 1957 profluen-

329 1973 406 2004 tem,
429 1966 610 2006 aperuimus
631 1966 665 1996 in
680 1966 939 2006 praecedentibus,
961 1968 1001 1999 ad
1021 1969 1052 1999 ii.

331 2020 426 2055 1103.
467 2017 577 2048 Simile
599 2017 675 2058 quid
698 2017 890 2057 Apollonius
912 2018 1058 2050 Rhodius

328 2079 436 2109 passus
450 2075 507 2107 est,
530 2069 568 2099 ad
585 2069 605 2099 i.
620 2072 693 2099 658.
720 2079 814 2110 quem
829 2069 863 2100 in
878 2076 1056 2101 transcursu

326 2130 439 2151 sanum
454 2119 577 2151 medeliz
591 2119 709 2150 efficaci
724 2120 852 2152 admoui
867 2121 1026 2152 dabimus:

453 2210 468 2238 ἡ
480 2210 500 2236 δ’
514 2210 578 2243 ἅμα,
591 2220 652 2237 τωο-ι
665 2212 793 2240 &mn-mg
803 2211 961 2244 ’Υψιπυλειω

326 2260 385 2288 Avr'
398 2271 427 2288 ενι
441 2271 537 2296 ‘retexam
551 2268 654 2298 σιω-ρος·
668 2273 805 2299 αμηχαιιῃ
818 2263 842 2290 δ’
858 2265 1029 2290 EXEONTO

329 2309 475 2343 Apsmyu.

328 2385 466 2417 Protulit
492 2397 529 2418 ex
555 2387 662 2418 codice
677 2388 867 2426 Brunckius‚
896 2402 1053 2431 nexum:

327 2439 360 2469 in
375 2449 438 2480 quo
456 2438 535 2469 nihil
556 2439 730 2481 adjumenti
752 2442 920 2481 reperitur;
945 2451 1055 2472 sensus

326 2491 412 2521 enim
428 2501 539 2531 parum
554 2493 738 2524 commodus
749 2493 894 2533 efficitur,
909 2503 967 2525 nec
978 2504 1054 2535 qua-

327 2541 366 2572 lis
379 2542 482 2574 colore
496 2543 556 2574 loci
571 2543 738 2586 flagitatur.
769 2545 958 2588 Legendum
972 2545 1055 2577 scili-

328 2600 392 2625 cet:

651 2685 787 2712 ιμηχαηῃ
796 2675 818 2702 δ’
833 2677 1028 2703 ENEXONTO

406 2720 555 2753 Δφθογγω.

384 2793 466 2826 Ibid.
492 2797 603 2836 gelidis
629 2804 736 2838 torpet.
785 2799 912 2838 Seneca,
943 2799 1059 2831 Troad.

332 2849 404 2878 624.

394 2924 535 2958 Torpeeque
545 2925 653 2954 vinctus
660 2927 761 2961 ffigido
771 2929 876 2962 sanguis
883 2929 953 2962 gelu.

1100 878 1190 909 Hinc
1213 877 1320 908 locum
1345 876 1522 917 depositum
1545 875 1683 907 Minucii
1709 875 1831 914 Felicis,

1100 935 1172 961 sect.
1196 933 1243 960 12.
1277 929 1405 960 suscites
1434 935 1465 960 et
1496 929 1653 959 restituas:
1692 930 1715 945 ‘⁶
1731 928 1830 961 Eece!

1101 988 1124 1004 “
1140 992 1210 1021 pars
1234 981 1371 1012 vestrum
1395 987 1427 1012 et
1453 981 1565 1021 major,
1591 986 1623 1011 et
1647 979 1767 1017 melior,
1794 985 1833 1011 ut

1101 1039 1124 1054 ‘⁶
1140 1033 1252 1069 dicitis,
1285 1033 1393 1073 egetis,
1422 1032 1548 1073 algetis;
1578 1038 1707 1072 torpore,
1736 1032 1832 1070 fame,

1101 1088 1124 1103 “
1141 1083 1316 1115 laboratis.’'
1361 1083 1511 1115 Eundem
1533 1094 1660 1115 sensum
1677 1084 1725 1115 bis
1739 1085 1832 1115 uber-

1101 1135 1159 1166 tim
1174 1141 1338 1166 exsecutus
1352 1141 1405 1166 est.
1447 1135 1567 1177 Vulgo,
1585 1147 1672 1177 opere
1687 1136 1812 1178 legitur.

1145 1186 1226 1218 Ibid.
1249 1188 1317 1218 telis
1334 1188 1454 1229 perfixa
1475 1189 1617 1227 vaporis:
1644 1195 1667 1210 ‘⁸
1683 1187 1728 1218 ita
1743 1192 1780 1218 ut
1798 1187 1834 1218 in

1102 1243 1124 1259 ‘⁶
1141 1249 1252 1270 omnes
1266 1245 1352 1270 artus
1367 1248 1462 1278 vapor
1479 1244 1628 1278 penetret,
1655 1244 1835 1278 permanet-

1101 1296 1123 1311 “
1141 1290 1233 1331 que.'’
1280 1290 1450 1330 Compar&
1472 1290 1492 1320 i.
1508 1292 1581 1322 495.
1603 1290 1636 1320 ii.
1664 1293 1736 1321 414.
1759 1294 1833 1323 415.

1099 1342 1137 1373 vi.
1155 1345 1227 1374 952.
1244 1345 1318 1374 953.
1342 1347 1373 1372 et
1388 1342 1421 1372 in
1437 1342 1665 1381 metaphoram,
1694 1342 1727 1373 ii.
1752 1345 1831 1375 560.

1101 1393 1273 1428 Arnobius.
1304 1392 1355 1424 lib.
1378 1393 1422 1423 iii.
1445 1403 1474 1432 p.
1492 1396 1633 1424 106.—“
1649 1392 1737 1432 alias,
1762 1395 1832 1426 telis

1103 1449 1126 1463 “
1141 1446 1300 1487 gravibus,
1323 1451 1355 1475 et
1369 1446 1505 1476 dolorum
1521 1446 1718 1476 acuminibus
1731 1447 1833 1487 fixas,

1102 1502 1125 1517 “
1143 1497 1270 1538 ejulare,
1296 1497 1437 1528 tortari.’'
1487 1497 1549 1528 Sic.
1568 1497 1676 1536 etiam,
1706 1497 1740 1527 in
1764 1506 1833 1528 car-

1099 1549 1186 1579 mine
1211 1548 1405 1588 politissimo,
1440 1547 1591 1585 Rutilius,
1622 1547 1689 1578 itin.
1715 1548 1737 1579 i.
1759 1550 1832 1582 451.

1100 1599 1351 1639 Bellerophontis
1365 1608 1515 1630 enarrans
1529 1598 1722 1630 infortunia:

1165 1683 1232 1706 Nam
1241 1682 1334 1713 juveni
1345 1681 1456 1711 offenso,
1468 1681 1534 1706 saevi
1545 1683 1606 1713 post
1617 1680 1668 1705 tela
1679 1680 1784 1712 doloris,

1198 1721 1301 1746 Dicitur
1311 1721 1463 1746 humanum
1475 1721 1637 1753 displicuisse
1646 1727 1740 1754 genus.

1100 1793 1169 1824 Nec
1184 1794 1313 1833 pulchre
1328 1795 1435 1825 minus
1449 1799 1555 1825 actum
1576 1800 1623 1825 est
1643 1794 1677 1825 in
1692 1793 1833 1836 reliquiis

1099 1844 1162 1875 illis
1177 1845 1390 1876 Petronianis:

1131 1918 1294 1951 Naufragus,
1304 1918 1390 1950 ejecti
1402 1919 1489 1943 nudus
1500 1922 1569 1949 rate,
1579 1918 1679 1950 quaerit
1691 1918 1774 1944 eodem

1163 1961 1311 1984 Percussum
1322 1959 1380 1989 telo,
1392 1959 1436 1984 cui
1447 1965 1494 1983 sua
1505 1959 1562 1984 rata
1573 1959 1656 1992 legat.

1142 2034 1218 2065 Ver.
1233 2037 1306 2066 507.
1335 2040 1499 2074 utrasque:
1533 2034 1581 2064 vel
1609 2040 1746 2072 naturas,
1770 2044 1831 2066 ver.

1099 2089 1172 2117 505.
1194 2086 1243 2116 vel
1259 2092 1391 2124 mentes,
1406 2096 1468 2117 ver.
1482 2089 1556 2117 300.
1572 2086 1620 2116 vel
1635 2086 1783 2127 denique,
1796 2093 1833 2118 ut

1099 2140 1252 2179 posterius
1269 2150 1398 2178 nomen,
1422 2142 1509 2171 boum
1529 2140 1657 2178 scilicet,
1688 2141 1834 2180 respicia-

1101 2198 1163 2229 tur,
1185 2191 1270 2232 quod
1293 2201 1408 2232 genere
1422 2191 1569 2222 muliebri
1584 2191 1698 2229 passim
1713 2192 1834 2232 gaudet

1101 2242 1210 2274 efferre
1236 2243 1449 2274 Mantuanus:
1487 2242 1558 2273 vide
1583 2242 1658 2273 AEn.
1682 2243 1733 2274 vii.
1759 2245 1835 2275 663.
1887 2267 1890 2271 -

1100 2294 1163 2325 viii.
1179 2298 1253 2326 265.
1270 2301 1301 2325 et
1316 2305 1373 2325 nos
1388 2294 1481 2332 infra,
1499 2294 1539 2325 ad
1553 2305 1581 2325 v.
1597 2298 1668 2326 475.
1685 2294 1721 2326 P.
1732 2298 1832 2326 utros-

1099 2358 1175 2387 que:
1202 2346 1256 2378 sod
1278 2347 1423 2378 codicum
1445 2347 1639 2388 reliquorum
1662 2347 1754 2378 lectio
1771 2347 1832 2378 mi·

1100 2408 1160 2429 nus
1171 2398 1293 2429 videtur
1305 2397 1437 2429 librariis
1451 2399 1676 2429 correctoribus
1688 2399 1833 2430 obnoxia.

1100 2449 1142 2480 In
1164 2460 1198 2481 re
1227 2450 1333 2487 simili,
1359 2450 1398 2482 ad
1425 2451 1444 2482 i.
1461 2453 1533 2483 635.
1555 2450 1730 2491 posuissem
1751 2461 1833 2492 quae,

1098 2514 1155 2544 pro
1169 2516 1254 2545 quos,
1279 2505 1339 2535 nisi
1362 2515 1448 2536 meas
1471 2515 1563 2536 aures
1588 2512 1755 2546 κακοφωηα
1776 2505 1832 2537 ab·

1101 2557 1386 2589 stenuisset-sita
1406 2564 1467 2589 est:
1494 2556 1591 2588 Vind.
1609 2556 1650 2589 V.
1663 2556 1712 2588 ed.
1730 2557 1769 2594 Q.
1795 2561 1832 2588 Δ.

1103 2615 1144 2640 Π.
1160 2614 1195 2641 Σ.
1219 2611 1311 2646 sitan
1338 2615 1385 2641 Ω.
1409 2611 1547 2650 scythas5
1571 2619 1642 2650 quae
1664 2614 1739 2640 sunt
1761 2609 1832 2640 bre-

1102 2661 1187 2692 viore
1215 2661 1378 2702 scriptura,
1408 2664 1497 2694 sitast
1521 2671 1646 2701 nempe,
1671 2665 1834 2702 prognata

1102 2711 1344 2752 depravationes.

1145 2763 1227 2795 Ibid.
1250 2773 1341 2796 saevos
1366 2765 1472 2796 leones.
1518 2763 1687 2806 Virgilius,
1708 2773 1778 2806 geo.
1799 2763 1832 2795 ii.

1106 2819 1174 2849 151.

1481 2892 1510 2917 et
1522 2895 1600 2916 saeva
1610 2888 1709 2915 leonum

1197 2930 1311 2956 Semina.
1699 2935 1709 2940 ·
