1912 3292
339 173 433 214 ‘236

842 172 902 221 T.
944 173 1321 224 LUCRETII

487 297 667 342 Reddita
685 301 751 353 sit,
771 302 897 362 longo
916 307 1047 361 spatio
1067 316 1113 349 ut
1131 307 1264 350 brevis
1283 308 1387 351 hora
1405 316 1574 360 teratur,

376 374 456 411 180
486 371 537 413 In
557 388 679 429 quem
699 390 871 434 quaeque
889 379 1026 422 locum
1045 381 1208 423 divorso
1228 383 1397 424 numine
1416 384 1562 433 tendit,

489 445 714 491 Suavidicis
733 451 884 506 potius,
906 468 1031 508 quam
1050 455 1204 506 multis,
1224 456 1404 498 versibus
1424 457 1557 498 edam:

343 596 423 627 valet
443 599 477 629 in
491 609 542 630 me
557 601 650 643 longe
664 605 841 637 acutissima
861 608 995 638 Bentleii
1010 611 1065 639 ob-

342 650 473 681 servatio
487 652 528 682 ad
550 653 667 686 Lucan.
682 656 702 686 i.
719 660 790 688 231.
815 668 872 688 nec
889 669 962 689 sane
976 669 1063 699 pror-

341 709 394 730 sus
429 701 615 735 inviolabilis
650 712 696 736 est
724 707 780 738 illa
811 709 927 749 regula.
973 710 1065 741 Idem

343 751 436 783 Maro
450 763 571 792 rursus,
586 755 659 786 ibid.
673 757 712 787 iv.
727 761 799 790 245.

386 832 541 896 zlabt'lretus,
551 835 606 860 adit
616 841 722 868 ventos,
732 841 760 864 et
770 839 877 865 turbida
887 844 975 866 tranat

412 878 429 895 u
445 879 453 896 ι
463 879 551 897 a—.

341 943 417 973 Adit
437 943 557 984 utique,
583 956 648 977 non
673 947 763 979 timet
787 951 922 990 ingredi,
944 951 993 982 vel
1007 962 1062 993 ag-

339 994 437 1033 gredi.
481 996 525 1026 Et
545 997 590 1027 ita
611 998 781 1039 legendum
795 1007 882 1040 puto,
905 1013 962 1042 pro
976 1006 1059 1044 agit,-

339 1045 378 1076 de
392 1046 454 1087 quii
469 1049 618 1088 scriptur-21
638 1051 781 1083 Servium
803 1054 908 1085 videas
929 1061 1064 1086 aestuan-

339 1102 412 1129 tem.
460 1099 510 1130 Sic
523 1104 611 1132 adire
625 1104 750 1143 labores,
778 1106 853 1137 AEn.
868 1107 887 1137 i.
904 1110 953 1138 10.
976 1108 1065 1149 quasi

338 1162 392 1182 eos
413 1156 534 1186 comites
555 1156 725 1188 habiturus.
770 1159 859 1189 Hinc
879 1166 987 1191 autem
1008 1172 1064 1192 suo

339 1205 509 1245 exemplari
523 1209 675 1239 consentit
692 1210 796 1250 Maro,
815 1211 875 1242 od.
890 1218 925 1242 A.
941 1216 992 1244 98.

698 1296 789 1323 ‘AMA
804 1307 883 1333 πνοιῇς
894 1308 998 1332 mest-oco.

340 1376 453 1408 Alium
467 1379 573 1411 locum
590 1381 729 1423 Virgilii,
751 1393 847 1424 quem
867 1385 933 1414 haec
948 1384 1064 1416 locutio

339 1429 461 1460 videtur
483 1431 573 1463 valde
587 1433 794 1472 delectavisse‚
817 1446 892 1466 mox
916 1436 1063 1468 admove-

339 1479 455 1519 bimus,
482 1484 540 1513 sub
553 1494 614 1515 ver.
634 1489 703 1516 182.
749 1486 888 1518 Accedat
915 1487 1062 1519 Claudia·

340 1541 411 1569 nus,
427 1540 504 1574 rapt.
522 1535 607 1567 Pros.
624 1537 644 1567 i.
664 1541 732 1569 184.

355 1614 434 1639 Nunc
445 1615 518 1647 spiris
529 1617 646 1650 zephyros
657 1621 773 1650 tranant,
785 1626 856 1646 nunc
867 1627 932 1647 arva
942 1622 1034 1648 volatu

354 1652 484 1679 Inferiore
492 1660 656 1682 secant—.

341 1722 452 1753 Cicero
466 1725 500 1754 in
516 1726 652 1766 Arateis,
672 1738 733 1760 ver.
748 1732 820 1761 251.
836 1730 876 1761 de
892 1731 977 1762 Ara':

354 1818 461 1851 Exiguo
477 1822 605 1853 supersim
617 1829 680 1854 quae
690 1823 790 1849 lumina
799 1828 923 1857 tempore
931 1829 1033 1853 tranat.-

338 1898 394 1929 ubi
410 1909 557 1939 reponere
572 1902 722 1934 debemus
735 1905 784 1935 vel
799 1907 922 1943 limina,
937 1907 985 1937 vel
999 1910 1064 1939 cul-

340 1952 424 1981 mina
431 1967 443 1987 ;
467 1953 522 1983 sed
546 1954 681 1992 priorem
709 1966 816 1987 vocem
847 1958 968 1989 malim:
995 1960 1065 1990 vide

340 2011 398 2031 nos
423 2001 463 2032 ad
488 2003 597 2035 iii.36.
616 2009 706 2036 1078.
733 2013 763 2037 et
786 2008 860 2038 alibi
887 2009 926 2039 de
952 2011 1065 2041 harum

340 2051 514 2083 dictionum
557 2055 737 2088 solennibus
777 2061 1064 2098 permutationibus·

342 2102 446 2142 Idem,
462 2104 534 2135 ibid.
551 2110 623 2137 404.

355 2197 412 2221 Hoc
423 2198 539 2229 spatium
549 2203 656 2225 tranans
672 2201 753 2226 caecis
763 2208 820 2227 nox
831 2202 940 2228 conficit
951 2204 1061 2229 umbris.

385 2275 457 2308 Ver.
477 2281 546 2310 179.
571 2283 669 2320 spatio
694 2288 745 2312 ut:
771 2282 867 2313 Vind.
894 2290 928 2314 ut
950 2287 1063 2324 s]›at2'o;

341 2332 372 2356 et
396 2328 439 2359 sic
464 2329 615 2362 editiones
639 2333 927 2373 quaedam—hora.-
963 2336 998 2366 P.
1025 2337 1064 2368 0.

342 2384 386 2408 Ω.
412 2391 483 2417 ora,·
507 2391 577 2422 quae
605 2383 754 2414 facillima
779 2391 833 2421 est,
852 2391 945 2426 atque
969 2387 1064 2418 etiam

339 2431 548 2473 usitatissima,
564 2436 719 2467 confusio:
745 2437 816 2468 vide
832 2438 1062 2477 Burmannum,

339 2481 379 2511 ad
400 2482 520 2514 Lucan.
536 2485 586 2516 vii.
607 2489 680 2518 502.
703 2494 734 2517 et
757 2488 1062 2530 Drakenborchium,

339 2533 378 2564 ad
394 2534 461 2566 Liv.
473 2535 492 2566 i.
503 2540 554 2568 33.
567 2542 595 2569 9.
611 2548 684 2569 cum
701 2540 789 2570 nobis
804 2551 904 2580 supra,
921 2552 980 2573 ver.
994 2546 1062 2574 158.

338 2584 381 2615 Et
397 2596 470 2617 sane
485 2598 550 2618 non
564 2590 696 2621 absurde
719 2591 863 2622 videntur
876 2593 994 2624 eaedem
1009 2605 1061 2626 vo-

338 2648 387 2668 ces
404 2640 536 2679 Isidoro,
558 2644 657 2685 origg.
673 2655 701 2676 v.
721 2649 770 2678 29.
816 2647 868 2678 Pii
890 2659 962 2679 vero
977 2649 1061 2680 codi-

338 2698 389 2720 ces
412 2693 544 2734 antiqui,
569 2707 666 2728 aura:
691 2696 731 2728 de
745 2698 807 2739 qua
822 2702 1061 2740 permutatione,

336 2751 389 2772 me
403 2745 545 2776 consulas
567 2747 607 2778 ad
628 2748 721 2789 Soph.
737 2749 848 2782 Trach.
865 2755 1062 2784 685.—!era-

336 2798 406 2823 tur:
442 2794 485 2824 sic
514 2796 633 2829 Aldina
664 2801 824 2840 posterior,
856 2809 888 2833 et
915 2803 1060 2838 Juntina‚

335 2844 411 2875 anni
438 2848 527 2878 1512.
550 2849 717 2891 verissime,
747 2858 782 2884 ut
804 2859 892 2894 puto,
921 2855 1062 2896 quamvis

1108 610 1145 640 P.
1171 610 1268 641 vind.
1295 616 1326 641 et
1350 621 1458 642 omnes
1485 611 1606 652 reliqui,
1644 610 1831 652 quibuscum

1107 660 1198 690 nobis
1212 671 1260 691 res
1274 667 1330 699 est,
1345 662 1477 692 habeant
1487 662 1638 702 ferantur
1646 677 1655 698 ;
1682 673 1755 692 cum
1769 663 1831 703 quii

1107 710 1257 750 scriptura
1276 711 1381 742 locum
1402 722 1530 753 nequeo,
1553 713 1635 743 salva
1650 714 1753 752 probae
1767 713 1830 744 La-

1108 762 1238 793 tinitatis
1258 764 1388 803 ratione,
1411 765 1569 804 expedire:
1599 765 1653 796 sed
1675 765 1759 796 unde
1781 776 1830 796 re-

1107 819 1195 852 cepta
1210 814 1300 845 lectio
1321 815 1507 854 profluxerit,
1530 827 1548 847 e
1565 817 1764 853 membranis,
1787 827 1829 847 an

1109 862 1247 894 virorum
1279 865 1442 896 doctorum
1470 867 1608 908 ingenio,
1638 878 1702 898 non
1731 869 1831 898 habeo

1109 913 1222 945 dicere:
1262 916 1353 947 facilc
1375 919 1547 956 permutari
1575 929 1663 950 voces
1699 919 1831 950 librariis

1108 967 1243 1005 potuisse
1258 968 1358 1007 quivis
1373 969 1466 999 videt.

1150 1025 1230 1056 Ibid.
1250 1027 1344 1058 brevis
1359 1029 1431 1058 hora
1448 1028 1499 1058 hic
1515 1028 1599 1058 idem
1614 1029 1695 1059 valet
1710 1044 1752 1070 τῳ
1767 1033 1831 1062 exi-

1103 1087 1199 1117 guum
1223 1079 1312 1109 hora‘i
1336 1084 1465 1118 tempus,
1490 1078 1530 1108 ad
1544 1078 1563 1109 i.
1582 1083 1672 1111 1015.
1697 1081 1752 1111 ubi
1774 1091 1833 1112 nos

1106 1128 1240 1160 videndi.

1151 1188 1223 1219 Ver.
1244 1192 1311 1220 180.
1334 1201 1422 1230 quem
1444 1201 1587 1231 quaeque:
1616 1191 1653 1223 P.
1672 1191 1766 1222 Vind.
1791 1187 1833 1224 Ο.

1110 1246 1150 1271 Π.
1174 1241 1249 1271 dant
1269 1244 1642 1283 quemcunque—denda:
1669 1247 1704 1274 Δ.
1725 1249 1834 1274 autem

1107 1295 1248 1332 tendunt,
1278 1300 1314 1324 ut
1335 1294 1439 1333 plures
1460 1294 1551 1333 editi;
1580 1295 1634 1326 sed
1655 1305 1831 1335 perperam:

1108 1353 1182 1374 nam
1193 1344 1316 1384 respicit
1324 1345 1490 1376 Lucretius
1501 1345 1587 1376 aliud
1597 1347 1832 1384 substantivum,

1106 1397 1271 1435 imaginem
1297 1396 1416 1437 utique,
1441 1397 1490 1427 vel
1516 1400 1660 1437 speciem;
1683 1398 1835 1439 quemad-

1106 1448 1237 1479 modum
1252 1454 1283 1478 et
1305 1448 1382 1479 alias
1396 1449 1540 1480 similiter
1560 1450 1698 1489 variavit,
1723 1461 1834 1492 quam·

1107 1499 1152 1530 vis
1177 1499 1309 1529 minime
1333 1499 1530 1539 probandum
1555 1501 1704 1532 videatur.
1748 1501 1835 1538 Quid

1107 1549 1232 1581 autem?
1256 1550 1338 1581 Tota
1352 1550 1412 1581 loci
1429 1551 1506 1582 serie
1521 1551 1561 1582 ad
1576 1551 1687 1592 judicii
1703 1552 1837 1583 severio-

1107 1601 1149 1631 ris
1179 1607 1324 1632 stateram
1352 1601 1591 1642 diligentissime
1618 1602 1782 1642 pensitatss,
1805 1608 1837 1634 et

1109 1652 1281 1683 lectionum
1306 1653 1494 1685 variantium
1520 1655 1692 1686 rationibus
1716 1655 1757 1686 ad
1785 1665 1833 1686 se-

1108 1705 1226 1735 cundas
1240 1704 1442 1746 cogitationes
1456 1707 1612 1743 revocatis,
1629 1707 1833 1747 nobismetip-

1108 1756 1149 1786 sis
1174 1756 1317 1787 videmur
1342 1757 1592 1798 germanissimas
1615 1758 1715 1798 po'etae
1736 1759 1833 1799 scrip·

1108 1814 1194 1838 turas
1209 1808 1430 1848 exploravisse3
1451 1810 1591 1850 quamvis
1605 1820 1670 1841 non
1692 1810 1760 1841 ausi
1780 1821 1834 1842 su-

1107 1870 1178 1890 mus
1193 1860 1267 1899 ipsis
1287 1866 1411 1892 tantum
1433 1872 1567 1899 sumere,
1589 1868 1626 1892 ut
1646 1872 1752 1893 versus
1771 1862 1836 1893 sint

1107 1910 1147 1941 ad
1163 1917 1303 1941 nostrum
1319 1912 1483 1942 arbitrium
1497 1912 1602 1944 denuo
1616 1912 1833 1944 constituendi.

1109 1962 1203 1998 Quod
1218 1963 1375 2002 volumus,
1391 1963 1434 1994 sic
1449 1974 1481 1994 se
1495 1965 1590 1995 habet
1603 1964 1750 2005 denique:

1108 2063 1183 2087 Nunc
1196 2069 1258 2094 age,
1268 2069 1350 2094 quam
1361 2062 1440 2088 celeri
1451 2067 1529 2088 motu
1540 2064 1681 2089 simulacra
1690 2063 1823 2096 ferantur,

1107 2103 1139 2127 Et
1152 2108 1213 2133 qua:
1226 2102 1360 2126 mobilitas
1370 2103 1435 2132 ollis,
1446 2104 1613 2128 tranantibus
1622 2111 1708 2134 auras,

1107 2141 1220 2166 Reddita
1230 2142 1275 2171 sit,
1286 2141 1366 2173 longo
1377 2142 1462 2173 spatio
1473 2147 1504 2167 ut
1515 2143 1600 2168 brevis
1610 2151 1676 2168 aura
1684 2143 1802 2175 seratur,

1107 2182 1136 2205 in
1147 2187 1228 2212 quem
1239 2187 1356 2213 quaeque
1365 2181 1455 2207 locum
1468 2182 1572 2208 diverso
1581 2183 1693 2209 numine
1701 2184 1830 2210 tendit—.

1112 2281 1162 2311 Sic
1178 2282 1284 2313 omnia
1299 2283 1428 2322 pulchre
1441 2283 1621 2324 procedunt,
1637 2290 1668 2316 et
1682 2285 1831 2316 amicissi-

1107 2342 1159 2363 me
1174 2334 1343 2364 cohaerent:
1369 2335 1556 2366 cordatiores
1576 2346 1660 2375 vero,
1686 2336 1741 2377 qui
1762 2336 1830 2366 Lu·

1107 2385 1239 2415 cretium
1255 2385 1419 2426 diligenter
1435 2387 1637 2426 imbiberunt,
1663 2387 1704 2418 ad
1716 2389 1831 2428 repeti-

1106 2435 1207 2466 tiones
1232 2437 1371 2477 ejusdem
1394 2438 1475 2468 vocis
1489 2438 1529 2469 de
1543 2438 1686 2478 proximo
1700 2449 1764 2469 non
1781 2438 1830 2469 of·

1105 2487 1247 2517 fendent:
1275 2489 1334 2518 hoc
1349 2489 1447 2527 enim,
1468 2496 1627 2530 utcunque
1641 2490 1778 2520 caverint
1791 2489 1831 2520 li-

1106 2539 1252 2569 matiores
1266 2541 1421 2582 sequentis
1446 2542 1503 2572 aevi
1525 2543 1634 2582 po'e'tae‚
1663 2542 1744 2573 Caro
1765 2550 1830 2571 non

1106 2589 1309 2630 displicuisse,
1325 2591 1398 2622 satis
1413 2598 1542 2624 constat.
1573 2593 1649 2625 Jam
1663 2601 1735 2630 vero
1748 2602 1829 2623 aura

1106 2647 1152 2671 est
1178 2645 1200 2660 “
1217 2643 1435 2674 tenuissimum
1464 2643 1636 2684 superficiei
1665 2642 1830 2683 cujuslibet

1107 2696 1128 2711 “
1145 2694 1352 2724 manamen:‘’
1385 2694 1455 2725 vide
1483 2693 1696 2725 animadversa
1724 2693 1757 2724 in
1794 2693 1828 2725 ii.

1104 2747 1176 2775 850.
1193 2754 1219 2774 v.
1239 2748 1307 2776 176.
1324 2745 1364 2776 νί.
1380 2749 1452 2776 220.
1484 2745 1572 2776 Hinc
1587 2745 1712 2784 insuper
1727 2754 1828 2775 mem-

1104 2796 1209 2827 branis
1223 2798 1322 2828 honos
1337 2809 1412 2828 suus
1427 2798 1528 2829 salvus
1543 2805 1690 2830 remanet.

1149 2855 1231 2888 Ibid.
1253 2859 1396 2889 numine:
1431 2858 1450 2888 i.
1473 2868 1502 2889 e.
1529 2864 1622 2897 nutu,
1647 2858 1830 2898 clinamine,
