1912 3292
381 196 474 238 110

885 199 946 247 Τ.
987 200 1366 255 LUCRETII

519 320 770 368 permanare
788 329 968 373 animam
987 333 1108 376 nobis
1125 349 1201 391 per
1220 338 1406 380 membra
1424 341 1550 384 solere
1556 360 1569 392 ;

403 394 485 434 700
516 395 657 440 Tanto
676 402 855 459 quoique
873 407 1018 464 magis,
1041 423 1136 450 cum
1155 425 1328 466 corpore
1346 412 1449 465 fusa,
1470 416 1632 471 peribit.

515 469 642 519 Quod
661 486 876 529 permanat
895 481 1021 532 enim,
1043 482 1287 527 dissolvitur:
1319 487 1459 530 interit
1477 505 1592 547 ergo.

509 543 740 601 Dispartita
758 566 858 610 ergo
877 569 953 609 per
972 556 1105 598 caulas
1125 560 1308 613 corporis
1327 564 1500 614 omneis,

507 617 588 672 (Ut
606 622 735 674 cibus,
757 625 800 666 in
821 629 1006 671 membra
1023 639 1147 687 atque
1165 641 1277 675 artus
1297 649 1423 690 quom
1442 636 1607 680 ducitur
1626 642 1798 692 omneis,

504 689 706 748 Disperit‚
727 707 850 755 atque
869 700 989 743 aliam
1009 713 1199 747 naturam
1219 707 1383 750 subficit
1401 724 1454 751 ex
1474 713 1533 764 se)

392 764 472 804 705
506 766 574 807 Sic
595 770 733 812 anima
750 780 874 829 atque
893 778 1069 829 animus,
1091 795 1216 835 quam
1236 783 1294 823 vis
1314 783 1475 841 integra
1494 800 1635 828 recens
1653 788 1696 829 in

503 838 665 895 Corpus
684 855 799 896 eunt,
821 855 958 891 tamen
977 852 1021 893 in
1041 855 1250 896 manando
1269 855 1562 910 dissoluuntur,

498 911 631 964 Dum,
654 920 768 971 quasi
787 935 862 975 per
880 923 1030 975 caulas,
1053 929 1210 970 omneis
1229 929 1428 973 diduntur
1447 933 1491 974 in
1511 943 1622 977 artus

343 1067 519 1104 perituras:
542 1068 614 1100 vide
628 1080 705 1102 verr.
720 1077 793 1106 640.
818 1081 891 1109 641.
915 1079 976 1111 Sed
997 1082 1076 1114 nihil
1121 1083 1399 1120 Quemadmodum
1409 1088 1494 1120 idem
1503 1100 1621 1131 rursus,
1635 1092 1710 1124 ibid.
1719 1094 1760 1126 xi.
1772 1099 1844 1128 665.

347 1116 416 1147 sine
431 1117 516 1149 libris
531 1123 710 1155 novandum
727 1132 781 1158 est.
812 1128 922 1168 Porro,
937 1132 971 1163 in
985 1143 1075 1166 versu
1119 1134 1242 1166 locutus
1255 1143 1315 1166 est:

345 1170 548 1208 praecedente‚
573 1173 613 1205 V.
629 1175 676 1206 ed.
691 1177 795 1215 habet,
810 1183 939 1214 videtur.

387 1220 469 1253 Ibid.
484 1227 635 1257 exsolvere.
661 1228 701 1259 In
713 1231 849 1271 gemello
861 1244 923 1265 usu
938 1235 1069 1279 Virgili-

344 1281 392 1308 us,
415 1273 455 1304 ad
474 1275 546 1306 AEu.
561 1277 602 1308 xi.
619 1281 691 1311 829.

402 1376 741 1392 ἢ
751 1373 827 1399 Tum
837 1375 935 1408 frigida
944 1381 1004 1404 toto

399 1403 539 1430 Paullatim
551 1407 667 1432 exsolvit
677 1415 705 1434 se
715 1415 857 1443 corpore-.

336 1486 452 1529 Neque
465 1490 603 1532 aliunde,
626 1505 723 1536 quam
736 1507 775 1528 ex
789 1499 847 1530 hac
861 1501 1061 1543 colligatione

323 1541 470 1579 ‘corporis
496 1549 527 1573 et
551 1545 676 1585 animae,
699 1550 869 1589 proprietas
893 1551 1060 1587 locutionis

331 1592 467 1630 petenda
480 1601 527 1625 est
540 1597 581 1627 ad
598 1598 673 1630 AEn.
688 1600 726 1631 iv.
743 1605 815 1634 652.

327 1665 454 1699 Adcipite
463 1669 533 1695 hanc
543 1671 668 1704 animm,
679 1681 779 1707 meque
789 1677 829 1702 his
838 1680 967 1706 exsolvite
977 1684 1054 1708 curis.

325 1731 500 1771 Arnobius,
515 1735 566 1768 lib.
583 1737 614 1768 ii.
629 1749 659 1778 p.
675 1744 798 1772 65.—“
812 1755 886 1776 cum
895 1747 961 1779 diae
971 1759 1054 1781 mor·

324 1784 349 1801 “
364 1783 405 1813 tis
418 1785 587 1824 advenerit,
611 1797 642 1821 et
655 1797 862 1834 corporalibus
875 1797 973 1830 fueris
986 1804 1052 1833 vin-

325 1835 349 1851 “
362 1836 440 1866 culis
450 1840 626 1871 exsolutus?
653 1843 683 1873 S.
701 1844 812 1884 Lucas,
829 1859 938 1892 evang.
954 1852 984 1883 ii.
1000 1857 1050 1886 29.

320 1890 378 1916 Nm
391 1893 602 1923 ΑΠΟΛΎΕΙΣ
616 1907 663 1924 ‘ror
673 1894 756 1927 δι’λον
767 1911 812 1934 σε,
830 1906 982 1941 Asca-ow,
993 1918 1048 1935 κα-

321 1949 364 1968 va
387 1951 420 1969 *ro
441 1941 520 1981 ῥῆμα
542 1955 587 1980 nr,
611 1958 636 1976 εν
659 1959 751 1991 ειρηνῃ.
776 1950 828 1981 Sic
849 1953 944 1985 etiam
968 1955 1047 1987 Tul-

317 1987 388 2025 lius,
412 1997 444 2021 et
457 1991 510 2022 alii
524 1997 680 2034 permuln'.

361 2040 433 2072 Ver.
457 2047 529 2076 699.
558 2049 764 2083 Per-manare:
795 2053 836 2084 V.
861 2056 909 2087 ed.
939 2059 977 2089 Β.
1004 2067 1044 2092 11.

317 2091 520 2126 Permanere:
546 2104 582 2128 ut
596 2109 703 2133 rursus
720 2109 760 2134 11.
776 2105 815 2135 ad
830 2116 891 2137 ver.
908 2111 979 2140 701.

358 2142 440 2175 Ibid.
465 2148 671 2183 Permanere:
695 2153 715 2184 i.
731 2164 757 2186 e.
782 2159 805 2174 “
821 2167 885 2188 non
900 2159 933 2190 in
949 2162 1042 2193 caveai

315 2195 338 2212 “
353 2196 441 2235 quasi
457 2201 668 2240 constrictam,
691 2205 749 2236 sibi
765 2217 819 2247 per
833 2219 866 2239 se
880 2211 978 2243 solam
993 2215 1037 2244 vi-

311 2246 336 2263 “
350 2255 436 2285 vere;
459 2255 490 2280 et
512 2261 550 2281 ex
573 2263 631 2284 suo
652 2254 813 2290 domicilio
835 2271 961 2294 sensum
983 2276 1038 2304 per

310 2298 334 2314 “
349 2306 460 2330 omnes
480 2308 567 2334 artus
588 2304 796 2347 diffundere;”
819 2318 855 2342 ut
875 2323 937 2345 ver.
963 2320 1035 2348 684.

308 2348 360 2378 cui
390 2360 476 2382 nunc
500 2357 689 2389 contrariam
716 2361 903 2400 positionem
931 2373 1035 2399 noster

307 2403 563 2438 comminiscitur.

349 2453 422 2485 Ver.
440 2460 510 2488 700.
533 2462 679 2502 quoique:
706 2464 743 2496 P.
763 2467 801 2503 Q.
827 2474 867 2500 n.
891 2475 925 2502 Σ.
948 2483 1031 2513 quec-

304 2513 373 2543 que,
410 2516 475 2538 non
505 2509 705 2545 incommode
733 2527 876 2558 prorsus;
915 2521 954 2553 Ο.
985 2531 1030 2556 Ω..

303 2557 415 2595 quippe
419 2574 430 2594 ,·
447 2559 543 2592 vind.
558 2562 599 2594 V.
617 2565 664 2596 ed.
681 2567 719 2598 B.
735 2567 770 2599 L.
789 2570 836 2601 M.
853 2577 888 2603 Δ.
903 2576 1026 2615 quique,-

303 2606 388 2637 unde
402 2616 535 2643 veterem
547 2616 730 2656 scripturam
742 2625 872 2663 quoique
886 2625 943 2655 viri
955 2627 1029 2658 doc-

300 2657 324 2687 ti
339 2666 421 2690 recte
436 2666 638 2706 excuderunt,
663 2681 742 2712 quos
755 2673 814 2714 ipsi
836 2676 967 2709 libenter
981 2690 1027 2710 se-

340 2759 422 2792 ibid.
446 2775 513 2795 cum
534 2779 654 2809 corpore
668 2774 766 2813 fissa:
799 2779 905 2810 anima
928 2782 1022 2813 nimi·

295 2820 374 2842 rum.
399 2813 562 2857 Virgilius,
586 2821 662 2854 AEn.
677 2825 698 2856 i.
717 2831 766 2859 98.

310 2895 403 2905 ἦ
411 2886 514 2920 tuique
527 2891 641 2918 animam
654 2894 722 2922 hanc
735 2898 862 2930 effundere
872 2902 982 2930 dextra?

1295 1216 1363 1244 quot
1373 1214 1451 1240 humi
1462 1216 1606 1243 morientia
1614 1223 1717 1252 corpora
1718 1221 1831 1253 fundis?

1155 1282 1230 1313 Ver.
1243 1287 1316 1314 702.
1334 1286 1531 1325 Dispartita:
1549 1291 1752 1332 omneslihri,
1761 1295 1838 1327 Dis-

1105 1335 1262 1372 partitum
1299 1345 1358 1366 nec
1383 1347 1483 1375 versu,
1514 1349 1572 1370 nec
1596 1345 1836 1384 constructione,

1108 1383 1443 1429 permittente—ergo:
1469 1389 1514 1421 sic
1529 1391 1572 1423 V.
1595 1393 1644 1424 ed.
1666 1395 1704 1426 L.
1729 1396 1777 1428 M.
1795 1404 1835 1429 11.

1110 1438 1144 1466 Σ.
1167 1435 1290 1476 reliqui,
1313 1441 1411 1476 enim,·
1434 1441 1532 1480 unde,
1553 1445 1696 1484 quamvis
1715 1446 1834 1479 Lucre·

1104 1486 1167 1517 tius
1180 1488 1314 1520 eandem
1328 1490 1499 1524 dictionem
1522 1504 1561 1525 ex
1581 1497 1726 1536 proximo
1746 1510 1833 1540 tepe-

1103 1542 1168 1568 tere
1183 1549 1246 1570 non
1262 1541 1454 1581 reformidet,
1480 1545 1590 1577 malim
1613 1549 1760 1590 equidem
1781 1561 1830 1582 re-

1103 1598 1218 1628 ponere
1233 1590 1268 1621 in
1280 1593 1340 1624 hoc
1359 1593 1441 1625 loco:

1163 1663 1308 1696 Dispartita
1315 1669 1339 1690 et
1349 1667 1416 1692 enim
1426 1675 1474 1701 per
1483 1670 1613 1696 caulas—.

1143 1735 1225 1767 Ibid.
1247 1740 1352 1770 caulas
1374 1744 1516 1782 corporis.
1562 1743 1614 1775 Sic
1635 1745 1710 1778 alibi
1727 1747 1827 1780 Carus

1097 1785 1220 1818 locutus
1235 1795 1292 1828 est,
1313 1797 1344 1821 et
1358 1791 1429 1831 plus
1443 1794 1509 1825 vice
1523 1795 1666 1836 simplici.
1711 1799 1826 1832 Paullo

1096 1837 1185 1869 aliter
1201 1840 1366 1882 Virgilius,
1389 1844 1430 1875 ad
1445 1845 1520 1877 AEn.
1535 1846 1577 1878 ix-
1594 1851 1666 1881 580.

1503 1929 1648 1962 abditaque
1654 1931 1729 1957 intus

1152 1961 1311 1993 spiramenta
1322 1964 1416 1990 anime
1426 1966 1500 1992 letali
1509 1968 1621 1995 volnere
1630 1971 1743 2003 rumpit.

1092 2031 1197 2062 Caulae
1211 2037 1345 2074 corporis
1359 2035 1464 2077 itaque
1485 2038 1639 2070 foramina
1660 2049 1745 2082 sunt,
1769 2046 1815 2076 vel

1088 2082 1167 2120 pori,
1191 2094 1245 2122 per
1259 2095 1337 2126 quos
1351 2087 1458 2118 anima
1471 2091 1654 2130 exspiratur.

1131 2134 1205 2166 Ver.
1233 2139 1302 2168 703.
1325 2140 1467 2171 ducitur:
1496 2148 1538 2173 Π.
1565 2146 1700 2183 d1'cilur,·
1728 2149 1814 2181 unde

1085 2187 1265 2227 conjectura
1287 2193 1419 2222 assecuti
1441 2203 1566 2226 eramus
1585 2204 1723 2230 nostram
1748 2201 1811 2234 lec-

1083 2238 1212 2276 tionem,
1237 2251 1332 2282 quam
1347 2243 1460 2276 diserte
1474 2247 1638 2286 proferunt
1651 2251 1748 2284 vind.
1766 2254 1808 2286 V.

1080 2291 1126 2321 ed.
1157 2293 1191 2322 Β.
1218 2293 1257 2324 Ο.
1282 2296 1321 2332 Q.
1349 2302 1383 2328 Σ.
1410 2299 1532 2341 reliqui,
1553 2304 1691 2341 ἀὶᾰὶιιιη
1723 2308 1807 2348 quod

1079 2343 1191 2382 tritius,
1215 2352 1246 2376 et
1260 2347 1366 2380 minus
1387 2351 1432 2381 rei
1454 2353 1624 2393 proprium.
1667 2357 1808 2391 Ducitur

1077 2404 1202 2436 nempe,
1225 2399 1358 2439 ἕλκεται,
1379 2405 1526 2443 trahitur,
1548 2407 1711 2440 hauritur:
1735 2411 1807 2442 vide
1849 2446 1852 2448 v

1077 2446 1117 2477 sis
1132 2455 1270 2481 nostram
1295 2452 1366 2484 Silv.
1389 2454 1465 2486 Crit.
1480 2456 1499 2486 i.
1514 2467 1543 2496 p.
1563 2461 1631 2489 142.
1654 2469 1729 2491 nam
1744 2464 1802 2494 du·
1851 2459 1855 2462 ’

1075 2509 1153 2538 cere,
1179 2511 1235 2540 pro
1250 2504 1358 2544 bibere,
1381 2508 1600 2549 pervulgatum
1621 2517 1675 2543 est.
1719 2513 1803 2545 Nos-

1074 2556 1121 2580 ter
1134 2552 1219 2583 haud
1242 2555 1364 2588 minore
1387 2568 1460 2590 cum
1486 2561 1641 2602 elegantia
1663 2574 1698 2595 se
1716 2565 1802 2597 dedit

1073 2611 1175 2641 supra,
1197 2604 1238 2635 ad
1253 2606 1273 2636 i.
1288 2610 1360 2639 555.
1676 2617 1680 2620 “

1101 2685 1180 2716 Quod
1191 2686 1259 2712 cibus
1269 2691 1295 2713 in
1308 2694 1388 2721 totas,
1405 2699 1490 2724 usque
1499 2695 1533 2719 ab
1544 2696 1676 2723 radicibus
1685 2697 1755 2730 imis,

1099 2726 1147 2750 Per
1157 2729 1278 2759 truncoS,
1294 2737 1324 2755 ac
1340 2738 1388 2762 per
1399 2739 1499 2764 ramos,
1514 2734 1671 2767 diffunditur
1681 2740 1794 2765 omneis.

1068 2774 1108 2826 Ii]
1131 2798 1189 2830 hac
1206 2801 1407 2834 translatione
1428 2807 1671 2840 torrentissimus
1685 2811 1791 2844 Arno-

1064 2847 1135 2878 hius
1163 2860 1227 2882 non
1257 2853 1371 2884 veritus
1400 2863 1445 2886 est
1478 2857 1662 2891 Lucretium
1697 2872 1790 2894 suum

1064 2900 1218 2940 aemulari,
1240 2903 1292 2936 lib.
1309 2915 1334 2936 v.
1358 2916 1386 2945 p.
1407 2910 1546 2942 163.-“
1562 2910 1620 2942 ino
1641 2918 1791 2953 tempore.
