1912 3292
343 285 441 330 210

802 273 862 322 Τ.
920 267 1301 321 LUCRETII

400 417 453 454 55
484 411 541 454 Et
558 409 711 466 partim
729 413 924 450 contexta
945 404 1092 462 magis,
1123 401 1424 456 condensaque,
1455 405 1502 441 ut
1519 398 1618 440 olim

482 486 625 536 Quom
645 491 791 526 teretes
809 488 971 539 ponunt
991 479 1150 521 tunicas
1170 483 1310 518 aestate
1329 472 1498 524 cicadae,

482 561 539 602 Et
559 559 712 610 vitulei,
742 571 869 615 quom
888 553 1148 597 membranas
1166 551 1219 592 de
1238 563 1411 605 corpore
1431 561 1593 590 summo

479 634 705 676 Nascentes
724 633 914 680 mittunt3
947 636 988 670 et
1007 629 1105 669 item
1125 639 1252 682 quom
1271 623 1428 665 lubrica
1448 634 1613 677 serpens

482 708 612 749 Exuit
631 707 674 746 in
693 705 819 760 spinis
838 710 1012 750 vestem;
1045 713 1144 741 nam
1160 712 1268 753 saepe
1287 696 1472 738 videmus

396 787 451 823 60
482 781 651 822 Illorum
672 777 808 833 spoliis
827 774 984 831 vepreis
1003 772 1264 815 volitantibus
1284 779 1435 812 auctas.

338 941 361 956 “
376 936 496 977 dentia)
523 934 638 975 partim
650 935 805 965 solidiores
820 943 878 968 res,
901 937 938 962 ut
952 935 1065 962 teretes

337 992 359 1008 “
376 988 499 1024 cicadae,
521 988 647 1017 mittunt
662 995 787 1025 corpora
803 988 949 1014 contexta
963 981 1066 1021 magis

338 1043 359 1058 ‘¹
375 1046 407 1069 et
420 1037 607 1070 coudensa.”
635 1035 725 1067 Nihil
735 1034 858 1072 clarius,
873 1043 969 1074 quam
981 1031 1066 1073 quod

336 1096 443 1121 nostra
468 1089 559 1120 lectio
584 1088 626 1119 sit
646 1087 754 1118 multis
776 1085 957 1117 nominibus
978 1082 1063 1114 evul-

337 1148 419 1184 gatae
428 1141 648 1182 praeponenda,
665 1146 695 1171 et
710 1139 808 1179 po’etae
817 1137 917 1168 menti
926 1135 1066 1166 maxime

337 1192 580 1225 accommodata.
624 1192 700 1222 Non
723 1191 844 1221 alienus
869 1194 917 1219 est
941 1188 1068 1229 elegans

337 1245 426 1276 locus
442 1244 621 1282 Novafiani,
636 1242 676 1274 de
688 1244 755 1273 Deo
771 1240 937 1282 loquentis,
954 1240 987 1269 in
1002 1248 1066 1279 reg.

338 1296 391 1327 fid.
417 1296 552 1326 init—‘⁴
568 1295 623 1336 qui
648 1294 762 1325 coelum
788 1292 851 1323 alta
876 1291 1067 1322 sublimitate

339 1351 362 1366 ‘⁶
378 1347 583 1387 suspenderit,
606 1351 720 1376 terram
742 1341 861 1384 deject&
887 1341 970 1373 mole
993 1342 1066 1372 soli-

340 1403 362 1418 “
379 1399 509 1438 daverit,
523 1398 623 1429 maria
631 1399 726 1429 soluto
742 1396 862 1437 liquore
875 1392 1066 1436 dg'ffuderitff’

383 1451 455 1482 Ver.
472 1454 522 1482 54.
544 1461 616 1482 ceu.-
642 1449 685 1479 sic
708 1448 746 1479 P.
763 1448 805 1478 V.
822 1446 869 1477 ed.
894 1447 930 1477 B.
958 1445 997 1476 O.
1023 1451 1067 1476 Ω.

339 1503 532 1545 reliquorum
554 1509 661 1533 tamen
676 1499 904 1540 exemplarium
918 1498 1069 1537 scriptura

337 1567 389 1587 seu
405 1561 589 1586 communes
611 1554 762 1585 editiones
784 1551 915 1583 mirifice
936 1559 1067 1589 occupa-

340 1608 391 1638 vit.

381 1660 456 1691 Ver.
473 1663 523 1692 55.
533 1661 682 1691 condensa
691 1672 700 1689 :
716 1657 813 1689 vind.
824 1663 965 1688 contensa
974 1670 984 1691 ;
995 1664 1069 1694 ope-

338 1722 456 1749 rarum,
479 1718 515 1741 ut
530 1711 663 1748 videtur,
686 1710 773 1740 vitio.

382 1763 457 1792 Ver.
474 1765 526 1793 56.
547 1768 667 1793 teretes:
693 1760 736 1790 sic
752 1760 790 1790 P.
804 1757 976 1789 verissime:
1003 1757 1023 1787 i.
1041 1766 1066 1786 e.

340 1819 362 1835 “
383 1813 580 1855 longiuscule
594 1812 750 1850 rotundae,
773 1818 804 1842 et
818 1817 923 1841 tamen
939 1807 1068 1840 solidius

339 1870 362 1885 ‘⁶
378 1864 584 1904 compactae;“
609 1864 653 1894 ita
676 1870 711 1893 ut
734 1862 850 1902 opponi
875 1860 1069 1900 intelligatur

338 1920 475 1959 cuipiam
501 1920 619 1954 scabro,
650 1917 738 1948 tenui
766 1926 901 1956 prorsus,
925 1921 956 1946 et
981 1914 1069 1956 quasi

339 1971 536 2008 dilaminato‚
551 1969 682 2009 corpori.
715 1968 811 1999 Mens
825 1966 983 2006 scriptoris
999 1975 1069 1996 sen-

339 2032 412 2053 sum
427 2022 512 2051 hunc
527 2020 689 2060 efflagitat:
718 2019 822 2049 videas
845 2017 1071 2056 expositionem

341 2083 446 2106 meam
467 2072 508 2103 ad
531 2082 592 2102 ver.
619 2075 670 2103 53.
697 2069 792 2100 modo
814 2069 930 2104 datam,
953 2077 1028 2098 cum
1043 2078 1070 2098 v.

339 2129 412 2156 801.
429 2130 460 2154 et
474 2133 543 2164 quae
559 2122 702 2153 dicentur
716 2120 755 2152 ad
765 2130 824 2151 ver.
837 2123 930 2151 1160.
942 2119 1072 2159 hujusce

340 2176 420 2207 libri.
438 2174 478 2205 V.
493 2174 540 2205 ed.
558 2174 595 2205 B.
615 2180 656 2204 n.
671 2175 806 2209 coeteris;
830 2170 927 2202 Vind.
943 2172 1068 2205 ωηεν-ῖς,-

345 2229 384 2260 O.
403 2235 447 2259 Ω.
462 2229 567 2259 veteris
574 2241 584 2262 ‚·
611 2231 790 2258 tterzeras:
816 2224 937 2265 reliqui,
948 2223 973 2254 si
986 2233 1073 2254 veros

343 2280 476 2322 egerint,
499 2278 554 2320 qui
576 2278 774 2308 membranas
789 2275 888 2306 oculis
903 2285 1072 2315 usurpave-

344 2332 418 2369 rint,
433 2337 550 2362 veleres.
580 2329 692 2367 Porro,
708 2329 773 2359 vice
785 2334 901 2365 ωειαιε,
917 2327 954 2357 L.
969 2332 1071 2362 cerate,-

344 2383 476 2414 fortasse
497 2391 562 2412 non
584 2380 728 2411 deterius.
775 2378 837 2410 Sed
853 2378 1072 2416 Nemesianus,

343 2434 399 2465 ecl.
415 2434 454 2464 iv.
470 2436 520 2464 42.
543 2433 638 2463 habet
657 2433 770 2463 aestivis
785 2431 902 2462 cicadis
912 2442 921 2467 ;
943 2429 1075 2470 ideoque

345 2485 424 2516 nihil
448 2484 784 2519 novem.—Caeterum,
812 2492 929 2513 nomen
951 2488 1072 2513 teretem

344 2537 423 2568 velle
448 2535 598 2578 quiddam
623 2535 777 2567 concinne
803 2539 1014 2574 compactum,
1038 2543 1073 2564 ac

344 2589 440 2619 nullis
451 2587 680 2629 prominentiis,
690 2586 905 2623 incisionibus,
918 2591 973 2617 aut
985 2596 1072 2625 aspe-

344 2640 487 2671 ritatibus
505 2639 754 2681 quibuscunque,
776 2637 942 2679 inaequale,
967 2638 1072 2668 Arno·

344 2691 416 2721 bius
429 2691 675 2722 luculentissime
690 2689 824 2726 docebit,
839 2689 892 2720 lib.
901 2689 942 2720 vi.
955 2699 984 2729 p.
1002 2692 1015 2719 1
1024 2691 1073 2721 96.

347 2745 370 2761 “
388 2742 483 2779 Nam,
504 2753 578 2774 cum
593 2752 703 2774 omnes
716 2742 860 2773 homines
873 2748 994 2773 teretem
1010 2750 1075 2772 esse

348 2796 371 2812 “
388 2793 486 2823 solem
517 2794 715 2825 indubitabili
745 2793 906 2824 luminum
935 2798 1075 2824 contem-

348 2850 372 2866 “
388 2847 525 2887 platione
540 2849 716 2887 videamus3
739 2858 774 2879 os
789 2847 836 2879 illi
850 2858 904 2879 vos
927 2847 1074 2884 hominis,

350 2901 373 2917 ‘⁶
389 2904 420 2928 et
430 2899 612 2930 mortalium
623 2909 789 2939 corporum
800 2900 1003 2938 lineamenta,
1019 2898 1077 2930 do·

351 2953 373 2969 ‘⁸
390 2950 515 2982 uastis.”

1153 927 1237 959 Ibid.
1259 929 1383 958 tunicas
1398 926 1442 956 Ee
1458 925 1656 956 membranas.
1682 921 1764 952 Haec
1778 919 1834 952 ali-

1108 984 1155 1010 ter
1181 977 1365 1009 Aristoteles
1393 975 1588 1016 conjunctim
1616 972 1767 1009 exhibuit,
1796 971 1836 1003 de

1108 1036 1199 1071 partt.
1223 1029 1354 1060 animm.
1375 1027 1414 1058 iv.
1442 1030 1491 1058 15.
1514 1035 1627 1056 vocans
1649 1029 1701 1055 eas
1722 1037 1839 1066 χιιι-ωσι

1110 1080 1244 1121 §mvn-ahu.
1289 1080 1336 1110 At
1349 1078 1435 1108 enim
1459 1086 1519 1107 vox
1540 1077 1647 1107 tunica
1662 1075 1785 1106 videtur
1799 1075 1838 1106 ab

1109 1131 1311 1173 Empedoclis
1332 1141 1392 1162 usu
1419 1129 1565 1161 derivata
1611 1128 1759 1163 Stobaeus,
1782 1126 1837 1158 ecl.

1109 1184 1199 1224 phys.
1216 1183 1267 1214 lib.
1283 1183 1303 1213 i.
1317 1193 1347 1222 p.
1366 1184 1436 1212 141.
1460 1178 1627 1220 Porphyrii
1637 1178 1736 1210 citans
1750 1187 1838 1219 egre-

1110 1235 1201 1277 gium
1216 1234 1445 1276 fragmentum:

1131 1311 1238 1345 Σωρκων
1251 1309 1468 1336 ΔΛΛΟΧΡΩἹῚ
1483 1310 1668 1343 mpura-sunem
1681 1305 1826 1337 XlTssNl,

1111 1387 1162 1405 και
1186 1384 1415 1414 μετιμπεχπι
1438 1385 1493 1406 τας
1519 1372 1639 1412 ψυχας.
1687 1368 1736 1399 Sic
1753 1367 1840 1399 locus

1110 1426 1168 1456 iste
1183 1423 1399 1455 emendandus
1414 1428 1469 1453 est.

1153 1476 1231 1506 Ver.
1250 1479 1302 1507 58.
1327 1476 1446 1505 lubrica
1462 1483 1591 1513 serpens.
1636 1471 1742 1510 Maro,
1764 1469 1840 1501 AEn.

1111 1537 1140 1557 v.
1157 1530 1208 1557 84.

1230 1603 1317 1635 adytis
1328 1608 1412 1634 quum
1423 1600 1534 1626 lubricus
1545 1599 1636 1634 anguis
1647 1599 1680 1624 ab
1691 1599 1822 1624 imis-—

1117 1669 1284 1705 Caeterum,
1310 1668 1408 1698 totius
1433 1666 1517 1697 color
1540 1665 1601 1696 loci
1623 1665 1699 1695 satis
1723 1663 1842 1695 indicat

1110 1723 1236 1763 poetam
1265 1730 1438 1752 memorem
1463 1720 1559 1751 fuisse
1582 1718 1770 1754 Aristotelis,
1801 1717 1841 1749 de

1110 1773 1180 1804 hist.
1195 1773 1327 1803 animm.
1351 1771 1414 1802 viii.
1430 1771 1568 1803 17.—‹5er‘
1589 1784 1624 1804 σιν
1643 1769 1671 1801 δε
1693 1781 1844 1810 αρχωνται

1113 1824 1227 1857 eduum
1242 1828 1292 1866 (το
1307 1823 1414 1866 γῆρας)
1431 1823 1455 1854 οἱ
1469 1830 1551 1863 οφεις,
1566 1833 1627 1852 mro
1643 1834 1698 1852 των
1720 1821 1841 1861 οφθαλ-

1714 1873 1843 1906 tame-ou

1112 1892 1172 1919 μων
1200 1880 1377 1919 mozo-vacem
1407 1890 1514 1920 arpenn
1544 1883 1624 1916 φασι·

1114 1944 1173 1973 ’γαρ
1188 1931 1223 1965 ὣς
1240 1942 1292 1972 περ
1309 1943 1350 1961 τοι
1376 1930 1482 1972 εμξρυα
1498 1942 1529 1960 εκ
1546 1942 1602 1959 των
1615 1927 1795 1970 χοριωκ-οἷ
1815 1925 1842 1956 δε

1115 1983 1520 2025 τεττιγες,-πεμρροιγενσ·ος
1547 1992 1585 2012 σε
1609 1986 1746 2019 κελνφυς,
1771 1979 1840 2019 εξιρ·

1114 2046 1232 2074 xum-m.

1157 2084 1232 2115 Ver.
1249 2086 1301 2115 59.
1326 2084 1423 2114 Exuit
1439 2084 1471 2113 in
1487 2083 1603 2122 spinis:
1628 2080 1669 2111 V.
1692 2079 1740 2110 ed.
1764 2080 1843 2110 Em*-

1114 2138 1157 2168 vit
1171 2138 1292 2176 iuspiis.

1161 2187 1239 2218 Ibid.
1258 2188 1355 2218 Exuit
1368 2192 1490 2217 vestem:
1510 2183 1617 2215 redeas
1629 2182 1844 2213 animadversa

1115 2239 1206 2270 nobis
1221 2238 1261 2269 ad
1276 2238 1320 2268 iii.
1335 2241 1408 2269 615.
1446 2237 1496 2268 Ex
1512 2238 1570 2267 hac
1584 2234 1687 2277 figur-ii
1701 2234 1843 2265 similiter

1116 2291 1282 2332 Virgilius,
1298 2289 1339 2320 ad
1356 2289 1430 2320 AEn.
1446 2288 1488 2319 xi.
1503 2292 1576 2320 829.

1209 2385 1517 2393 ———-—-
1525 2372 1602 2396 Tum
1612 2369 1709 2402 frigida
1721 2372 1780 2394 toto

1211 2411 1351 2438 Paullatim
1361 2411 1476 2437 exsolvit
1486 2418 1513 2437 se
1524 2415 1650 2442 corpore:

1116 2491 1204 2535 quasi
1219 2491 1336 2524 scilicet
1349 2492 1533 2533 diffibulant
1553 2487 1791 2522 tunicam—Et
1804 2494 1844 2519 ex

1116 2547 1176 2577 hoc
1199 2545 1269 2576 loco
1293 2543 1460 2575 flosculum
1485 2542 1562 2584 legit
1583 2540 1786 2576 Prudentius,
1808 2539 1843 2569 in

1117 2596 1248 2628 materia
1265 2595 1406 2637 quamvis
1427 2594 1599 2626 admodum
1619 2591 1763 2624 dissimili
1776 2599 1844 2621 ver-

1117 2655 1212 2685 satus,
1233 2649 1336 2688 apoth.
1353 2657 1413 2678 ver.
1429 2649 1478 2678 56.

1312 2735 1383 2758 Deus
1393 2733 1420 2757 in
1431 2732 1510 2765 spinis
1520 2729 1648 2756 volitabat
1658 2729 1755 2759 acutis,

1149 2772 1345 2805 Vulnificasque
1355 2779 1446 2798 comas
1456 2770 1582 2798 innoxius
1593 2769 1660 2802 ignis
1670 2769 1778 2802 agebat.

1160 2845 1236 2876 Ver.
1255 2848 1307 2876 60.
1329 2850 1452 2876 auctas:
1479 2847 1516 2874 Δ.
1531 2847 1634 2879 actm,-
1659 2841 1706 2872 M.
1722 2846 1843 2877 auctos.-

1118 2897 1173 2928 sed
1195 2896 1353 2937 vulgatam
1381 2895 1549 2926 lectionem
1572 2898 1678 2924 tuetur
1706 2892 1844 2932 Nonius,

1119 2950 1161 2982 vi.
1178 2951 1229 2982 55.
1245 2949 1329 2980 hunc
1343 2957 1467 2980 versum
1482 2946 1621 2980 laudans.
