1912 3292
328 261 418 303 103

800 251 860 302 Τ.
906 249 1283 302 LUCRETII

471 385 579 427 Cum
599 386 808 436 membris,
829 385 1014 427 videatur
1034 385 1077 425 in
1097 385 1186 439 ipso
1205 382 1403 439 sanguine
1423 396 1566 423 cresse:

470 459 567 510 Sed,
590 460 699 501 velut
718 461 762 500 in
782 459 918 510 cavea,
939 473 1013 514 per
1033 473 1075 499 se
1095 458 1171 498 sibi
1191 457 1325 497 vivere
1345 455 1471 497 solam

354 537 435 574 685
469 533 689 583 Convenit,
712 543 758 575 ut
776 549 895 576 sensu
916 548 1064 588 corpus
1083 541 1221 573 tamen
1242 530 1396 572 adfluat
1416 545 1552 571 omne.

467 607 562 656 Qua
583 622 642 657 re,
664 608 787 648 etiam
802 618 924 663 atque
939 607 1061 648 etiam
1077 620 1210 661 neque
1224 604 1393 661 originis
1409 618 1494 644 esse
1508 602 1737 659 putandum
1754 611 1812 644 est
1865 648 1870 659 Ι

467 681 683 736 Experteis
703 683 875 732 animas,
897 696 972 722 nec
991 681 1059 721 leti
1079 680 1168 736 lege
1189 678 1352 719 solutas:

467 755 576 795 Nam
596 770 728 810 neque
749 764 864 796 tanto
885 770 1008 810 opere
1027 753 1188 795 adnecti
1210 752 1389 808 potuisse
1408 750 1640 806 putandum
1659 759 1719 792 est

467 828 721 882 Corporibus
740 829 904 879 nostris,
927 829 1178 870 extrinsecus
1197 827 1439 874 insinuata55

350 907 434 944 690
465 901 611 955 (Quod
631 900 719 942 fieri
740 909 874 944 totum
894 911 1038 943 contra
1057 899 1270 943 manifesta
1288 899 1410 941 docet
1428 913 1505 940 res:

319 1069 431 1098 corpus
445 1058 619 1096 intraverit3
646 1057 784 1100 adeoque
798 1057 894 1089 simul
908 1069 981 1089 cum
996 1058 1045 1089 in-

320 1109 406 1141 fante
421 1120 556 1141 cresccre
571 1109 666 1141 videri
689 1110 809 1140 ratione
832 1109 919 1141 nulla
936 1116 1045 1150 potue-

321 1165 369 1195 rit.

366 1217 438 1247 Ve'r.
457 1221 528 1247 685.
553 1219 604 1247 in:
625 1223 664 1248 Π.
679 1224 706 1248 et
713 1233 723 1254 ,·
746 1218 830 1258 quod
845 1218 946 1257 primo
960 1218 1044 1248 intu-

321 1267 367 1297 itu
389 1267 517 1298 fortasse
543 1278 607 1298 non
630 1268 806 1308 displiceat:
832 1269 887 1299 sed
912 1269 1046 1309 vulgatis

319 1320 545 1350 adhaerendum
560 1321 705 1358 arbitror;
721 1321 898 1352 committas
913 1332 975 1351 ver.
993 1325 1044 1351 43.

323 1370 414 1401 Idem
430 1372 507 1402 liber
522 1382 597 1402 mox
620 1372 725 1410 causti,
750 1383 806 1412 pro
828 1371 1046 1404 cavea-Caz-

319 1428 433 1460 terum‚
461 1423 590 1463 hujusce
617 1422 772 1462 formulae,
799 1435 893 1455 cresse
917 1424 1044 1462 scilicet,

317 1484 467 1514 magnam
484 1474 606 1514 copiam
621 1475 797 1506 volentibus
811 1476 960 1515 praebebit
974 1475 1044 1506 dili-

316 1525 518 1566 gentissimus
532 1532 624 1567 atque
638 1528 888 1558 accuratissimus
900 1527 1046 1558 Draken-

317 1578 463 1608 borchius
477 1578 517 1608 ad
540 1578 607 1609 Liv.
623 1578 662 1609 vi.
682 1582 728 1609 18.
749 1582 795 1609 lo.
830 1579 936 1614 Quam
956 1578 1045 1609 valde

316 1628 431 1659 talibus
453 1635 557 1659 noster
579 1630 678 1660 Carus
699 1630 920 1666 delectabatur,
942 1631 976 1660 in
992 1641 1043 1669 su-

318 1679 491 1718 perioribus
505 1679 576 1719 plus
592 1680 688 1710 semel
702 1681 935 1711 admonuimus.

362 1740 433 1770 Ver.
450 1743 521 1771 685.
555 1741 723 1777 Nonnulli,
746 1752 838 1780 prave
862 1742 1043 1779 sentientes,

315 1802 415 1833 neque
430 1792 577 1823 carminis
600 1793 782 1824 Lucretiani
798 1793 1043 1824 meracissimam

315 1845 544 1884 simplicitatem
563 1851 656 1886 atque
672 1847 846 1876 ubertatem
861 1855 931 1875 vere
946 1845 1041 1876 lacte-

314 1907 367 1926 am
389 1897 484 1935 probe
506 1896 717 1937 degustantes,
739 1898 825 1927 hunc
840 1907 965 1927 versum
987 1907 1043 1936 pro

314 1947 420 1987 spurio
441 1949 629 1986 habuerunt,
656 1949 721 1979 imo
747 1949 785 1979 de
807 1955 956 1979 contextu
978 1959 1042 1979 non

314 1998 534 2029 dubitaverunt
563 1999 782 2030 exterminare:
825 1999 881 2029 sed
911 1999 1043 2030 consilio

314 2050 448 2090 pessimo
463 2052 521 2088 usi,
546 2059 577 2083 et
601 2051 817 2082 audacissimo.
867 2052 918 2082 Ita
938 2052 1039 2082 conci-

314 2101 467 2141 piendum
495 2109 542 2133 est
569 2104 668 2143 po'eltae
696 2103 914 2134 absolutissimi
946 2114 1039 2143 argu-

314 2159 469 2191 mentum,
491 2165 554 2195 quo
577 2155 656 2185 nihil
679 2154 852 2185 evidentius
867 2165 902 2184 ac
918 2155 1041 2184 facilius

313 2204 515 2237 aestimatores
541 2208 621 2248 aequi
646 2207 881 2237 desiderabunt:
911 2210 932 2224 “
951 2207 1038 2242 Quo-

313 2259 337 2275 “
354 2257 441 2287 niam
462 2259 578 2295 anima,
601 2259 791 2290 omnimodis
810 2258 955 2298 perfecta,
977 2259 1039 2297 pri-

314 2310 337 2326 “
353 2308 450 2339 mitus
478 2309 512 2340 in
542 2320 654 2350 corpus
682 2310 811 2348 venerit,
839 2320 940 2351 neque
965 2320 1039 2340 cum

314 2362 336 2377 “
353 2360 510 2397 membris,
533 2361 688 2402 gradatim
716 2361 922 2392 crescentibus
947 2367 1039 2401 atque

314 2413 336 2427 “
353 2413 640 2449 maturescentibus,
663 2414 850 2444 concreverit
872 2419 903 2443 et
920 2419 1037 2443 matur-

315 2466 337 2479 “
354 2464 448 2501 uerit;
480 2464 511 2494 in
540 2471 685 2504 promptu
711 2471 758 2496 est
783 2465 937 2501 arbitrari,
969 2475 1039 2495 earn

314 2518 335 2532 ²<
353 2516 401 2546 his
423 2519 580 2556 membris,
603 2529 676 2549 cmn
700 2519 814 2559 quibus
828 2518 908 2548 nihil
929 2519 1040 2548 habeat

315 2569 337 2584 “
354 2577 533 2604 commune,
563 2571 623 2600 nisi
649 2576 685 2601 ut
710 2570 806 2610 agitet
831 2569 1036 2610 vivificetque,

315 2622 337 2637 ‘⁶
354 2620 442 2650 nullo
465 2623 561 2653 modo
577 2625 750 2663 promiscue
773 2623 960 2661 immiscere3
984 2623 1038 2654 sed

316 2674 338 2688 “
353 2671 546 2705 domicilium
561 2676 735 2707 solitarium
748 2683 862 2712 tenere,
886 2682 920 2706 ut
936 2686 988 2706 rex
1004 2676 1037 2705 in

315 2725 338 2739 “
355 2733 432 2758 arce,
450 2726 533 2755 unde
548 2727 676 2758 virtutes
688 2728 755 2768 ejus
770 2727 989 2758 dominatrices
1003 2727 1037 2756 in

315 2776 338 2791 ‘⁶
354 2783 480 2805 omnem
497 2784 614 2815 partem
630 2780 857 2820 dispergantur.
895 2780 1035 2815 Quomo-

315 2832 336 2846 “
353 2827 394 2859 do
411 2829 494 2859 enim
511 2830 554 2859 vis
570 2831 763 2872 immortalis,
787 2833 976 2864 extrinsecus
990 2833 1036 2863 in-

315 2886 338 2901 “
354 2882 487 2920 sinuata,
511 2885 634 2914 mortali
658 2886 781 2917 fabricae
804 2893 963 2927 tantopere
984 2897 1037 2926 pe-

313 2938 336 2954 “
352 2934 438 2966 nitus
451 2935 675 2967 annectatur?”

1133 1057 1213 1088 Ibid.
1237 1060 1373 1100 affluat:
1399 1055 1523 1098 “quasi
1548 1058 1701 1097 scaturigo
1728 1065 1813 1097 quae·

1090 1113 1112 1129 “
1128 1109 1201 1141 dam
1229 1110 1346 1141 scilicet
1373 1110 1514 1146 salubris,
1547 1109 1672 1140 arIdum
1701 1119 1813 1149 corpus

1090 1164 1112 1180 “
1127 1171 1291 1201 permeans
1315 1160 1540 1201 reficiensque.“
1586 1160 1658 1190 Hac
1683 1159 1814 1190 transla-

1088 1213 1173 1243 tione
1194 1213 1228 1243 in
1250 1214 1310 1243 hoc
1330 1213 1457 1254 negotio
1479 1211 1642 1243 Lucretius
1657 1211 1745 1242 valde
1760 1211 1814 1241 de-

1088 1264 1229 1295 lectatur:
1257 1264 1362 1295 videas
1376 1275 1453 1295 verr.
1471 1267 1542 1295 582.
1557 1267 1737 1296 699—702.
1756 1273 1815 1294 nec

1090 1317 1196 1347 minus
1210 1316 1395 1357 elegantem,
1419 1326 1512 1356 quam
1538 1315 1572 1345 in
1598 1316 1657 1346 hoc
1679 1315 1759 1352 loco,
1781 1325 1814 1346 se

1091 1368 1177 1399 dedit
1191 1368 1230 1399 ad
1246 1368 1279 1398 ii.
1293 1371 1364 1399 262.

1344 1448 1425 1469 motus
1436 1450 1483 1476 per
1496 1442 1620 1469 membra
1629 1441 1756 1476 rigantur.

1091 1510 1152 1540 Sed
1167 1511 1234 1541 dies
1252 1520 1303 1540 me
1325 1509 1480 1547 deficeret,
1501 1518 1611 1539 omnes
1632 1509 1692 1538 hoc
1711 1517 1815 1549 genus

1089 1567 1264 1591 venustates
1285 1560 1488 1590 Lucretianas
1508 1569 1667 1590 recensere
1685 1558 1814 1599 cupien-

1088 1618 1162 1644 tem.

1131 1674 1208 1704 Ver.
1225 1677 1297 1705 686.
1319 1684 1430 1713 neque:
1455 1673 1499 1703 ita
1521 1672 1561 1703 P.
1578 1672 1619 1703 V.
1635 1671 1683 1703 ed.
1706 1671 1745 1703 O.
1770 1677 1811 1703 11.

1089 1731 1123 1758 Σ.
1142 1731 1188 1756 Ω.
1205 1725 1311 1766 vulgo,
1325 1736 1389 1757 nec.

1130 1786 1203 1817 Ver.
1222 1789 1294 1818 687.
1316 1788 1370 1817 leti
1383 1788 1511 1817 solutas:
1538 1786 1579 1816 V.
1601 1785 1648 1816 ed.
1671 1787 1720 1816 uli
1738 1787 1810 1817 soli-

1085 1840 1261 1879 tas.—lege:
1289 1845 1330 1869 Π.
1344 1840 1439 1878 longe.

1130 1899 1212 1930 Ibid.
1241 1901 1295 1930 leti
1318 1901 1381 1939 lege
1403 1901 1525 1930 solutas.
1561 1898 1592 1929 S.
1617 1898 1748 1936 Paulus,
1770 1897 1810 1929 ad

1088 1951 1181 1981 Rom.
1199 1951 1260 1981 viii.
1281 1955 1310 1982 2.
1342 1953 1375 1982 ‘O
1401 1965 1460 1993 γαρ
1484 1965 1562 1990 νομός
1587 1963 1626 1981 τε
1648 1962 1811 1990 πνευματος

1087 2017 1138 2037 της
1161 2004 1233 2043 ζωῆς
1258 2016 1282 2033 εν
1308 2009 1420 2043 Χριστῳ
1445 2009 1514 2035 lno‘e
1535 2007 1811 2034 ΗΛΕΤΘΕΡΩΣΕ

1083 2068 1121 2093 με
1144 2068 1204 2085 oeaeo
1228 2066 1264 2084 τυ
1288 2059 1421 2084 ΝΟΜΟΥ
1447 2066 1498 2087 της
1520 2055 1664 2096 {mapa-ms
1689 2067 1739 2085 και
1762 2068 1813 2084 «rou

1087 2111 1284 2137 ΘΑΝΛΤΟΤ.

1127 2166 1200 2196 Ver.
1217 2170 1288 2197 688.
1310 2172 1395 2196 tanco
1410 2176 1513 2205 opere:
1542 2165 1562 2195 i.
1586 2176 1611 2195 e.
1635 2165 1723 2196 tanta
1735 2165 1811 2197 cui-5.

1083 2217 1247 2258 studioque
1255 2229 1264 2254 ;
1295 2223 1388 2257 atque
1417 2216 1506 2254 adeo,
1536 2226 1593 2255 per
1619 2226 1810 2258 consequen-

1084 2268 1171 2306 tiam,
1196 2272 1217 2286 “
1234 2274 1299 2298 tam
1313 2274 1378 2298 arte
1401 2268 1808 2308 uniterque.”—-Caeterum,

1083 2330 1141 2350 vox
1152 2321 1286 2359 potuisse
1300 2319 1386 2349 deest
1402 2326 1441 2350 Π.

1127 2379 1198 2409 Ver.
1215 2383 1287 2411 691.
1311 2381 1472 2420 Namque:
1499 2379 1539 2409 V.
1557 2379 1605 2410 ed.
1623 2381 1708 2411 Nam
1728 2391 1806 2421 quoe.

1082 2442 1259 2462 —conncxa
1275 2438 1334 2463 est:
1361 2432 1398 2461 P.
1425 2443 1582 2469 conneaeae5
1605 2431 1627 2462 i.
1644 2442 1670 2462 e.
1693 2432 1808 2463 animae

1082 2483 1273 2522 corporibus:
1307 2493 1371 2513 non
1395 2482 1494 2520 male3
1521 2482 1586 2521 sed,
1608 2484 1648 2513 ob
1674 2483 1808 2515 nimiam

1081 2533 1279 2572 evidentiam,
1303 2540 1506 2565 correctorem
1531 2534 1620 2573 sapit.
1664 2533 1808 2566 Varieta-

1081 2591 1145 2616 tem
1160 2585 1397 2615 constructionis
1412 2585 1559 2615 Lucretio
1569 2584 1684 2624 passim
1699 2586 1806 2627 quaeri,

1076 2636 1143 2677 jam
1158 2636 1248 2666 nobis
1263 2636 1423 2667 multoties
1438 2636 1569 2677 contigit
1582 2632 1759 2668 admonere.

1122 2689 1197 2718 Ver.
1222 2692 1293 2720 692.
1318 2700 1406 2719 sensu
1423 2691 1660 2729 participentur.
1699 2688 1751 2719 Sic
1771 2689 1804 2722 iu

1080 2750 1153 2770 voce
1168 2739 1287 2778 passiva
1311 2739 1422 2770 eodem
1443 2741 1537 2769 verbo
1559 2739 1692 2770 Plautus
1711 2739 1806 2770 etiam

1081 2803 1155 2822 usus
1169 2797 1225 2829 est,
1250 2791 1282 2820 in
1299 2791 1391 2821 Truc.
1407 2791 1444 2821 iv.
1463 2794 1490 2821 2.
1505 2793 1557 2821 55.

1083 2869 1107 2893 Si
1118 2869 1224 2894 volebas
1232 2868 1309 2901 partit
1315 2869 1390 2901 ipati,
1401 2868 1518 2894 auferres
1528 2868 1669 2893 dimidium
1677 2869 1804 2893 domum:

1083 2942 1113 2965 ct
1127 2934 1167 2966 ad
1183 2934 1268 2965 idem
1281 2935 1434 2975 regimen,
1461 2934 1525 2965 mil.
1542 2934 1619 2975 glor.
1636 2935 1668 2966 ii.
1685 2937 1712 2965 2.
1730 2936 1799 2965 107.
