1912 3292
334 198 424 242 174

836 204 895 252 T.
938 205 1317 260 LUCRETII

334 326 440 364 1025
473 323 687 381 Tartarus,
708 330 928 378 horriferos
948 347 1135 383 eructans
1154 342 1338 387 faucibus
1358 354 1498 399 aestus;

473 399 582 449 Quei
602 418 735 461 neque
754 417 850 451 sunt
869 426 1058 468 usquam,
1079 430 1156 458 nec
1176 429 1347 473 possunt
1367 436 1466 473 esse,
1488 424 1686 479 profecto:

472 474 554 516 Sed
574 487 706 521 metus
724 481 768 523 in
789 483 869 526 vita
890 501 1109 541 poenarum
1128 505 1206 546 pro
1225 493 1331 535 male
1350 494 1466 539 factis

358 625 425 651 Hinc
438 628 490 660 via,
503 631 616 658 Tartarei
634 641 696 666 quae
715 637 769 663 fert
788 640 946 668 Acherontis
957 645 989 670 ad
1000 652 1048 670 un-

448 668 521 694 darn.

353 705 489 733 Turbidus
500 709 559 736 heic
569 719 651 739 coeno
662 716 792 748 vastique
803 721 940 753 voragine,
951 730 1047 757 gurges

352 746 467 778 AE'stuat,
482 753 564 781 atque
574 759 685 779 ornnem
697 756 802 789 Cocyto
813 765 910 786 eructat
924 769 1043 790 arenam.

363 824 443 856 Ibid.
455 828 606 867 saucibus
628 840 737 866 θείας.-
763 838 783 868 i.
809 850 835 870 e.
858 841 1044 883 flagrantem

321 876 562 917 vaporationem,
577 891 674 922 quam
685 885 882 921 Mantuanus
897 893 990 932 idem,
1003 896 1043 927 ib.

319 934 379 956 ver.
395 930 468 960 240.
486 936 516 961 et
531 931 607 964 inibi
622 945 746 978 quoque
760 940 898 974 Lucretii
909 956 974 977 non
984 947 1044 978 im·

317 985 448 1016 memor,
462 980 508 1012 ita
521 983 646 1022 plenius
660 987 833 1030 descripsit:

601 1068 660 1094 talis
670 1077 726 1096 sese
735 1072 841 1105 halitm,
855 1077 918 1101 atris

344 1103 466 1129 Faucibus
474 1112 616 1142 erumpenr,
625 1119 721 1145 supera
731 1116 765 1140 ad
776 1124 900 1145 convexa
911 1120 1024 1148 serebat.

313 1173 377 1204 Adi
392 1175 434 1206 sis
448 1185 600 1219 nostrum,
616 1184 655 1214 vi.
670 1189 854 1221 816—820.
872 1197 903 1222 et
916 1194 1041 1226 notulas

311 1234 398 1256 meas
412 1228 453 1259 ad
471 1230 582 1264 Horat.
597 1235 647 1266 od.
662 1236 706 1268 iii.
727 1242 772 1271 11.
794 1244 841 1272 18.

357 1277 428 1310 Ver.
441 1283 533 1314 1026.
554 1287 630 1320 Qui:
651 1287 694 1318 sic
710 1289 747 1320 P.
765 1291 805 1322 V.
821 1292 868 1324 ed.
886 1295 923 1326 B.
940 1296 976 1327 L.
989 1298 1037 1329 Μ.

310 1327 351 1359 Ο.
368 1334 402 1361 Δ.
421 1337 463 1363 Π.
482 1339 516 1365 Σ.
533 1342 579 1368 Ω.
599 1337 705 1380 vulgo,
723 1343 822 1375 Hcec:
842 1346 926 1377 haud
941 1348 1036 1381 dubie

307 1389 346 1409 ex
361 1390 540 1418 correctore.
586 1389 718 1431 Nempe,
743 1393 864 1433 plenior
884 1405 950 1430 erat
972 1400 1034 1432 dis-

306 1430 418 1463 tinctio
431 1435 472 1466 ad
484 1436 580 1470 finem
588 1444 756 1480 praeeuntis
764 1448 870 1479 versus
878 1451 1034 1492 ponenda;

305 1484 392 1522 quasi
408 1495 512 1519 noster
527 1490 655 1525 diceret:
685 1499 707 1514 ‘²
722 1497 797 1528 Jam
820 1510 892 1531 vero
919 1502 1033 1535 Cerbe-

305 1537 328 1553 “
344 1546 398 1568 rus
412 1544 443 1569 et
458 1541 562 1574 Furiae
576 1552 650 1576 sunt
665 1549 761 1580 etiam
782 1552 872 1583 nobis
891 1555 1034 1587 animad-

305 1588 328 1604 “
344 1591 530 1624 vertendae.'’
579 1596 702 1630 Similes
725 1605 964 1637 constructionis
979 1608 1033 1639 de-

302 1642 455 1672 currentis
469 1644 508 1674 de
519 1647 622 1679 subito
633 1651 833 1691 abruptiones
844 1656 892 1686 vel
904 1659 1031 1696 purissi-

301 1688 363 1720 mis
377 1692 579 1732 scriptoribus
593 1706 667 1731 sunt
681 1712 834 1744 perquam
849 1706 1031 1749 familiares,

299 1746 331 1770 et
358 1743 473 1780 passim
496 1748 608 1782 obviae:
635 1751 723 1783 aliud
747 1757 928 1797 exemplum
955 1771 1029 1792 mox

298 1792 473 1828 videbimus
486 1798 527 1829 ad
542 1810 604 1833 ver.
622 1806 873 1849 lom—neque.-
901 1816 936 1842 Δ.
964 1824 1028 1845 uec.

297 1856 396 1878 —nec
404 1860 414 1877 .·
440 1848 484 1879 ita
499 1850 536 1881 P.
552 1851 594 1884 V.
609 1854 657 1886 ed.
675 1856 722 1888 M.
741 1857 779 1889 O.
802 1867 837 1891 Δ.
854 1866 890 1893 Σ.
907 1869 954 1894 Ω..
979 1875 1028 1896 re-

295 1894 383 1936 liqui,
400 1898 426 1928 si
442 1900 490 1930 fas
504 1901 545 1932 sit
559 1905 695 1945 credere,
710 1919 814 1950 neque.

337 1947 413 1979 Ver.
431 1953 523 1983 1028.
544 1956 644 1987 luela:
671 1958 708 1989 P.
730 1963 875 2000 numella,
904 1965 951 1995 vel
965 1978 1024 1998 mc-

294 1998 388 2035 mela;
412 2010 507 2040 quam
523 2003 690 2038 lectionem
706 2011 843 2043 stabilire
858 2015 925 2046 vult
940 2019 1023 2048 mul-

293 2048 332 2079 tis
361 2052 557 2089 probissimis
579 2060 768 2092 auctoribus:
804 2063 838 2094 in
867 2066 926 2097 hoc
956 2068 1024 2100 loco

292 2105 398 2132 tamen
415 2104 547 2138 minime
558 2109 740 2148 audiendus,
751 2124 850 2155 quum
862 2117 921 2148 hoc
932 2126 1023 2158 pacto

290 2162 415 2191 prorsus
428 2156 641 2200 incongruum
655 2163 704 2200 sit,
721 2170 753 2196 et
768 2168 971 2207 superfluum,
988 2186 1021 2204 tro

288 2208 426 2240 sceleris:
453 2210 493 2241 V.
511 2212 557 2243 ed.
573 2215 668 2254 bicla;
692 2219 776 2259 quod
791 2221 1021 2257 evidentissime

289 2266 328 2286 ex
341 2259 423 2291 Ιιιεῐα
439 2260 597 2296 detortum
613 2274 666 2304 est,
692 2270 741 2300 vel
759 2273 798 2302 ob
821 2274 1020 2308 oscitantiam

288 2311 465 2349 typothetae,
482 2314 531 2345 vel
545 2317 585 2347 ob
596 2318 732 2358 priorem
744 2321 841 2354 literae
852 2336 873 2355 u
886 2325 1018 2359 ductum

288 2359 383 2392 nimis
411 2363 444 2394 in
469 2365 626 2400 sinistram
656 2371 787 2405 flexum:
830 2383 870 2407 Π.
896 2379 1016 2411 lucella.

287 2410 399 2452 Porro,
414 2425 474 2447 vox
485 2419 566 2450 lucla
578 2431 643 2452 non
655 2423 777 2456 videtur
791 2433 878 2458 extra
897 2430 1015 2463 Lucre-

286 2462 368 2495 tium
383 2467 478 2499 hodie
491 2472 628 2511 reperiri.

329 2524 409 2558 Ibid.
432 2531 604 2571 insignibus
620 2537 813 2578 malefactis.
859 2541 969 2573 Festus
980 2543 1014 2575 in

283 2583 371 2607 voce:
399 2582 422 2598 “
438 2582 579 2623 Insignis
603 2592 669 2617 tam
683 2588 725 2619 ad
748 2589 887 2631 laudem,
916 2605 1012 2635 quam

282 2625 304 2642 ⁰⁸
320 2626 359 2656 ad
373 2631 632 2674 vituperationem,
649 2638 764 2671 inflecti
777 2646 902 2682 potest.’'
948 2647 1008 2678 Sed

280 2676 382 2708 multo
410 2683 506 2714 rarior
538 2686 607 2727 ejus
637 2695 684 2720 est
715 2691 749 2722 in
782 2693 1008 2735 vituperatione

279 2737 368 2759 usus:
396 2734 480 2772 quod
495 2738 807 2776 animadvertendum
824 2756 889 2777 esse
901 2749 1006 2780 existi-

279 2788 371 2811 mavi.

296 2839 300 2843 ’
322 2841 395 2872 Ver.
413 2848 504 2878 1029.
519 2859 639 2883 eorum:
658 2856 763 2897 vulgo,
781 2860 938 2896 ‹lem-sum,-
968 2861 1006 2891 li-

276 2893 339 2924 bris
357 2897 510 2936 omnibus,
522 2901 585 2942 qua
599 2904 694 2936 MSS.
711 2909 772 2947 quii
784 2909 948 2950 impressis,
960 2923 1008 2944 re·

1092 646 1318 680 clamantibus:
1343 661 1428 690 nam,
1460 667 1493 685 το
1520 657 1659 688 deorsum
1682 661 1822 700 quamvis

1091 698 1124 728 in
1141 699 1236 730 Vind.
1253 710 1437 741 compareat,
1461 705 1495 736 id
1510 708 1711 750 negligentiae
1725 712 1818 743 colla-

1091 750 1165 780 toris
1177 751 1398 791 imputandum
1414 762 1531 795 putem.

1132 802 1211 834 Ibid.
1227 806 1265 835 (le
1274 815 1345 836 saro
1350 807 1467 847 jactus.
1491 809 1730 851 Dejiciebantur
1739 815 1817 848 olim

1087 853 1126 884 de
1144 865 1219 886 saxo
1234 856 1376 897 Tarpeio,
1400 861 1454 901 qui
1469 861 1584 895 falsum
1599 866 1816 900 testimonium

1088 904 1201 938 dixisse
1215 910 1348 941 convicti
1364 918 1462 950 erant,
1475 920 1511 944 ut
1521 916 1616 948 refert
1629 918 1668 950 A.
1684 920 1813 958 Gellius,

1087 965 1137 987 xx.
1156 961 1181 988 l.
1197 960 1255 989 sub
1268 960 1323 992 fin.
1340 968 1372 992 et
1386 964 1610 1002 perduellionis
1636 970 1680 1001 rei
1687 983 1696 1009 ;
1720 971 1813 1013 idque

1081 1006 1172 1045 jussu
1187 1010 1304 1041 tribuni
1319 1012 1425 1052 plebis.
1461 1017 1542 1048 Haec
1557 1019 1742 1063 Lambinus,
1756 1034 1810 1064 ap-

1085 1067 1205 1096 ponens
1220 1060 1402 1102 Horatium,
1418 1073 1472 1098 sat.
1488 1068 1507 1099 i.
1525 1074 1556 1101 6.
1572 1075 1624 1104 59.

1145 1147 1609 1165 Ἢ
1618 1147 1700 1173 audes

1146 1173 1259 1205 Deficere
1268 1183 1281 1200 e
1291 1183 1355 1202 saxo
1367 1179 1442 1209 civis,
1453 1183 1480 1206 et
1492 1183 1599 1209 tradere
1610 1185 1730 1212 Cadmo?

1086 1242 1161 1282 Ubi,
1186 1255 1260 1276 cum
1276 1255 1453 1281 euarratore
1470 1252 1662 1295 Cruquiano,
1676 1258 1809 1292 libenter

1081 1295 1213 1328 habeam
1230 1300 1353 1337 Cadmo,
1369 1312 1426 1341 pro
1441 1307 1587 1348 carnifice
1601 1310 1739 1349 quodam
1753 1323 1810 1344 no-

1079 1347 1186 1386 tabili;
1207 1359 1307 1390 quum
1321 1352 1461 1385 Lucretii
1480 1363 1645 1392 contextus
1658 1362 1768 1395 faveat.

1122 1400 1196 1431 Ver.
1216 1405 1305 1434 1050.
1328 1406 1467 1437 lamina:
1487 1407 1582 1442 Vind.
1599 1412 1640 1443 V.
1655 1413 1703 1445 ed.
1721 1421 1762 1447 Π.
1775 1421 1811 1448 Σ.

1080 1456 1124 1481 Ω.
1136 1447 1277 1492 agmina.

1121 1502 1203 1535 Ibid.
1235 1506 1371 1543 Verbera,
1387 1513 1566 1554 carnufices.
1606 1513 1806 1551 Vocabulum

1078 1555 1236 1592 posterius,
1267 1557 1311 1588 sic
1343 1561 1489 1599 positum,
1512 1565 1645 1597 omnino
1669 1569 1809 1603 otiosum

1077 1611 1131 1641 est,
1157 1613 1188 1636 et
1211 1615 1361 1648 suspectae
1380 1611 1463 1644 fidei.
1509 1615 1698 1658 Conjecturii
1720 1623 1809 1654 haud

1077 1657 1265 1698 ambigenda
1290 1661 1396 1694 locum
1421 1664 1593 1708 integritati
1615 1681 1681 1703 suae
1702 1674 1804 1706 reddi-

1075 1713 1164 1739 turus
1179 1720 1263 1741 sum:

1167 1780 1282 1807 Verbera
1293 1785 1440 1816 carnificis,
1450 1788 1574 1814 robur—.

1075 1835 1176 1875 Nihil,
1202 1847 1254 1868 me
1267 1839 1388 1879 judice,
1415 1843 1473 1874 hac
1498 1847 1720 1882 emendatione
1734 1862 1800 1884 cer-

1072 1886 1148 1917 tius:
1174 1888 1228 1919 sed
1252 1891 1373 1923 codices
1388 1893 1421 1924 in
1437 1894 1572 1929 lectione
1586 1899 1714 1941 vulgata
1726 1913 1801 1935 con-

1071 1939 1221 1979 sentiunt,
1248 1948 1281 1972 et
1305 1943 1393 1975 nolui
1418 1948 1564 1988 equidem
1587 1961 1644 1990 pro
1673 1955 1803 1986 arbitrio

1069 1999 1141 2020 meo
1156 2001 1223 2022 rem
1238 1994 1465 2030 administrare.
1513 2000 1684 2042 Creten-um,
1712 2005 1799 2037 Pris-

1068 2039 1190 2079 cianus,
1206 2043 1257 2074 lib.
1273 2045 1294 2075 i.
1310 2056 1338 2085 p.
1352 2051 1493 2079 555.—“
1509 2054 1658 2094 carnufi'z·
1667 2057 1801 2099 antiqui,

1070 2094 1092 2110 “
1108 2103 1164 2131 pro
1182 2097 1354 2136 camisos-J*

1110 2143 1189 2177 Ibid.
1211 2149 1311 2179 robur.
1357 2151 1509 2185 Fortassis
1529 2159 1673 2197 equuleus
1695 2160 1795 2201 signi-

1064 2193 1187 2226 ficatur:
1216 2201 1238 2216 ‘⁴
1255 2206 1321 2230 erat
1337 2202 1489 2234 nimirum
1504 2206 1608 2246 stipes,
1633 2210 1692 2247 cui,
1707 2213 1795 2243 velut

1066 2248 1087 2263 “
1104 2256 1195 2287 equo,
1226 2251 1312 2281 noxii
1338 2252 1588 2295 imponebantur,
1613 2266 1645 2291 et
1659 2261 1793 2294 fidiculis

1064 2299 1087 2315 “
1104 2298 1166 2329 sive
1184 2301 1313 2339 chordis
1336 2314 1407 2344 quae
1430 2308 1565 2348 equuleo
1589 2321 1712 2352 semper
1734 2325 1794 2346 an-

1063 2352 1085 2367 “
1102 2360 1192 2381 nexae
1217 2360 1316 2391 erant,
1347 2359 1603 2399 extendebantur,
1627 2363 1671 2394 ita
1685 2371 1722 2396 ut
1736 2366 1790 2398 illi

1062 2403 1083 2419 “
1100 2403 1220 2434 torturi»
1241 2406 1360 2438 ossium
1387 2419 1540 2452 compago
1561 2413 1791 2448 divelleretur-‘⁹

1059 2451 1160 2484 Faber
1184 2455 1218 2485 in
1240 2456 1350 2488 lexico.
1395 2460 1530 2493 Pacatus
1546 2464 1654 2505 etiam,
1677 2477 1788 2510 paneg.

1059 2503 1215 2538 Theodos.
1244 2509 1332 2551 Aug.
1348 2517 1420 2543 sect.
1436 2517 1490 2546 49..
1517 2523 1711 2556 opportunus
1732 2521 1788 2552 ad-

1057 2557 1243 2595 movebitur,
1273 2566 1304 2590 et
1328 2561 1396 2594 loco
1411 2565 1468 2595 toti
1482 2565 1667 2600 illustrando
1682 2570 1786 2602 utilis:

1055 2610 1123 2630 —“
1140 2607 1214 2639 Non
1235 2612 1338 2649 potius
1355 2614 1472 2655 ignem,
1487 2616 1626 2656 laminas,
1649 2630 1786 2659 crucem.

1055 2660 1078 2675 “
1093 2657 1242 2697 culleum,
1251 2662 1339 2703 (MS.
1351 2665 1455 2703 habet,
1465 2669 1631 2710 eculeum),
1638 2675 1678 2707 et,
1691 2671 1783 2711 quid-

1052 2711 1075 2727 “
1091 2709 1168 2750 quid
1201 2715 1391 2754 merebatur,
1421 2717 1551 2750 timebat
1559 2718 1595 2750 ?”
1633 2721 1784 2754 Fortassis

1050 2760 1147 2793 etiam
1162 2761 1318 2805 intelligas
1334 2780 1368 2798 ero
1382 2769 1476 2806 ξυλον,
1501 2771 1638 2811 lignum;
1664 2772 1704 2804 de
1718 2784 1782 2815 quo

1052 2811 1083 2843 S.
1107 2812 1223 2852 Lucas,
1249 2822 1320 2847 actt.
1344 2821 1457 2858 a'postt.
1483 2821 1544 2852 xvi.
1573 2825 1624 2853 24.
1649 2824 1781 2863 pedibus

1052 2863 1228 2896 vinctorum
1237 2868 1486 2911 constringendis
1493 2871 1688 2907 inserviente.
1707 2876 1779 2908 Sui-

1053 2914 1120 2947 das:
1150 2916 1340 2955 Ποδωιακκη·
1365 2923 1458 2960 ξυλον,
1487 2937 1522 2959 εις
1539 2926 1552 2957 δ
1567 2939 1592 2958 εν
1607 2939 1701 2970 ειρκτῃ
1725 2940 1776 2963 τες
