1912 3292
518 347 720 390 Funditus
740 349 963 394 humanam
984 354 1052 409 qui
1074 354 1199 395 vitam
1220 354 1359 396 turbat
1378 354 1429 395 ab
1451 355 1550 406 imo,

517 420 670 465 Omnia
691 423 925 468 subfiiscans
945 428 1088 468 mortis
1109 429 1293 486 nigr01·e;
1326 443 1458 485 neque
1479 429 1601 471 ullam

431 500 484 535 40
515 495 615 538 Esse
634 497 884 554 voluptatem
905 501 1115 557 liquidam,
1138 517 1379 559 puramque,
1402 503 1605 559 relinquit.

573 570 697 622 Nam,
720 573 831 628 quod
852 589 960 629 saepe
979 575 1167 616 homines
1187 577 1353 617 morbos
1372 577 1502 634 magis
1522 593 1607 619 esse
1627 576 1838 619 timendos

516 643 796 702 Infamemque
815 647 950 690 ferimt
970 649 1111 700 vitam,
1133 665 1257 705 quam
1279 650 1456 691 Tartara
1474 650 1541 692 leti
1548 669 1561 700 ς

514 717 568 759 Et
589 734 630 759 se
650 720 751 761 scire
771 721 922 762 animae
943 731 1147 774 naturam,
1171 724 1378 781 sanguinis
1399 739 1499 774 esse,

512 792 599 833 Aut
619 794 743 835 etiam
762 796 887 847 venti,
910 797 941 838 si
962 797 1039 839 fert
1059 799 1115 840 ita
1135 798 1239 840 forte
1258 799 1460 848 voluntas,

366 959 384 977 ι.
402 958 426 978 c.
449 948 581 990 suqu'usae
601 952 731 988 luminc;
758 955 847 993 quasi
869 957 967 996 caligo
990 955 1090 998 magis

364 1000 469 1038 fuerit,
500 1013 594 1042 quam
624 1006 734 1035 lumen.
791 1007 910 1045 Vulgo,
949 1011 1090 1040 culmine.

364 1052 418 1082 De
427 1053 656 1091 permutatione
667 1060 773 1085 autem
786 1057 898 1086 horum
911 1057 1089 1098 nominum,

363 1103 455 1134 adeas
471 1105 705 1144 Burmannum,
721 1107 754 1137 in
773 1107 864 1138 Ovid.
881 1108 922 1138 ad
937 1109 1005 1140 Liv.
1015 1113 1088 1142 547.

362 1163 394 1187 et
409 1156 716 1196 Drakenborchium,
739 1158 780 1188 ad
803 1159 856 1189 Sil.
882 1160 952 1191 Ital.
974 1171 1001 1191 ν.
1017 1164 1088 1193 513.

361 1208 438 1240 Jam
453 1208 585 1248 pessime
603 1209 732 1239 Grotius
752 1212 872 1242 clarare
897 1213 1037 1242 mutavit-
1055 1213 1088 1243 in

361 1261 477 1291 clarere
482 1274 494 1294 ‚·
519 1259 604 1300 quod
618 1259 707 1290 nullo
722 1261 816 1291 modo
831 1261 1026 1293 tolerandum
1043 1270 1088 1294 est

361 1311 395 1341 in
410 1311 558 1342 hocloco.
604 1312 696 1342 Idem
710 1318 825 1354 togatae
840 1315 942 1354 gentis
956 1315 1086 1354 primus,

361 1361 402 1393 de
416 1363 511 1393 divin.
528 1363 550 1393 i.
569 1367 618 1394 12.

412 1423 516 1455 Jupiter
526 1424 635 1450 excelsa
646 1424 761 1450 clarabat
771 1429 876 1458 sceptra
886 1427 1022 1452 columni.

360 1482 435 1513 Hoc
449 1483 636 1514 vocabulum
663 1485 793 1516 Anthol.
818 1485 886 1516 Lat.
910 1486 1019 1516 Burm.
1041 1486 1086 1518 iii.

361 1537 412 1565 70.
430 1537 458 1566 7.
474 1535 598 1565 videtur
609 1536 849 1567 restituendum:

389 1602 535 1627 AEdibusin
546 1603 610 1628 totis
620 1610 740 1635 gemmae
752 1604 815 1630 licet
827 1605 921 1630 omnia
929 1605 1039 1636 claram,

421 1642 516 1674 Turpe
527 1646 577 1672 est,
588 1642 625 1666 nil
636 1642 748 1668 domino
759 1644 863 1676 turpius
874 1651 928 1670 esse
938 1650 996 1669 suo.

361 1703 480 1744 Vulgo,
503 1706 661 1736 claudant.
707 1705 763 1736 Sit.
776 1711 899 1744 autem,
925 1707 950 1736 si
973 1707 1081 1746 mavis,

357 1755 491 1791 clarent‚·
515 1754 580 1793 sed,
602 1755 650 1785 uti
672 1755 829 1795 dedimus,
852 1757 952 1787 solent
976 1769 1082 1789 recen-

356 1807 458 1837 tiores.
492 1806 658 1846 Apuleius,
671 1807 710 1838 de
721 1808 781 1839 deo
797 1809 1014 1839 Socratis2—“
1023 1820 1082 1840 nu-

357 1861 381 1877 “
397 1858 495 1888 tantia
509 1857 631 1896 fulcire,
655 1860 785 1889 obscura
807 1860 961 1891 clarore.‘'
1008 1860 1084 1892 Alia

355 1909 498 1949 exempla
513 1920 632 1950 quaeras
642 1910 676 1940 in
691 1910 805 1942 lexicis.

399 1963 474 1993 Ver.
499 1965 549 1993 57.
572 1969 668 1994 melus
687 1965 879 1995 Acheruntis.
925 1965 1081 1996 Credibile

355 2020 413 2052 est,
437 2014 484 2044 uti
503 2013 694 2054 jamdudum
720 2014 789 2045 aliis
804 2016 1000 2046 observatum
1022 2025 1079 2055 est,

357 2065 531 2107 Virgilium
546 2067 609 2096 huc
624 2066 804 2106 respexisse,
824 2066 864 2097 ad
879 2077 946 2108 geo.
962 2067 992 2098 ii.
1009 2072 1080 2100 491.

385 2135 477 2166 Atque
487 2137 567 2158 metus
577 2135 674 2165 omnis,
685 2137 713 2160 et
724 2134 889 2160 inexorabile
903 2134 1003 2165 satum,

386 2174 502 2206 subjecit
509 2174 630 2206 pedibus,
639 2175 837 2206 strepitumque
846 2175 988 2200 Acherontis
995 2175 1077 2199 avari.

355 2233 400 2264 In
414 2234 494 2264 hanc
509 2239 616 2264 autem
631 2234 818 2265 sententiam
837 2233 883 2264 M.
895 2233 1032 2271 Tullius,
1041 2233 1080 2264 de

355 2291 469 2317 senect.
499 2289 549 2317 20.
587 2288 610 2304 “
626 2286 766 2316 Mortem
799 2285 905 2326 igitur,
934 2285 1082 2316 omnibus

359 2342 382 2357 “
397 2338 483 2370 horis
496 2338 744 2378 impendentem,
759 2339 885 2376 timens,
899 2337 954 2378 qui
968 2338 1081 2377 poterit

358 2394 380 2410 “
397 2390 504 2422 auimo
533 2391 743 2422 consistere?”
789 2390 914 2427 Quibus
944 2389 1081 2431 gemella

356 2449 441 2481 sunt,
465 2453 535 2484 quae
556 2443 643 2474 dedit
663 2443 792 2482 scriptor
813 2442 1011 2483 gravissimus
1040 2442 1079 2473 ad

357 2494 522 2531 Hebraeos,
545 2494 576 2525 ii.
595 2498 644 2525 14.
664 2497 715 2526 15.
741 2494 784 2524 sic
804 2494 844 2524 ad
868 2493 961 2524 finem
984 2494 1079 2524 inter-

356 2546 639 2586 pungendat—aeoea
650 2548 817 2589 απαλλαξῃ
828 2559 928 2582 ereren,
942 2547 996 2577 ὅσοι
1006 2547 1082 2587 φοξῳ

356 2597 476 2628 Sumam·
489 2597 534 2629 δια
550 2611 657 2634 πανσος
682 2612 720 2630 ’τε
743 2599 792 2642 ζῃν
816 2612 907 2639 naxon
930 2611 1010 2635 near,
1032 2598 1079 2629 3⁸-

356 2655 447 2683 λιιας.

402 2699 485 2730 Ibid.
504 2711 640 2741 prcrceps
654 2704 805 2743 agundus.
850 2701 942 2732 Prior
955 2711 1014 2732 vox
1030 2711 1078 2731 m-

356 2750 436 2781 riore
452 2751 595 2791 exemplo
609 2753 736 2791 ponitur
761 2752 976 2784 adverbialiter
1001 2763 1078 2793 quo-

356 2801 533 2832 dammodo.
579 2802 629 2832 Ita
645 2804 795 2834 Aurelius
808 2804 929 2842 Victor,
944 2803 984 2834 de
1001 2803 1078 2834 Caes.

356 2852 461 2882 xxxiii.
484 2855 535 2882 31.
567 2858 587 2871 “
604 2853 650 2883 At
675 2854 819 2892 Senatus,
844 2860 1004 2894 comperto
1024 2854 1077 2884 tali

355 2906 377 2922 “
390 2903 495 2943 exitio,
505 2904 651 2936 satellites
659 2905 908 2948 propinquosque
918 2916 972 2947 per
981 2906 1079 2938 scalas

410 251 435 263 ..
881 220 940 268 Τ.
982 220 1358 271 LUCRETII

1134 960 1156 975 ‘¹
1176 957 1347 988 Gemonias
1373 967 1508 996 proeceps
1537 957 1667 995 agendos
1692 954 1860 986 decrevit.’'
1901 961 1904 964 '

1135 1008 1245 1048 Dictys
1259 1009 1427 1046 Cretensis,
1444 1008 1480 1038 iv.
1499 1011 1594 1039 9.-“
1605 1007 1737 1048 caesique
1749 1017 1857 1038 eorum
1895 1026 1899 1047 2

1133 1061 1158 1076 ‘⁶
1173 1058 1310 1097 plurimi,
1327 1066 1379 1089 aut
1392 1059 1424 1088 in
1438 1058 1554 1089 flumen
1567 1069 1704 1099 praeceps
1715 1057 1859 1089 dati—‚³¹
1896 1051 1901 1079 2

1133 1109 1177 1138 Et
1193 1109 1366 1149 Ausonius,
1385 1110 1508 1141 Mosell.
1524 1114 1596 1141 272.

1147 1182 1209 1189 ·—
1218 1170 1368 1201 subjectum
1377 1173 1488 1202 preceps
1499 1169 1560 1194 dare
1571 1176 1683 1201 corpora
1698 1170 1724 1194 in
1737 1176 1857 1195 amnem.
1890 1189 1892 1191 ,

1133 1217 1258 1257 Nempe
1274 1230 1411 1258 praeceps
1426 1221 1570 1258 agundus
1592 1217 1726 1258 elliptice
1747 1217 1861 1248 dicitur

1130 1279 1187 1308 pro
1209 1272 1231 1287 “
1248 1271 1281 1299 in
1298 1269 1469 1308 praeceps;'’
1485 1269 1574 1309 quasi
1588 1271 1621 1298 in
1634 1271 1855 1309 prcecipz'tae'um:

1131 1325 1166 1349 ut
1182 1322 1215 1350 in
1230 1322 1338 1358 allum,
1366 1319 1414 1350 vel
1429 1321 1462 1349 ιή
1474 1319 1677 1360 prqfundum,
1701 1325 1802 1358 sonat,
1825 1322 1858 1350 ῐη

1129 1373 1336 1409 altitudinem,
1367 1371 1414 1401 vel
1447 1373 1479 1401 in
1506 1370 1761 1412 prqfimdz'tatem.
1806 1371 1859 1401 Sic

1130 1422 1296 1462 Apuleius,
1322 1429 1395 1453 met.
1422 1423 1461 1453 iv.
1487 1434 1516 1462 p.
1544 1426 1615 1454 246.
1643 1421 1690 1452 ed.
1710 1421 1859 1453 Oudend.

1131 1476 1153 1493 “
1169 1484 1223 1513 per
1237 1474 1422 1504 altissimum
1434 1474 1602 1514 ]›roeceps.''
1648 1474 1738 1504 Hinc
1757 1473 1855 1506 Juve-

1129 1524 1208 1555 nalis
1223 1525 1346 1565 pendet,
1363 1531 1417 1556 sat.
1434 1535 1463 1556 X.
1482 1528 1551 1556 107.

1554 1593 1627 1619 unde
1637 1593 1717 1618 altior
1727 1596 1796 1619 esset

1175 1634 1267 1663 Casus,
1278 1637 1306 1659 et
1317 1632 1439 1665 impulsa:
1449 1636 1559 1665 preceps
1569 1632 1690 1658 immane
1700 1632 1801 1663 ruinae:

1126 1691 1146 1721 i.
1169 1702 1194 1722 e.
1227 1693 1471 1732 “praecipitz'um
1498 1691 1630 1722 ruinae.''
1675 1691 1760 1722 Vide
1789 1701 1852 1730 me,

1127 1742 1168 1773 ad
1181 1742 1220 1773 vi.
1237 1746 1309 1774 588.

1168 1795 1244 1825 Ver.
1259 1799 1310 1826 58.
1334 1796 1496 1827 Funditus
1508 1796 1546 1825 ab
1561 1797 1629 1825 imo.
1667 1794 1750 1824 Haec
1764 1800 1852 1825 erant

1126 1847 1340 1878 consocianda.
1402 1847 1509 1888 Vulgo
1545 1846 1751 1888 distinguitur
1785 1853 1855 1886 post
1883 1853 1886 1859 ⁴

1126 1899 1298 1937 Funditus,
1324 1905 1361 1930 ut
1383 1899 1535 1930 referam
1558 1898 1613 1929 illa
1627 1909 1686 1929 vox
1701 1898 1741 1930 ad
1755 1910 1855 1940 agun-
1882 1922 1887 1928 .

1124 1952 1183 1981 dus
1187 1951 1297 1991 foras:
1323 1961 1494 1990 perperam.
1541 1951 1665 1986 Noster,
1681 1950 1729 1981 ad.
1745 1951 1765 1981 i.
1781 1955 1854 1983 992.

1410 2010 1472 2041 quia
1483 2008 1548 2033 nihil
1560 2008 1730 2040 estsundiws
1741 2009 1833 2034 imum.

1127 2063 1275 2095 Similiter
1290 2064 1454 2105 Virgilius,
1473 2065 1547 2095 AEn.
1564 2065 1595 2094 ii.
1612 2068 1686 2097 419.

1379 2125 1427 2149 imo
1439 2126 1538 2150 Nereus
1547 2125 1600 2150 ciet
1611 2131 1721 2156 aequora
1724 2124 1823 2156 fundo.

1125 2183 1175 2214 Ita
1191 2184 1327 2222 Persius,
1342 2190 1373 2215 et
1388 2183 1440 2214 alii
1456 2183 1785 2224 plures—Caeterum,
1804 2189 1851 2215 to-
1875 2192 1879 2200 ⁴

1124 2241 1175 2266 tus
1189 2235 1239 2266 hic
1254 2236 1395 2267 Lucretii
1409 2235 1497 2266 locus
1518 2235 1729 2276 pulcherrime,
1750 2241 1850 2267 trans-
1874 2247 1880 2269 ².

1123 2287 1252 2326 latione,
1273 2298 1292 2318 a
1316 2288 1403 2319 fonte
1426 2287 1561 2318 lutulato
1584 2286 1689 2323 ducta,
1716 2288 1852 2319 suaviter
1874 2302 1879 2318 ι

1125 2340 1279 2379 expolitus
1301 2346 1355 2376 est.
1381 2346 1412 2371 et
1433 2340 1598 2381 egregium
1614 2339 1765 2371 artificem
1778 2350 1850 2382 grae
1871 2352 1877 2369 l

1123 2390 1238 2422 tiarum
1261 2391 1464 2431 poeticarum,
1498 2401 1531 2422 re
1561 2390 1634 2422 verti
1659 2391 1779 2422 nemini
1802 2401 1849 2422 se-
1871 2401 1878 2420 ›

1123 2443 1275 2481 cundum,
1291 2443 1483 2475 vociferatur.

1169 2494 1241 2524 Ver.
1256 2498 1307 2526 39.
1330 2495 1517 2535 sulffuscans.
1556 2494 1597 2525 In
1613 2492 1714 2532 editis,
1726 2493 1846 2537 suffun-
1870 2505 1874 2539 ρ

1123 2546 1212 2575 dens:
1238 2544 1292 2575 sed
1307 2544 1414 2576 nullus
1427 2545 1580 2584 dubitem,
1604 2555 1656 2576 me
1670 2544 1711 2576 ad
1724 2555 1848 2585 germa-
1869 2555 1872 2575 1

1123 2606 1198 2626 nam
1212 2596 1350 2627 Lucretii
1361 2597 1544 2637 scripturam
1556 2597 1738 2637 pervenisse.
1764 2597 1847 2627 Cum
1867 2598 1872 2639 Ι

1123 2647 1255 2688 vulgatis
1269 2647 1397 2688 quIdem
1411 2648 1589 2688 conspirant
1605 2647 1641 2678 P.
1665 2653 1706 2678 11.
1723 2653 1768 2678 Ω.
1793 2645 1848 2678 sed
1866 2641 1874 2682 l

1124 2698 1221 2730 Vind.
1239 2699 1279 2730 v.
1295 2699 1343 2731 ed.
1359 2700 1397 2730 L.
1417 2700 1463 2730 Μ.
1482 2699 1520 2730 ο.
1538 2704 1572 2730 Δ.
1591 2704 1627 2731 2.
1645 2700 1762 2730 habent
1782 2687 1874 2750 sust}

1111 2749 1273 2792 fimdans,⁴
1293 2751 1331 2787 Q.
1346 2750 1553 2793 sulffundans.
1597 2750 1710 2789 Sentis,
1722 2750 1844 2790 opinor,
1864 2755 1873 2783 ι

1121 2802 1353 2843 exquisitiorem
1388 2813 1495 2833 vocem
1525 2802 1679 2843 gradatim
1714 2800 1846 2832 librariis
1863 2785 1870 2842 l

1121 2853 1276 2894 stipitibus
1290 2854 1324 2884 in
1347 2854 1506 2894 vulgarem
1532 2854 1686 2885 detortam
1711 2862 1788 2891 esse,
1812 2847 1868 2883 etl

1121 2905 1240 2938 insulso
1253 2907 1361 2947 gustui
1376 2905 1558 2937 inscitorum
1579 2903 1871 2936 h0m11nculorum¹n

1851 2946 1865 3038 Ιέ
