1912 3292
439 221 672 269 LIBER
720 219 1103 277 QUARTUS.

164 351 353 408 Angulus
373 351 539 391 obtusus
559 350 655 405 quia
674 349 796 404 longe
817 348 999 389 cernitur
1019 349 1179 400 omnis3

166 425 260 466 Sive
279 426 400 467 etiam
418 424 553 478 potius
572 438 659 464 non
679 423 876 471 cernitur,
899 437 947 463 ac
966 422 1076 476 perit
1096 424 1180 477 ejus

163 498 305 555 Plaga,
326 511 401 538 nec
420 496 473 537 ad
493 505 652 537 nostras
672 496 777 537 acies
796 494 1023 550 perlabitur
1042 495 1172 545 ictus;

161 573 271 613 A'era
288 586 361 626 per
379 570 553 612 multum
573 571 670 627 quia
689 570 790 611 dum
810 570 1028 610 simulacra
1047 568 1256 620 feruntur,

49 649 131 685 360
163 645 286 701 Cogit
305 644 521 686 hebescere
540 660 636 687 eum
655 645 808 686 crebris
828 643 1063 685 obfensibus
1085 645 1170 684 ae'r.

161 718 274 768 Hoc,
296 717 366 758 ubi
387 718 567 776 subfugit
587 734 750 760 sensum
770 718 890 760 simul
908 718 1081 775 angulus
1102 717 1252 767 omnis,

160 791 242 842 Fit,
264 794 379 848 quasi
398 801 445 834 ut
464 793 517 834 ad
537 801 705 836 tornum
724 807 918 835 saxorum
939 800 1091 834 structa
1110 799 1299 834 tuantur:

23 955 184 986 correctori
199 955 391 1002 reddendam
406 963 493 997 puto.
527 958 599 988 Vox
614 965 748 990 contecta

21 1007 185 1045 respondet
210 1019 227 1044 e
257 1008 411 1038 contrario
440 1009 507 1039 voci
533 1012 691 1048 adaperta,
715 1010 750 1039 in

23 1067 84 1088 ver.
98 1061 171 1089 547.
194 1059 242 1088 uti
257 1059 431 1089 Lambinus
446 1060 542 1089 etiam
557 1060 644 1090 vidit.
672 1060 748 1090 Sen-

22 1119 75 1138 sus
99 1116 158 1140 est:
186 1114 208 1129 “
226 1111 276 1140 Ne
293 1111 469 1149 simulacra,
496 1122 632 1151 quorum
658 1111 751 1142 calles

24 1162 47 1177 “
63 1161 250 1201 caliginosus
272 1162 324 1192 a'er
346 1164 444 1193 ambit
473 1163 677 1204 contegitque‚
705 1163 750 1193 ita

23 1216 46 1231 “
62 1215 179 1244 moveri
194 1215 227 1245 iu
254 1215 352 1245 oculis
367 1221 398 1246 et
419 1216 545 1246 excitari
560 1215 689 1255 possint,
714 1222 750 1246 ut

23 1268 46 1283 “
65 1276 123 1302 res,
138 1266 224 1297 unde
238 1268 430 1303 emittantur,
455 1267 587 1297 discerni
601 1267 748 1308 queant.”

66 1325 147 1356 Ibid.
170 1328 288 1357 moveri.
333 1327 426 1367 Lege,
450 1338 580 1358 movere:
605 1327 675 1356 vide
690 1337 751 1358 ver.

24 1378 97 1406 348.

524 1428 750 1458 Bam—rmus.

22 1485 144 1523 Voluit,
160 1486 282 1526 opinor,
307 1490 329 1506 “
344 1498 458 1519 movere
473 1486 562 1518 nos.”
600 1486 661 1517 Sed
673 1487 751 1517 nihil

24 1543 121 1568 muta.

64 1598 139 1628 Ver.
154 1601 227 1629 354.
251 1598 332 1629 Haec
347 1598 526 1638 disputatio,
543 1598 582 1629 de
605 1599 747 1640 quadrati

24 1649 113 1689 cujus
141 1649 217 1680 libet
238 1650 362 1691 angulis
392 1651 513 1681 aedificii
535 1651 643 1689 procul
667 1651 749 1689 visis,

24 1701 162 1731 multum
176 1707 221 1732 est
236 1702 371 1743 antiquis
385 1702 578 1741 philosophis
592 1703 749 1733 ventilata.

25 1751 242 1783 Alexandrum
260 1753 550 1793 Aphrodisiensem,
573 1753 612 1783 de
638 1754 696 1783 hac
719 1764 752 1783 re

24 1802 257 1843 disquirentem,
283 1804 318 1834 in
332 1805 385 1834 lib.
407 1805 427 1835 i.
447 1806 533 1843 prob.
548 1807 599 1835 57.
622 1804 751 1834 Lambi-

24 1863 86 1883 nus
122 1854 264 1892 protulit:
300 1855 405 1886 videas
441 1855 535 1885 etiam
574 1855 753 1896 Diogenem

24 1904 198 1941 Laenium,
215 1906 255 1936 ad
268 1907 309 1936 ix.
327 1909 377 1937 85.
400 1911 431 1936 et
445 1906 606 1944 scriptores
620 1906 663 1937 ibi
680 1907 752 1937 M'e-

24 1957 120 1996 nagio
135 1957 291 1995 laudatos3
317 1958 517 1988 Blacrobium
535 1969 669 1999 quoque,
689 1958 750 1989 Sat.

25 2008 76 2038 vii.
97 2011 144 2038 14.
167 2011 225 2039 sub
247 2009 359 2047 finem3
386 2010 515 2040 Sextum
538 2010 750 2050 Empiricum,

23 2059 44 2090 i.
77 2063 124 2090 14.
148 2060 251 2102 ibique
282 2061 470 2092 Fabricium.
523 2062 657 2098 Interea,
689 2063 751 2093 Pe-

25 2111 161 2142 troniani
184 2123 288 2144 versus
310 2124 375 2144 non
397 2114 563 2155 injucundi
585 2114 752 2146 lectoribus

26 2164 218 2201 accesserint,
233 2176 262 2205 p.
278 2167 351 2196 877.
366 2165 414 2196 ed.
431 2167 626 2198 Burmanni:

88 2246 194 2271 Fallunt
205 2253 253 2271 nos
264 2248 352 2278 oculi;
368 2249 484 2280 vagique
495 2255 596 2279 sensuS,

88 2286 218 2316 Oppressit
231 2286 344 2317 ratione,
354 2288 534 2312 mentiuntur.

89 2325 158 2349 Nam
169 2326 259 2356 turris,
269 2333 352 2358 prope
363 2333 425 2358 quae
437 2328 566 2358 quadrata
578 2327 672 2359 surgit,

90 2363 202 2388 Adtritis
212 2365 305 2396 procul
316 2366 417 2397 angulis
427 2369 542 2391 rotatur.

30 2445 272 2477 Animadvertas
307 2454 413 2479 autem
449 2449 641 2490 singularem
669 2448 754 2479 verbi

28 2504 147 2528 rotatur
162 2509 287 2531 sensum
294 2512 304 2538 ;
328 2511 392 2531 non
407 2501 490 2538 alibi,
511 2507 548 2531 ut
562 2507 688 2541 exputo,
711 2501 754 2531 le-

29 2551 178 2590 gendum.

73 2611 146 2642 Ver.
161 2615 234 2644 555.
258 2616 341 2654 Scepe
355 2614 465 2645 vocula
480 2625 544 2645 non
558 2615 695 2656 effectum
710 2615 754 2645 rei

28 2661 100 2692 visae
121 2664 255 2702 respicit,
288 2665 342 2705 qui
371 2677 484 2705 semper
507 2665 591 2695 idem
621 2671 678 2704 est,
701 2665 755 2696 sed

28 2715 157 2745 videntis
169 2717 388 2747 tantummodo
399 2720 660 2754 consuetudinem
677 2727 753 2758 qua—

29 2764 56 2794 si
71 2765 206 2798 dixerat:
233 2772 255 2786 “
271 2768 389 2800 Turres
403 2770 572 2811 quadratae,
589 2780 664 2811 quas
678 2781 756 2810 scelte

31 2820 55 2836 “
70 2819 232 2857 cernimus,
266 2824 376 2861 procul
407 2823 585 2857 videntibus
613 2823 757 2855 rotundae

30 2871 53 2886 “
68 2868 167 2900 solent
182 2874 359 2912 apparere.''

839 957 911 987 Ver.
927 958 1000 987 556.
1023 957 1160 986 obtusus:
1187 955 1229 985 V.
1245 954 1292 986 ed.
1310 961 1354 986 Ω.
1370 956 1496 986 obtutus.

838 1016 910 1046 Ver.
932 1018 1005 1047 558.
1027 1017 1207 1055 perlabitur.
1254 1015 1415 1045 Nimirum
1441 1016 1522 1046 hanc

793 1078 901 1098 vocem
918 1067 975 1096 viri
988 1066 1071 1096 docti
1082 1067 1175 1105 probe
1185 1066 1366 1096 evolverunt
1377 1067 1416 1097 de
1425 1067 1523 1106 scrip-

793 1119 863 1149 tura
885 1118 1029 1149 codicum
1057 1119 1093 1148 L.
1118 1118 1166 1148 M.
1187 1119 1367 1153 deriabz'tur,
1398 1121 1410 1148 z'
1431 1117 1523 1149 litera

794 1180 867 1200 cum
880 1172 892 1199 l
907 1169 998 1199 facile
1014 1168 1191 1207 permutata
1199 1180 1209 1205 ;
1223 1179 1287 1208 quo
1300 1169 1384 1206 dato,
1401 1179 1450 1198 res
1460 1175 1521 1199 sta-

792 1221 850 1250 tim
865 1220 1044 1250 conficitur:
1070 1219 1141 1248 vide
1158 1218 1465 1257 Drakenborchium,
1490 1225 1522 1250 et

795 1282 873 1312 quos
887 1271 994 1301 laudat
1009 1270 1153 1310 egregius
1168 1270 1336 1308 editorum,
1352 1270 1392 1300 ad
1407 1271 1476 1300 Liv.
1490 1270 1522 1301 ii.

794 1326 845 1352 25.
870 1326 899 1352 5.
923 1321 1020 1352 Vind.
1044 1321 1086 1351 V.
1109 1320 1154 1351 ed.
1179 1322 1217 1351 B.
1236 1321 1275 1351 Ο.
1299 1325 1334 1351 Δ.
1362 1328 1402 1351 Π.
1425 1325 1459 1353 Σ.
1478 1328 1523 1353 Ω.

794 1375 981 1404 derivabitur
987 1389 998 1410 ;
1022 1373 1158 1411 librario,
1174 1378 1210 1403 ut
1225 1373 1299 1403 satis
1313 1378 1411 1412 patet,
1426 1373 1523 1404 inter-

794 1431 929 1465 ponente
951 1437 980 1463 υ,
1003 1430 1040 1455 ut
1053 1424 1196 1466 legitima
1211 1425 1366 1465 quaepiam
1381 1435 1439 1455 vox
1455 1425 1523 1455 effi-

795 1482 929 1513 ceretur3
954 1476 989 1506 P.
1005 1478 1168 1514 delabitur,
1186 1481 1217 1505 et
1234 1476 1267 1505 in
1282 1475 1365 1506 notis
1379 1476 1526 1506 meminit

794 1526 949 1556 varietatis
964 1528 1110 1557 illabitur.
1147 1526 1249 1557 Unice
1267 1527 1386 1557 sincera
1401 1532 1447 1557 est
1460 1526 1523 1557 lec-

793 1578 847 1615 tio,
874 1589 970 1619 quam
985 1579 1196 1616 exhibuimus,
1226 1589 1326 1620 neque
1350 1579 1384 1609 in
1399 1584 1523 1609 contro-

793 1629 925 1660 versiam
939 1629 1306 1668 vocanda—Caeterum,
1328 1640 1385 1669 pro
1399 1641 1466 1668 nec,
1484 1629 1524 1660 V.

796 1682 845 1712 ed.
869 1685 950 1718 lzoec;
978 1688 1009 1713 et
1024 1683 1072 1712 M.
1094 1689 1168 1718 ates;
1195 1682 1248 1712 sed
1271 1682 1305 1711 in
1320 1691 1429 1712 verum
1444 1683 1525 1712 acies

796 1743 910 1763 manus
938 1733 1047 1764 eadem
1068 1733 1381 1764 mutaverat—Mox
1409 1740 1456 1764 Ω.
1469 1732 1524 1773 fe-

797 1791 917 1814 rantur.

841 1843 921 1874 Ibid.
947 1845 1047 1883 Plaga
1072 1855 1126 1874 nec
1151 1846 1248 1875 ictus:
1275 1843 1388 1884 quibus
1415 1843 1525 1884 utique

797 1897 987 1927 lacessuntur
1009 1894 1104 1933 oculi,
1126 1900 1158 1924 et
1169 1895 1351 1935 feriuntur:
1376 1894 1447 1924 vide
1463 1904 1524 1926 ver.

797 1949 868 1977 218.

839 2007 914 2036 Ver.
935 2010 1008 2037 560.
1030 2006 1197 2036 hebescere:
1223 2005 1265 2035 V.
1288 2004 1335 2035 ed.
1361 2006 1521 2042 ltebestor65

797 2065 838 2089 Π.
860 2060 1124 2090 wesema—eum:
1153 2058 1187 2088 P.
1212 2057 1251 2088 V.
1283 2057 1330 2089 ed.
1353 2058 1392 2089 Β.
1422 2063 1456 2089 Δ.
1481 2065 1523 2091 11.

795 2122 876 2146 cum;
903 2110 988 2152 quod
1002 2121 1067 2140 non
1083 2110 1226 2141 existimo
1244 2109 1394 2140 deterius:
1421 2116 1452 2140 et
1472 2111 1523 2140 hae

795 2161 913 2192 voculae
935 2161 1103 2201 saepissime
1128 2166 1329 2192 commutatae
1358 2166 1445 2191 sunt:
1471 2160 1524 2191 adi

795 2213 1102 2252 Drakenborchium,
1126 2213 1161 2243 in
1188 2213 1256 2244 Liv.
1278 2213 1317 2244 iv.
1344 2216 1391 2245 19.
1407 2216 1437 2243 2.
1481 2212 1523 2243 In

797 2266 892 2297 Vind.
912 2268 972 2298 hoc
987 2267 1142 2298 distichon
1157 2277 1282 2298 erasum
1297 2272 1351 2297 est.

838 2318 915 2348 Ver.
938 2322 1011 2350 561.
1047 2320 1135 2349 Hoc:
1161 2319 1198 2349 P.
1223 2319 1264 2349 V.
1289 2317 1335 2348 ed.
1360 2317 1397 2347 B.
1425 2317 1518 2352 Hcec‚·

796 2369 850 2400 sed
866 2381 939 2401 cum
950 2371 1039 2401 nobis
1054 2370 1173 2401 faciunt
1187 2370 1297 2410 optimi
1312 2374 1343 2400 et
1353 2368 1467 2408 plures,
1483 2368 1522 2400 L.

797 2422 845 2452 M.
864 2423 905 2453 Ο.
931 2427 966 2453 Δ.
983 2429 1024 2453 Π.
1041 2428 1075 2454 Σ.
1092 2430 1137 2454 Ω.
1168 2423 1302 2462 Nempe,
1318 2419 1454 2451 formula
1468 2429 1521 2450 ex-

797 2475 937 2515 quisitior
969 2475 1110 2506 indoctos
1138 2475 1251 2505 scribas
1280 2472 1439 2504 ludificata
1468 2478 1522 2504 est.

799 2528 868 2557 Hoc
884 2537 998 2566 nempe
1012 2530 1097 2558 modo
1103 2543 1113 2564 ;
1138 2532 1175 2558 ut
1188 2525 1355 2566 saepissime
1371 2535 1428 2565 quo
1443 2524 1521 2554 rela-

797 2578 897 2609 tivum
911 2585 1086 2619 usurpatur.
1131 2581 1319 2618 Apponatur
1341 2576 1520 2615 Terentius,

799 2631 926 2662 Phorm.
942 2642 969 2662 v.
983 2635 1015 2662 5.
1033 2635 1083 2662 21.

827 2706 908 2731 Patris
919 2713 1020 2732 nomen
1031 2706 1103 2731 aliud
1112 2706 1216 2731 dittum
1227 2707 1280 2731 est:
1299 2705 1342 2729 hoc
1352 2707 1383 2728 tu
1394 2703 1495 2729 errasti.

801 2770 954 2806 Quamvis
969 2770 1001 2801 id
1016 2769 1151 2810 exempli
1173 2769 1323 2800 nimirum
1346 2767 1434 2798 aliter
1455 2766 1523 2806 capi

799 2822 903 2860 possit.
947 2821 1015 2852 Nec
1041 2821 1147 2851 minus
1168 2820 1312 2854 dubitem
1331 2823 1455 2861 egomet
1484 2817 1523 2848 de

802 2872 929 2914 Virgilii
942 2883 1045 2912 versu,
1060 2871 1101 2904 ad
1116 2872 1190 2904 AEn.
1206 2871 1237 2904 ii.
1253 2874 1324 2903 664.

739 2931 799 2962 82
