1912 3292
471 224 715 302 LIBER
753 243 1106 295 TERTIUS

196 390 387 435 Crudeles
406 385 588 445 gaudent
607 384 651 425 in
671 381 776 424 tristi
794 380 937 422 funere
956 377 1090 418 fratris
1097 394 1108 426 ;

192 467 249 508 Et
268 459 619 519 consanguineum
640 471 799 498 mensas
819 454 958 503 odere,
981 452 1225 505 timentque.

253 534 465 579 Consimili
487 534 660 582 ratione,
685 531 736 573 ab
757 529 902 571 eodem
925 539 1034 581 saepe
1054 525 1202 565 timore

113 617 163 657 75
195 611 384 655 Macerat
403 609 571 650 invidia:
604 613 699 648 ante
721 603 858 646 oculos
877 601 990 642 illum
1010 613 1094 640 esse
1112 603 1338 653 potentem,

194 687 315 729 Illum
336 682 579 740 adspectari‚
602 681 711 722 claro
731 678 802 735 qui
821 675 974 718 incedit
994 673 1171 721 honore3

194 761 302 817 Ipsei
323 775 365 801 se
384 759 428 799 in
448 756 625 799 tenebris
645 754 765 800 volvi,
782 764 996 807 coenoque,
1019 753 1258 804 queruntur.

53 919 172 961 Vulgo,
196 919 413 958 Dimittisque5
437 925 557 953 verum,
581 913 640 945 nisi
662 912 778 953 species

52 981 198 1003 versuum
212 980 264 1000 me
279 969 378 1007 fallat,
402 981 540 1010 αμετρως.
631 962 640 974 ³

95 1023 171 1053 Ver.
187 1026 238 1053 66.
261 1022 298 1051 ab
313 1022 415 1051 dulci:
443 1025 476 1050 Δ.
494 1023 528 1051 Σ.
551 1020 661 1054 (κάτα-ιζ·
686 1026 742 1056 pro
759 1028 778 1046 a

51 1075 325 1106 duhel—videtur:
353 1072 391 1107 Q.
410 1078 450 1101 Π.
468 1075 502 1101 Σ.
521 1072 672 1101 videntur.

96 1126 173 1156 Ver.
197 1127 249 1156 67.
274 1125 445 1154 contarz'er:
471 1122 523 1156 sic,
550 1119 720 1160 antiquius,
745 1123 778 1148 Δ.

57 1183 98 1208 Π.
115 1183 160 1207 Ω.
177 1182 208 1206 et
222 1175 328 1206 redeas
343 1173 383 1203 ad
397 1173 429 1203 ii.
444 1176 518 1204 392.
554 1171 679 1201 Nonius
692 1169 778 1199 Mar-

55 1228 164 1267 cellus,
179 1229 217 1259 iv.
234 1230 286 1259 55.
309 1237 372 1256 non
388 1225 477 1255 aliter
492 1224 642 1263 scriptum
656 1220 782 1261 reliquit

57 1279 240 1320 Virgilium,
257 1278 297 1309 ad
312 1288 378 1318 geo.
394 1277 434 1307 iv.
451 1278 522 1306 107.
539 1274 613 1305 AEn.
630 1273 690 1303 viii.
706 1275 781 1302 388.

59 1333 187 1365 Comari
201 1336 306 1361 autem
322 1334 368 1359 est
381 1329 530 1364 dubitare,
545 1328 686 1356 haesitare
693 1338 703 1354 .·
721 1324 779 1353 ita-

55 1393 117 1426 que
131 1388 202 1413 ante
220 1387 327 1421 portas
341 1381 396 1410 lete·
416 1379 568 1409 contai-ier
582 1375 710 1415 pulchre
725 1374 780 1404 de-

56 1434 161 1467 scribit
175 1433 350 1470 hominem‚
376 1434 398 1450 “
414 1435 592 1460 manentem
617 1429 651 1457 in
673 1426 781 1464 dubio,

57 1491 80 1506 “
96 1498 138 1518 an
152 1485 282 1521 fortiter,
309 1494 419 1521 necne,
442 1482 540 1512 limen
554 1480 663 1510 mortis
682 1478 779 1509 semel

55 1544 78 1560 “
94 1540 257 1578 irrumpat,
270 1543 300 1568 et
314 1548 346 1567 se
360 1536 510 1576 proripiat
524 1545 542 1564 e
556 1532 650 1563 vita.’'

99 1590 182 1622 Ibid.
216 1592 270 1621 leti
289 1595 404 1629 portas.
450 1584 616 1626 Virgilius,
645 1583 720 1614 AEn.
745 1583 783 1614 vi.

61 1646 132 1675 661.

411 1708 485 1738 patet
497 1705 540 1730 isti
544 1705 630 1736 janua
640 1703 696 1727 leto.

103 1769 179 1799 Ver.
196 1772 247 1798 69.
269 1776 410 1797 remosse:
436 1763 533 1794 Vind.
552 1762 591 1792 V.
614 1760 661 1792 ed.
686 1761 722 1790 B.
746 1765 786 1789 Π.

54 1819 100 1853 ”Σ.
117 1827 163 1851 Ω.
184 1824 292 1850 remote
298 1834 308 1854 ;
337 1817 376 1847 O.
394 1822 428 1847 Δ.
443 1816 558 1846 remoti.
582 1813 702 1844 Passim
717 1821 789 1841 vero

62 1872 156 1911 hujus
172 1869 302 1901 familiae
326 1869 426 1903 verba,
450 1865 533 1905 apud
549 1864 711 1903 utriusque
728 1862 789 1892 lin-

63 1933 136 1964 guae
151 1921 322 1961 scriptores,
340 1928 467 1948 sensum
480 1916 657 1946 absolutum
667 1913 789 1944 nancis-

65 1979 195 2010 cuntur;
218 1977 249 2002 et
263 1971 307 2001 ita
322 1969 459 2000 multum
475 1967 552 1998 solet
567 1965 652 2007 loqui
673 1965 790 1995 Lucre-

64 2024 134 2055 tius.
187 2023 308 2058 Florus,
338 2021 369 2051 ii.
396 2024 425 2051 8.
453 2024 479 2050 8.
519 2023 541 2037 “
559 2019 602 2049 Et
632 2017 792 2047 maximus

65 2080 89 2095 “
103 2082 372 2115 regum,—quum
394 2071 514 2111 ingenti
534 2070 663 2109 strepitu
687 2079 723 2098 ac
741 2074 791 2098 tu-

66 2132 89 2148 “
104 2127 208 2158 multu
222 2127 356 2157 movisset
372 2134 409 2154 ex
428 2122 628 2160 Asia—otia
643 2127 674 2151 et
686 2120 792 2157 luxus,

69 2183 91 2199 “
107 2185 269 2219 tamquam
283 2177 389 2212 victor,
410 2173 576 2216 agitabat.''
616 2172 794 2209 Suetonius,

69 2231 109 2261 iv.
129 2234 178 2261 15.
216 2235 236 2248 “
254 2229 378 2269 Itaque,
400 2232 437 2257 ut
455 2237 474 2256 a
490 2225 616 2256 Miseno
631 2222 794 2255 movit-.'’

70 2281 215 2320 Plautus,
232 2280 298 2311 mil.
314 2280 393 2321 glor.
411 2279 454 2309 iii.
472 2281 499 2309 1.
517 2281 587 2308 166.

174 2351 296 2378 Remove,
306 2347 359 2378 abi,
369 2346 485 2372 aufer-.

72 2405 165 2437 Adeo
183 2406 256 2436 trita
279 2405 428 2436 ventilare
453 2404 550 2444 piget,
578 2408 610 2433 et
639 2400 798 2441 puduisset

73 2468 159 2496 sane,
185 2457 246 2487 nisi
271 2458 455 2497 scripturam
477 2456 631 2486 sinceram
655 2453 798 2483 vitiatum

73 2510 199 2541 ivissent
211 2508 326 2552 critici3
342 2520 465 2546 recesse,
477 2514 569 2549 atque
580 2507 676 2537 etiam
686 2516 798 2537 remas-

74 2573 117 2601 se,
128 2561 322 2600 ineptissime
336 2561 500 2591 lectoribus
511 2560 575 2590 suis
586 2563 801 2599 proponentes.

118 2613 194 2644 Ver.
211 2615 262 2644 70.
283 2623 346 2643 rem
362 2614 508 2654 conflant.
556 2610 677 2647 Cicero,
693 2619 749 2648 pro
765 2608 802 2638 P.

78 2665 196 2703 Sextio,
223 2675 289 2704 cap.
311 2667 362 2694 30.
385 2666 408 2681 “
426 2661 520 2698 Quod
542 2671 642 2703 genus
667 2658 801 2699 imperii,

77 2722 98 2735 “
113 2722 168 2748 aut
182 2727 252 2758 quae
266 2714 434 2756 provincia,
454 2724 523 2755 quae
534 2713 614 2745 ratio
626 2710 804 2743 auferendae

77 2774 99 2788 ‘⁶
114 2775 169 2800 aut
183 2770 356 2810 conflandae
365 2769 520 2808 pecuniae,
544 2775 608 2803 non
631 2764 803 2804 reperIeba-

78 2823 101 2840 ‘⁶
117 2821 211 2853 tur?'’
239 2820 344 2862 Atque
361 2819 414 2850 alii
430 2829 523 2850 sensu
549 2816 715 2853 consimili,
739 2826 803 2845 non

80 2881 162 2902 raro:
188 2882 242 2911 per
263 2870 498 2902 translationem
521 2880 540 2899 a
560 2870 657 2900 ventis
684 2866 803 2905 conspi-

80 2924 219 2954 rantibus
233 2923 411 2958 derivatam,
423 2928 453 2953 et
467 2921 539 2952 inde
552 2920 590 2951 ad
607 2918 730 2950 metalla
744 2917 806 2947 col-

820 909 986 951 liquefacta
1000 907 1137 942 ductam,
1153 905 1193 934 ob
1209 900 1425 934 anhelantium
1438 898 1545 939 utique

821 959 986 992 fornacum
996 959 1096 989 flatus.

865 1014 940 1043 Ver.
965 1015 1012 1042 71.
1037 1012 1134 1040 ccede:
1164 1014 1204 1037 Π.
1227 1007 1321 1041 (καλέ,-
1346 1009 1382 1033 ut
1405 1003 1436 1032 in
1458 1012 1545 1032 com-

822 1065 972 1095 munibus
994 1062 1085 1092 editis
1112 1060 1238 1100 legitur,
1261 1063 1369 1087 contra
1396 1053 1547 1085 Macrobii

823 1118 916 1147 etiam
932 1113 1130 1154 exemplaria,
1148 1112 1270 1142 Saturn.
1287 1109 1325 1139 vi.
1341 1113 1368 1138 2.

867 1168 948 1199 Ibid.
980 1166 1200 1204 Conduplz'cant
1231 1163 1356 1192 divitias
1363 1175 1373 1194 ,·
1411 1158 1458 1188 uti
1485 1157 1506 1188 J
1510 1166 1546 1186 u-

824 1220 939 1251 venalis
953 1220 1077 1249 locutus
1091 1222 1146 1252 est,
1163 1221 1217 1244 sat.
1233 1213 1291 1242 xiv,
1307 1216 1379 1242 229.

1018 1281 1065 1307 per
1075 1273 1181 1298 fraudes
1189 1269 1344 1304 patrimonia
1355 1267 1537 1299 conduplicare.

867 1327 940 1356 Ver.
958 1328 1009 1356 72.
1024 1323 1161 1365 fratris:
1189 1321 1224 1351 P.
1253 1318 1347 1349 Vind.
1373 1317 1410 1347 V.
1435 1315 1482 1346 ed.
1507 1315 1548 1344 O.

825 1388 859 1411 Δ.
876 1384 910 1410 Σ.
930 1384 974 1408 Ω.
989 1376 1127 1418 fratres;
1153 1372 1207 1403 sed
1232 1373 1332 1402 obstat
1359 1369 1453 1399 etiam
1477 1367 1552 1397 Vir-

825 1431 941 1472 giliana
956 1426 1103 1464 imitatio,
1120 1425 1153 1454 in
1169 1434 1236 1464 geo.
1253 1423 1283 1452 ii.
1300 1425 1371 1452 510.

1043 1483 1157 1518 gaudent
1169 1481 1269 1515 perfusi
1279 1477 1542 1512 sanguinesratrum.

828 1544 888 1575 Ille
903 1543 989 1574 locus
1009 1541 1129 1580 integer
1145 1548 1164 1568 a
1178 1546 1238 1566 ver.
1257 1537 1327 1566 503.
1351 1531 1390 1562 ad
1404 1541 1465 1560 ver.
1481 1532 1554 1560 512.

828 1597 867 1627 de
893 1594 1081 1626 Lucretiano
1104 1589 1231 1621 liberius
1255 1584 1449 1626 exprimitur,
1474 1587 1504 1611 et
1527 1580 1555 1610 ei

828 1648 966 1680 multum
981 1646 1081 1676 debet.
1124 1640 1304 1673 Macrobius
1320 1648 1356 1668 ex
1372 1641 1457 1676 parte
1469 1643 1554 1664 com-

829 1699 1022 1741 parationem
1034 1694 1181 1731 instituit,
1191 1692 1211 1722 1.
1221 1702 1248 1721 c.
1266 1689 1348 1731 quod
1362 1688 1395 1717 11
1400 1694 1557 1717 avercam-

832 1763 889 1792 pus
905 1751 999 1781 etiam
1016 1745 1189 1778 admonuit.

877 1802 959 1833 Ibid.
984 1802 1067 1831 tristi
1076 1798 1201 1840 J'tcnere.
1248 1794 1298 1823 Ita
1315 1792 1417 1826 Maro,
1435 1798 1502 1828 geo.
1519 1787 1557 1816 iv.

834 1857 907 1886 256.

1150 1910 1178 1933 et
1189 1904 1375 1936 tristiafzmera
1387 1901 1501 1925 ducunt.

878 1963 952 1993 Ver.
969 1965 1019 1992 75.
1043 1956 1222 1990 Hesiodum
1247 1954 1368 1984 videtur
1393 1952 1433 1981 ob
1457 1947 1562 1979 oculos

835 2014 979 2047 habuisse
997 2013 1105 2046 Carus,
1122 2010 1154 2039 in
1171 2019 1239 2047 opp.
1258 2012 1289 2036 et
1303 2004 1353 2036 dd.
1373 2006 1442 2034 181.

875 2092 938 2118 Οιδε
949 2100 1032 2125 πατὴρ
1046 2088 1173 2115 παιδεσσιν
1188 2086 1288 2118 ὁμοιϊος,
1308 2082 1348 2108 εδε
1360 2092 1383 2106 τι
1394 2079 1488 2107 marries·

876 2139 938 2166 Ουδε
949 2141 1017 2170 {arog
1029 2135 1160 2168 ξεινοδοκῳ,
1172 2143 1218 2159 και]
1231 2131 1323 2166 {rampo-5
1338 2128 1434 2162 ἑταιρῳ,

878 2187 940 2213 Ουδε
951 2194 1104 2216 anonyme-03
1118 2187 1184 2216 φιλας
1197 2189 1304 2209 sufferat,
1317 2179 1346 2205 ὡς
1362 2187 1390 2202 το
1400 2184 1476 2211 παρος
1487 2178 1537 2208 τερ·

879 2236 960 2269 Atalmo
974 2235 998 2260 δε
1009 2241 1186 2268 ’γηρωσκοντικς
1201 2237 1342 2263 οιτιμκσεσι
1353 2230 1459 2254 τοκῆας·

879 2283 1037 2317 Mafa-dromon
1064 2279 1085 2306 δ’
1107 2289 1159 2314 apae
1180 2288 1234 2307 τες,
1258 2280 1378 2309 zuatavam
1398 2270 1563 2298 BAZONTF,

993 2328 1136 2356 ΕΠΕΣΣΙ,

880 2380 900 2406 Σ
904 2383 1004 2414 χετλιοι.

843 2447 894 2478 Ita
908 2446 996 2476 locus
1005 2444 1062 2474 iste
1075 2440 1241 2474 certissime
1253 2436 1404 2479 legendus
1416 2438 1469 2464 est.
1485 2429 1567 2460 Vul-

842 2510 893 2540 g0‚
909 2499 1027 2536 βαζοντ)
1046 2509 1164 2528 επεεσσι·
1181 2500 1354 2532 perperam,
1371 2484 1458 2517 nulla
1475 2495 1511 2514 w
1522 2481 1568 2512 di-

843 2560 971 2592 gamma
985 2547 1090 2579 habita
1104 2546 1232 2576 ratione.

877 2603 965 2633 'Ver.
981 2604 1030 2632 74.
1054 2601 1192 2630 ratione:
1220 2595 1267 2625 M.
1283 2592 1415 2625 ration&
1440 2588 1490 2617 vix
1507 2586 1569 2616 sin-

845 2664 925 2689 cere,
940 2654 980 2683 ob
996 2658 1182 2690 κακοφωνιαν.
1220 2646 1338 2676 Versus
1352 2642 1471 2680 integer
1486 2639 1571 2668 abest

848 2711 885 2737 A.
911 2715 962 2735 me
978 2703 1088 2734 saltem
1104 2697 1329 2739 impensissime
1344 2694 1507 2734 probante:
1534 2699 1572 2718 co

847 2756 934 2787 enim
948 2755 1081 2790 sublato,
1105 2752 1192 2781 locus
1206 2749 1241 2779 fit
1255 2746 1394 2783 erectior,
1421 2753 1479 2774 nec
1504 2750 1573 2770 ora·

849 2806 943 2837 tionis
958 2815 1066 2836 cursus
1080 2802 1140 2833 levi
1153 2812 1188 2832 ac
1199 2797 1308 2841 jejuna
1325 2792 1573 2835 interpellatione

849 2857 1010 2898 frangitur.
1054 2853 1172 2885 Videas
1199 2851 1305 2887 modo,
1327 2854 1356 2879 et
1380 2848 1484 2878 locum
1509 2852 1576 2871 uno

850 2913 975 2954 spiritus
990 2918 1096 2941 tenore
1111 2909 1267 2950 perlegas:
