1912 3292
335 244 430 285 414·

838 231 898 280 T.
939 226 1319 279 LUCRETII

475 366 586 408 Nam
605 364 702 407 facit
720 364 809 420 ipsa
828 363 909 406 suis
936 361 1144 404 interdum
1164 359 1315 401 femina
1333 355 1464 405 factis,

473 439 777 497 Morigerisque
796 437 944 487 modis,
971 445 1011 477 et
1031 434 1188 476 mundo
1208 445 1381 486 corpore
1401 428 1524 477 culta,

337 518 444 558 1275
476 515 539 558 Ut
561 513 677 556 facile
696 513 897 554 insuescat
917 524 1054 552 secum
1074 509 1136 555 vir
1155 507 1306 570 degere
1325 505 1463 544 vitam.

533 588 661 638 Quod
682 601 804 642 super
824 592 900 634 est,
922 581 1175 640 consuetudo
1193 579 1416 654 oenQa}
1435 586 1634 617 amorem:

330 749 475 783 librarius
488 745 636 780 inscitior,
662 753 720 774 nec
738 752 798 773 usu
815 741 937 778 doctus,
962 738 1058 769 mini-

331 812 384 833 me
412 797 583 840 percalluit.
631 795 734 825 Doleo
763 792 966 826 Lamfflnurn,
998 790 1058 820 Fa-

330 855 494 893 brumque,
510 859 542 880 se
558 846 656 878 nihilo
671 844 842 887 sagaciores
856 841 1045 884 praestitisse.

377 903 458 936 Ibid.
480 902 607 933 moveri:
634 899 653 929 i.
673 909 698 929 e.
713 909 743 929 se
758 907 880 931 movere,
903 894 944 926 ad
959 893 1058 924 medi-

333 968 386 990 am
402 958 586 988 Graecorum
600 961 723 988 vocem;
748 956 784 981 ut
803 949 856 980 alii
873 947 1060 980 Latinorum

331 1006 427 1040 multi
441 1008 476 1037 in
489 1007 549 1037 hoc
564 1005 630 1044 ipso
646 1001 805 1033 vocabulo.

377 1061 454 1090 Ver.
469 1061 559 1089 1268.
572 1057 728 1096 gravidae:
753 1053 772 1083 i.
789 1063 814 1083 e.
830 1050 975 1087 feminae;
991 1058 1060 1089 quae

334 1111 429 1143 dictio
444 1111 477 1141 in
502 1114 600 1141 scorta
625 1103 906 1145 comprehenditur,
932 1101 972 1132 ad
997 1100 1060 1130 for-

333 1163 458 1194 mulam
472 1159 595 1192 dicendi
611 1162 821 1198 pervagatam,
847 1160 878 1185 et
900 1152 990 1184 nobis
1004 1161 1060 1181 sae-

332 1224 507 1256 penumero
525 1212 725 1242 illustratam:
753 1218 810 1239 nec
824 1205 941 1237 librarii
956 1211 1061 1235 tamen

331 1270 515 1301 tenuerunt;
541 1263 673 1302 ideoque
698 1261 732 1291 in
748 1260 788 1290 V.
811 1258 860 1289 ed.
889 1258 927 1288 L.
954 1256 1001 1286 M.
1020 1261 1061 1286 Π.

335 1324 383 1349 Ω.
395 1318 524 1357 gravida
541 1314 742 1353 scripserunt,
758 1308 980 1340 indoctissime.
997 1307 1061 1336 Po-

334 1375 416 1401 teras
443 1367 596 1398 nimirum
624 1374 699 1396 cum
729 1362 842 1393 Vossio
875 1358 1062 1390 versiculum

335 1426 455 1453 tentare
470 1418 511 1449 ad
524 1419 609 1448 hunc
624 1424 760 1446 morem:

337 1506 378 1531 Ne
387 1504 576 1536 conplerentur
586 1502 691 1531 crebro,
701 1498 822 1532 gravida
833 1500 907 1529 alque
916 1497 1047 1528 jacerent:

335 1588 405 1619 quae
424 1575 571 1617 cogitatio
596 1573 675 1604 mihi
691 1581 814 1612 quoque
837 1580 869 1599 se
884 1569 1063 1598 insinuave-

334 1635 395 1666 rat,
421 1627 475 1658 sed
500 1626 606 1656 statim
631 1621 809 1662 repudiavi3
831 1628 889 1649 nec
908 1622 1065 1656 receptam

335 1679 504 1711 lectionem
519 1675 585 1706 ulla
601 1675 639 1705 de
659 1672 767 1704 caussa
781 1670 927 1702 solicitari
941 1668 1063 1699 vellem.

381 1731 462 1763 Ibid.
494 1731 546 1761 .Ne
571 1728 793 1767 conplerentur.
841 1721 1000 1758 AEHanus,
1025 1719 1064 1750 de

338 1795 411 1817 ann.
442 1783 474 1813 ii.
504 1785 632 1812 ‘16.—‘ro
660 1790 773 1816 πνευμω
799 1776 890 1817 ειςρεον
921 1777 1064 1803 ΠΛΗΡΟΙ

338 1850 445 1872 auras,
462 1848 512 1865 και
528 1844 661 1864 zvssct—.
709 1829 760 1859 Sic
775 1826 837 1857 alii.

381 1888 455 1918 Ver.
475 1888 566 1917 1271.
591 1884 658 1914 Nec
674 1881 832 1911 diuinitus.
875 1875 1006 1915 Epicuri
1021 1873 1066 1904 ef-

338 1942 440 1972 fatum
455 1938 546 1978 po'eta
560 1936 791 1973 interpretatur,
807 1928 891 1971 quod
905 1928 1020 1968 legitur
1035 1926 1067 1955 in

340 1993 438 2033 Diog.
462 1989 564 2021 La‘drt.
589 1998 618 2017 x.
647 1989 717 2016 118.
751 1982 820 2014 οηδε
845 1984 1068 2012 ΘΕΟΠΕΜΠ-

342 2050 415 2075 TON
432 2055 496 2074 ειναι
519 2053 566 2071 τον
583 2042 728 2069 ΕΡΩΤΑ·
750 2035 785 2068 ὣς
815 2039 946 2073 Διογενης
975 2044 998 2061 εν
1026 2043 1068 2069 τῳ

344 2096 383 2134 ιβ’
399 2103 488 2136 φησιν.

384 2153 466 2185 Ibid.
496 2152 635 2183 Veneris:
661 2144 866 2186 nempe,'deae
882 2142 1067 2184 cujuspiam,

341 2216 399 2238 suo
414 2203 546 2236 numine
560 2212 609 2232 res
630 2198 797 2230 amatorias
821 2195 988 2227 hominum
1013 2192 1067 2223 ad-

341 2254 555 2289 ministrantis.

344 2311 511 2343 Caeterum,
541 2315 598 2345 pro
629 2305 709 2341 Nec,
738 2302 810 2341 pius
841 2301 944 2334 Nara,-
985 2296 1070 2328 unde

344 2370 433 2392 mens
461 2356 617 2397 scriptoris
645 2362 769 2394 prorsus
798 2350 1006 2389 corrumpitur
1035 2357 1070 2378 ac

343 2410 544 2444 subvertitur:
570 2408 624 2438 ille
639 2413 745 2437 tamen
767 2404 866 2435 editor
889 2403 1070 2440 interpreta-

341 2463 464 2493 tionem
479 2463 677 2491 commentus
692 2460 737 2486 est
758 2453 912 2490 lectionis,
935 2460 1009 2481 cum
1024 2455 1070 2479 to-

344 2515 384 2545 tis
398 2514 493 2544 etiam
507 2509 711 2552 philosophiae
726 2506 924 2539 Lucretianae
943 2502 1071 2534 rationi·

344 2569 404 2599 bus
418 2576 455 2597 ex
471 2564 611 2605 opposito
627 2559 806 2602 pugnantis.

386 2628 463 2657 Ver.
483 2629 572 2656 1279.
604 2624 814 2654 Deccrz'ore—.
867 2618 981 2648 Noster
1003 2615 1071 2646 Eu-

345 2678 477 2718 ripidem
503 2676 624 2707 videtur
649 2675 683 2705 in
712 2673 819 2703 auimo
847 2669 1002 2705 habuisse,
1033 2666 1072 2698 ad

350 2729 503 2762 Androm.
521 2731 592 2759 204.
815 2723 820 2727 “

424 2815 468 2833 ουκ
482 2807 504 2837 εξ
516 2815 577 2839 εμων
589 2813 614 2830 σε
628 2811 770 2837 coequemur
783 2809 868 2831 στυγει
879 2807 958 2828 πισις,

425 2852 484 2879 etv-¹
499 2861 515 2878 ει
530 2854 627 2883 {mmm
640 2861 679 2884 μη
694 2849 819 2879 'nartheca
831 2851 921 2883 zupus*

424 2906 520 2936 φιλτρον
532 2900 556 2925 δε
566 2897 677 2925 ama-08·
691 2908 706 2924 κ
719 2907 748 2923 το
763 2900 871 2925 καλλος,
882 2905 901 2920 ω
915 2903 996 2925 γυναι,

425 2948 484 2976 αλλ’
496 2948 524 2976 αι’
532 2947 609 2983 'penu
621 2955 721 2981 τερπυσι
735 2955 782 2974 τες
796 2946 939 2977 {vntum-025.

1147 733 1228 766 Ibid.
1250 739 1388 764 ametur:
1415 737 1456 762 n.
1481 732 1637 761 ementior.
1683 727 1829 764 Volebat,

1103 787 1222 827 opinor,
1243 784 1399 816 librarius:

1134 867 1270 894 Deteriore
1281 865 1313 890 fit
1322 868 1354 890 ut
1366 863 1454 890 forma
1465 861 1620 888 muliercule
1629 863 1748 892 amentur
1756 868 1766 885 .-

1103 950 1185 982 quae,
1205 937 1310 968 nullus
1325 936 1464 966 dubitem
1481 940 1616 975 egomet,
1637 933 1714 974 quin
1728 932 1768 962 sit
1781 931 1828 971 ip-

1104 993 1224 1023 sissima
1251 987 1389 1020 Lucretii
1414 986 1576 1025 scriptura,
1613 983 1729 1023 passim
1753 982 1830 1013 tales

1105 1051 1268 1076 structurae
1303 1042 1466 1072 varietates
1495 1037 1722 1070 consultissimo
1758 1045 1831 1068 cum

1105 1096 1208 1128 studio
1223 1093 1404 1126 exhibentis.

1149 1156 1223 1186 Ver.
1242 1157 1333 1185 1275.
1358 1150 1523 1188 Afranius,
1539 1148 1693 1189 vopisco:

1137 1240 1222 1267 Em,
1233 1239 1260 1262 ct
1271 1242 1367 1267 corpus
1377 1237 1514 1263 tenerum,
1528 1235 1556 1258 et
1566 1229 1752 1263 morigeratio.

1136 1279 1202 1303 l-laec
1213 1280 1276 1302 sunt
1286 1281 1390 1300 venena
1399 1273 1579 1299 formosarum
1590 1269 1748 1296 mulierum.

1106 1353 1150 1383 Et
1165 1351 1356 1391 Propertius,
1372 1349 1405 1380 ii.
1424 1351 1471 1379 16.
1492 1351 1540 1379 19.

1107 1435 1197 1467 Quod,
1208 1433 1229 1458 si
1240 1439 1290 1459 nec
1301 1438 1414 1461 nomen,
1425 1436 1475 1455 nec
1489 1435 1534 1454 me
1545 1432 1592 1452 tua
1602 1427 1692 1452 forma
1701 1426 1818 1454 teneret,

1137 1477 1224 1499 Posset
1235 1471 1374 1498 servitium
1385 1469 1453 1494 mite
1464 1472 1558 1493 tenere
1566 1470 1657 1491 tuum.

1608 1514 1833 1544 Bnuumus.

1152 1605 1225 1635 Ver.
1242 1605 1334 1633 1274.
1350 1601 1463 1631 modis:
1489 1598 1532 1628 ita
1548 1602 1584 1629 Σ.
1600 1602 1630 1626 et
1645 1594 1742 1626 codex
1756 1593 1834 1634 pris-

1109 1666 1163 1686 cus
1182 1655 1249 1691 [³513
1273 1660 1307 1684 Δ.
1330 1653 1444 1687 maris‚-
1469 1648 1572 1680 caeteri
1594 1656 1712 1682 omnes,
1735 1645 1837 1676 moris.

1107 1707 1266 1737 -nzunclo
1291 1705 1390 1735 culta:
1416 1701 1459 1731 sic
1484 1701 1519 1731 P.
1534 1700 1564 1729 V
1569 1697 1631 1728 ind.
1651 1697 1692 1727 V.
1719 1696 1766 1727 ed.
1796 1696 1834 1726 Β.

1111 1758 1150 1789 Ο.
1174 1761 1208 1788 Σ.
1228 1762 1271 1787 Ω.
1287 1754 1341 1785 sed
1358 1754 1394 1784 L.
1411 1753 1459 1783 M.
1481 1752 1593 1782 munde
1609 1750 1704 1784 cule05
1728 1746 1834 1788 gustui

1108 1820 1180 1841 meo
1203 1809 1307 1840 minus
1327 1807 1497 1847 eleganter:
1526 1810 1568 1835 Π.
1591 1802 1685 1833 etiam
1703 1802 1831 1835 munden

1112 1868 1146 1893 A.
1173 1867 1290 1897 autem,
1319 1860 1430 1889 multo:
1462 1861 1494 1886 et
1517 1856 1668 1894 corporis;
1695 1857 1731 1882 ut
1760 1850 1835 1882 editi

1111 1912 1249 1953 quidam.

1154 1973 1229 2003 Ver.
1248 1973 1338 2001 1271‘.
1362 1971 1530 2000 insuescat:
1557 1966 1594 1997 B.
1618 1965 1655 1995 L.
1682 1963 1729 1994 M.
1754 1972 1836 1994 sues-

1111 2032 1313 2057 ειιί.-.ςεειιηι
1339 2024 1404 2053 tir:
1436 2020 1477 2051 O.
1507 2025 1552 2049 Ω.
1577 2019 1625 2048 vir
1646 2027 1761 2051 sectum
1785 2024 1838 2044 me

1112 2076 1247 2107 volente:
1277 2080 1311 2104 Δ.
1337 2083 1435 2104 secum
1462 2080 1595 2111 quoque:
1628 2073 1658 2097 et
1683 2067 1768 2096 abest
1790 2066 1837 2096 vir

1113 2129 1154 2159 V.
1170 2128 1217 2158 ed.
1234 2128 1272 2157 B.
1292 2126 1327 2156 L.
1345 2125 1392 2155 M.
1410 2129 1450 2153 Π.
1467 2128 1502 2153 Σ.
1529 2123 1650 2160 degere:
1678 2118 1726 2148 M.
1749 2119 1837 2156 dege·

1113 2191 1186 2211 rere.
1230 2178 1280 2208 Ex
1295 2176 1345 2206 his
1359 2180 1466 2205 autem
1479 2171 1678 2203 varietatibus
1692 2168 1771 2199 nihil
1786 2177 1839 2198 ex.

1113 2230 1232 2269 sculpo,
1270 2226 1353 2268 quod
1383 2223 1513 2263 receptis
1542 2221 1690 2261 anteponi
1717 2219 1838 2255 debeat.

1113 2282 1329 2322 undequaque,
1344 2283 1499 2318 quantum
1514 2274 1614 2312 video,
1630 2271 1767 2303 sinceris.

1156 2342 1230 2372 Ver.
1248 2341 1341 2370 1276.
1366 2336 1548 2368 consuetudo
1571 2333 1735 2364 concinnat
1755 2340 1838 2360 amo-

1113 2405 1186 2425 rem.
1241 2390 1329 2421 Hinc
1358 2388 1432 2418 scite
1461 2390 1599 2416 moratus
1623 2387 1668 2412 est
1697 2378 1841 2411 Terentii

1114 2446 1211 2480 locus,
1238 2440 1323 2473 And.
1338 2440 1357 2470 i.
1374 2442 1402 2471 5.
1418 2441 1468 2468 44.
1493 2442 1585 2476 atque
1610 2431 1764 2464 committi
1786 2431 1840 2462 de-

1115 2499 1179 2528 bet:

1146 2576 1250 2604 Adeon’
1268 2581 1347 2608 porro
1362 2574 1511 2605 ingratum,
1527 2571 1574 2594 aut
1585 2567 1777 2594 inhumanum,
1794 2567 1841 2588 aut

1269 2618 1370 2646 ferum,

1147 2661 1187 2685 Ut
1198 2665 1285 2690 neque
1305 2664 1352 2681 me
1370 2652 1531 2683 consuetudo,
1550 2656 1637 2682 neque
1655 2654 1736 2676 amor,
1752 2650 1840 2675 neque

1271 2697 1370 2729 pudor,

1148 2740 1319 2764 Conmoveat
1329 2737 1402 2760 ?--

1160 2819 1237 2849 Ver.
1260 2818 1350 2848 1278.
1372 2813 1516 2845 labascit:
1541 2809 1582 2839 V.
1608 2805 1655 2838 ed.
1681 2811 1722 2837 Π.
1746 2803 1842 2834 labes-

1120 2877 1170 2903 czc.

1162 2927 1244 2961 Ibid.
1266 2927 1410 2958 labascit:
1447 2923 1467 2953 i.
1493 2931 1519 2952 e.
1545 2918 1636 2954 cedit,
1663 2916 1846 2955 titubatque,
