1912 3292
497 217 731 268 LIBER
779 213 1133 263 TERTIUS.

1447 223 1536 262 103

181 355 268 396 Nec
289 352 476 395 cecidisse
495 348 595 390 alius
614 347 821 395 dextram,
844 358 970 400 quom
990 343 1164 394 scandit,
1186 351 1227 385 et
1245 344 1381 386 instat.

176 429 281 469 Inde
299 427 398 468 alius
418 430 590 464 conatur
610 420 804 475 adempto
825 433 991 475 surgere
1011 432 1145 469 crure,

177 502 316 551 Quom
336 498 484 554 digitos
505 496 633 553 agitat
651 502 820 550 propter
839 492 1111 534 moribundus
1131 491 1247 533 humi
1267 506 1355 547 pes:

175 575 230 615 Et
249 580 385 628 caput,
407 570 610 611 abscisum
630 568 762 610 calido
782 568 1023 623 viventeque
1042 573 1206 616 trunco,

0 721 1 728 ἵ
36 741 94 762 nus
108 729 276 760 dictionem
291 727 434 758 similiter
455 731 591 766 usurpat,
619 727 694 758 AEn.
709 727 752 757 ix.

0 894 2 912 r

0 924 2 952 i

36 785 106 814 577.

164 858 208 883 ille
217 865 342 887 manum,
358 858 478 889 projecto
489 857 606 889 tegmine,
616 857 727 881 demens

63 899 104 924 Ad
115 898 209 923 volnus
217 898 356 923 tulit—z

0 964 2 981 '
35 968 64 995 et
77 972 182 993 rursus
196 961 321 997 ibidem,
340 970 369 991 X.
384 963 457 992 887.

348 1043 390 1065 ter
399 1046 491 1065 secum
503 1040 603 1064 Troius
612 1039 690 1064 heros

61 1080 203 1104 Inmanem
214 1083 300 1104 aerato
310 1078 469 1104 circumfert
479 1079 586 1111 tegmine
595 1079 711 1110 sylvam.

75 1148 147 1179 Ver.
159 1151 233 1180 650.
248 1151 404 1180 abstraxe:
423 1150 464 1180 V.
476 1149 524 1180 ed.
539 1155 585 1180 Ω.
601 1151 757 1181 abstrasse.

36 1211 176 1235 —rotas:
201 1204 239 1235 L.
256 1205 304 1235 M.
321 1211 356 1236 Δ.
371 1212 446 1236 rota:
452 1220 462 1241 ;
483 1205 566 1246 quod
582 1205 691 1236 miror:
719 1209 757 1240 et,

36 1254 112 1296 quid
127 1255 186 1286 sibi
201 1256 283 1292 velit,
299 1256 391 1296 plane
405 1257 516 1288 nescio.

75 1306 156 1337 Ibid.
179 1308 332 1338 abstraoee:
367 1307 387 1338 i.
417 1318 443 1338 e.
478 1311 500 1326 “
516 1317 590 1338 cum
618 1304 760 1337 violenti&

33 1365 55 1380 “
71 1361 232 1392 abstulisse
246 1368 278 1391 et
291 1361 483 1392 abscidisse.”
528 1361 701 1400 Appositus
715 1366 762 1390 est

30 1412 175 1444 Valerius
199 1413 368 1448 Maximus,
392 1413 424 1442 ii.
446 1416 474 1443 7.
493 1415 540 1442 11.
565 1416 587 1430 “
606 1411 762 1442 Omnium

31 1467 56 1484 “
70 1464 163 1500 enim,
189 1464 682 1505 qui—transfugerant‚—manus
707 1464 760 1494 ab·

32 1518 56 1534 “
69 1517 176 1552 widin
200 1521 244 1551 ut,
270 1521 382 1545 trunca
406 1526 471 1555 prae
496 1526 529 1545 se
549 1515 675 1546 brachia
692 1526 760 1556 ges-

32 1569 55 1584 “
70 1571 178 1615 tantes,
205 1566 388 1597 defectionis
411 1572 534 1597 metum
547 1567 675 1608 reliquis
688 1567 761 1608 inji-

32 1620 55 1636 “
69 1624 184 1649 cerent.
230 1618 376 1649 Rebelles
389 1618 494 1659 itaque
508 1629 630 1655 manus,
652 1630 671 1649 a
693 1629 760 1649 cor-

32 1672 54 1689 “
70 1670 196 1710 poribus
217 1670 282 1701 suis
293 1671 760 1707 distractae‚—caeteris—docu-

33 1725 54 1740 “
69 1727 176 1752 mento
192 1721 356 1753 fuerunt.’'
402 1722 466 1753 Ubi
489 1723 581 1752 variae
602 1723 761 1761 lectiones,

34 1775 194 1810 districtae,
219 1776 371 1812 discretoe,
397 1775 538 1814 disjeci&
568 1780 643 1804 sunt
670 1774 762 1804 nihili

34 1824 194 1855 faciendae.
238 1826 443 1856 Philoxenus:
472 1830 495 1844 “
512 1827 672 1862 Abstraho,
686 1838 760 1857 aro-

33 1878 55 1893 “
72 1877 209 1917 zmpigasl’
253 1876 305 1906 De
319 1877 379 1906 hoc
393 1882 499 1907 autem
513 1877 763 1907 contractionum

32 1938 157 1968 genere,
175 1929 312 1959 abstraaee
329 1927 408 1964 dico,
424 1939 480 1967 pro
495 1930 683 1965 abstraxisse,
705 1939 763 1959 nos

32 1979 71 2010 ad
87 1980 107 2009 i.
123 1983 194 2011 986.
218 1979 351 2020 egimus,
377 1986 408 2010 et
425 1980 508 2011 alibi.
555 1981 699 2018 Plautus,
724 1981 760 2010 in

32 2030 177 2061 Trinum.
195 2030 238 2061 iii.
262 2035 291 2061 5.
311 2034 360 2062 15.
381 2032 475 2061 habet
500 2034 631 2062 detraxe.
679 2031 761 2062 Vide

39 2082 271 2119 Burmannum,
293 2082 385 2121 plura
398 2082 540 2121 exempla
553 2082 684 2122 hujusce
697 2082 760 2113 for-

37 2132 132 2163 mulae
154 2132 376 2168 conferentem,
402 2133 443 2163 ad
469 2133 608 2173 Propert.
630 2134 649 2164 i.
664 2137 695 2165 3.
711 2136 760 2165 27.

35 2183 195 2220 Horatius,
211 2190 265 2215 sat.
281 2185 303 2215 i.
318 2189 346 2216 9.
362 2187 411 2216 75.

411 2261 550 2285 Hunccine
561 2260 645 2285 solem

94 2300 168 2323 Tam
180 2300 287 2331 nigrum
300 2308 405 2324 surrexe
416 2300 499 2325 mihi!

76 2366 150 2396 Ver.
167 2369 238 2398 651.
261 2369 372 2397 instat.-
402 2366 441 2397 Ο.
458 2369 545 2401 istat;
574 2371 610 2396 Δ.
625 2368 695 2396 ista.

79 2417 160 2448 Ibid.
184 2420 324 2449 cecidisse
339 2420 485 2449 dextram.
531 2417 701 2453 Homerus,
718 2417 759 2448 Il.

36 2475 68 2501 E.
84 2473 135 2500 81.

37 2550 88 2581 Tor
101 2559 147 2583 μεν
160 2549 202 2587 αρ’
215 2551 361 2586 Ευρυπυλος,
375 2552 511 2584 Ευαιμονος
524 2554 625 2581 αφλοιος
638 2548 694 2578 υἷας,

36 2596 138 2632 ῌροσθεν
149 2596 195 2623 ἑθεν
208 2604 339 2631 <psoram-00,
352 2597 550 2633 μεταδρομαδην
562 2596 634 2624 ελασ·
645 2606 720 2631 upa-ou,

38 2644 169 2679 Φηγαινῳ
182 2646 268 2677 οιϊξκς·
288 2656 339 2672 ατο
351 2645 374 2672 δ’
387 2647 448 2678 εξεσε
460 2655 535 2682 χειροι
545 2647 660 2682 βαρειου·

39 2691 208 2727 ᾼῖματοεσσα
221 2693 246 2719 δε
258 2701 312 2732 70⁸?
326 2692 400 2726 πεόιῳ
413 2701 516 2722 πέσε-ὴ.

79 2761 154 2794 Ver.
169 2767 242 2796 653.
269 2771 413 2805 propter:
448 2764 483 2795 P.
506 2775 602 2804 prope
619 2764 707 2804 jam5
731 2770 762 2794 et

39 2813 164 2854 quidam
179 2816 231 2847 Pii
245 2817 386 2858 ejusdem
400 2816 530 2853 codices,
550 2828 687 2858 propere,
706 2826 759 2846 ex-

35 2863 159 2946 ¹lxixiaizilenn
188 2873 224 2898 ut
247 2868 342 2900 editio
367 2869 516 2902 Juntina:
551 2867 606 2900 sed
630 2867 762 2899 omnino

99 2925 129 2948 e.

78 2974 166 3007 Vox..
185 2976 232 3009 11.

842 724 925 756 Ibid.
959 725 1071 764 digitos
1100 724 1201 762 agitat
1236 722 1436 753 moribundus
1467 732 1533 762 pes·

799 777 982 818 Virgilium,
1011 775 1052 806 ad
1079 775 1154 805 AEn.
1173 784 1201 805 X.
1218 776 1291 805 595.
1314 784 1352 804 ex
1378 775 1437 804 hoe
1462 773 1531 806 loco

799 828 966 868 profecisse
980 826 1156 857 Lambinus
1170 825 1265 855 etiam
1279 825 1463 856 observavit:

830 913 874 936 Te
885 911 973 936 decisa
984 918 1075 940 suum,
1089 910 1196 939 Laride,
1207 908 1314 933 dextera
1325 908 1439 940 quaerit;

832 951 1040 981 Semanz'mesque
1053 951 1148 975 micant
1162 949 1246 981 digiti,
1261 948 1421 980 ferrumque
1435 952 1534 974 retrac-

954 993 1025 1015 tant.

803 1067 869 1098 Ubi
893 1067 1023 1108 quidam
1047 1066 1140 1097 codd.
1168 1067 1318 1097 descissa:
1353 1064 1424 1095 vide
1445 1064 1535 1096 nobis

801 1129 901 1159 nuper
916 1119 1010 1156 dicta,
1026 1118 1066 1148 ad
1081 1128 1145 1148 ver.
1162 1121 1236 1148 642.

847 1179 928 1210 Ibid.
949 1179 1149 1209 moribundus
1156 1188 1221 1216 pes.
1267 1176 1360 1206 Idem
1378 1176 1531 1206 Mantua-

805 1242 877 1269 nus,
903 1230 976 1261 ibid.
992 1240 1053 1260 ver.
1076 1232 1151 1259 541.
1175 1234 1211 1258 ut
1234 1227 1324 1264 nihil,
1357 1227 1443 1268 quod
1464 1228 1531 1258 Lu.

805 1284 918 1314 cretius
932 1283 1091 1323 praeberet,
1112 1282 1265 1312 intactum
1282 1281 1487 1322 linqueretur:

835 1370 1004 1398 Dexteraque
1015 1373 1052 1391 ex
1066 1366 1181 1391 humero
1197 1366 1296 1396 nervis,
1312 1364 1473 1396 moribunda,
1489 1371 1533 1397 pe-

991 1406 1093 1439 pendit.

847 1481 924 1512 Ver.
939 1484 1012 1513 654.
1033 1483 1201 1513 abscisum.-
1227 1480 1270 1511 sic
1292 1480 1330 1511 L.
1356 1481 1403 1511 M.
1431 1484 1466 1512 Σ.
1489 1486 1534 1510 Ω.

806 1533 916 1570 caeteri,
942 1534 1125 1564 abscissum:
1151 1532 1259 1563 redeas
1277 1536 1385 1563 notata
1407 1531 1442 1562 in
1456 1540 1535 1562 verr.

806 1590 878 1617 642.
905 1588 976 1617 645.
1003 1595 1105 1626 neque
1130 1585 1221 1615 aliter
1245 1584 1343 1615 codex
1370 1583 1536 1614 Mediceus

804 1638 837 1668 in
853 1637 1009 1668 consimili
1023 1637 1090 1668 loco
1107 1637 1258 1674 Maronis,
1274 1638 1350 1668 AEn.
1365 1636 1418 1667 xii.
1435 1640 1491 1668 511
1501 1658 1509 1668 .

1093 1727 1229 1752 curruque
1238 1719 1334 1744 abscisa
1345 1719 1462 1743 duorum

836 1762 976 1794 Suspendit
987 1761 1143 1793 capita—.

808 1839 872 1869 His
886 1844 992 1869 autem
1008 1838 1128 1877 scriptis
1142 1842 1235 1877 atque
1250 1835 1436 1874 constitutis,
1452 1841 1533 1874 post-

807 1891 939 1921 modum
955 1890 1051 1920 incidi
1073 1890 1107 1919 in
1130 1888 1415 1919 animadversiones
1429 1886 1533 1917 erudi·

805 1948 851 1971 tas
869 1943 894 1972 A
901 1941 1040 1977 rntzenii,
1058 1940 1098 1971 ad
1114 1939 1221 1970 Aurei.
1233 1939 1316 1969 Vict.
1331 1949 1361 1977 p.
1377 1941 1448 1969 559.
1465 1948 1535 1978 quae

804 1999 878 2022 sunt
892 1993 1005 2033 dignae,
1033 1991 1141 2028 lector,
1169 2001 1247 2031 quas
1269 1988 1413 2019 consulas
1427 1989 1485 2019 hac
1501 1998 1534 2018 re

805 2055 905 2084 super.
951 2043 1039 2079 Quin
1055 2043 1150 2072 etiam
1165 2051 1267 2081 operae
1288 2040 1425 2079 pretium
1440 2039 1536 2070 suerit

807 2095 1070 2135 Oudendorpium
1086 2094 1290 2131 consuluisse,
1314 2092 1352 2123 de
1368 2092 1467 2122 verbis
1482 2093 1535 2122 ab·

804 2151 914 2179 scissus
938 2153 969 2177 et
993 2148 1139 2185 abscisus,
1165 2145 1206 2175 ad
1232 2144 1328 2184 Apul.
1356 2149 1429 2174 mot.
1444 2144 1483 2173 iv.
1505 2154 1535 2182 p.

805 2202 876 2229 260.

849 2258 930 2289 Ibid.
967 2265 1059 2298 caput
1093 2259 1241 2288 abscisum
1280 2256 1379 2286 calido
1417 2261 1535 2286 trunco.

806 2310 917 2350 Neque
933 2310 1046 2339 horum
1063 2309 1158 2338 etiam
1181 2307 1348 2336 immemor
1370 2312 1436 2335 erat
1448 2304 1535 2347 idem

804 2371 948 2390 summus
963 2365 1057 2398 vates,
1081 2365 1112 2389 et
1127 2358 1370 2388 studiosissimus
1383 2356 1534 2391 Lucretii,

804 2413 844 2443 ad
868 2413 941 2442 AEn.
958 2423 986 2443 x.
1003 2414 1074 2443 554.
1098 2410 1176 2441 dum
1203 2408 1398 2441 Maeonidem
1413 2406 1533 2446 potissi-

805 2474 894 2493 mum
910 2463 1110 2502 exprimeret:

834 2550 911 2573 Tum
922 2551 998 2581 caput
1015 2548 1115 2573 orantis
1131 2547 1325 2579 nequidquam,
1341 2548 1369 2569 et
1384 2543 1472 2568 multa
1487 2550 1533 2576 pa·
1548 2562 1550 2568 .

991 2589 1072 2613 rantis

835 2630 940 2659 Dicere,
951 2629 1077 2654 deturbat
1088 2631 1185 2658 terrae;
1202 2630 1377 2656 truncumque
1386 2626 1506 2656 tepentem

835 2669 1007 2699 provolvens,
1018 2676 1097 2701 super
1107 2668 1168 2692 lizcc
1181 2667 1290 2691 inimico
1305 2668 1416 2697 pectore
1426 2664 1507 2689 fatur.

805 2754 854 2784 Ex
870 2753 983 2794 quibus
1006 2752 1172 2782 manifesto
1190 2756 1286 2791 patet,
1309 2750 1363 2791 qui
1378 2759 1534 2781 successus

806 2806 845 2834 sit
863 2805 997 2840 Heinsii,
1021 2803 1126 2834 locum
1142 2803 1305 2833 demutare
1319 2802 1531 2841 proponentis.

805 2857 957 2893 -Porr0‚
981 2855 1146 2887 Lucretius
1161 2855 1218 2884 hos
1238 2863 1343 2883 versus
1358 2862 1396 2882 ex
1412 2851 1534 2883 duobus

806 2909 905 2940 Ennii
921 2907 1190 2947 praestantissimis‚
1217 2913 1248 2937 et
1275 2905 1380 2936 Servio
1401 2904 1442 2934 ad
1457 2905 1532 2936 AEn.

792 2977 827 3006 H
