1912 3292
380 211 473 252 366
494 188 499 192 ¹

883 216 942 265 T.
983 218 1360 274 LUCRETII

524 338 682 383 Somno
700 341 918 400 devinctei,
947 351 1122 395 credunt
1141 369 1183 396 se
1202 357 1396 400 extollere
1414 370 1580 404 vestem:

520 411 669 456 Totius
688 415 905 463 humorem
925 434 1131 469 saccatum
1152 432 1335 485 corporis
1355 432 1551 486 fundunt3

519 485 660 535 Quom
683 490 950 549 Babylonica,
972 502 1196 558 magnifico
1216 504 1446 560 splendore,
1467 510 1667 567 rigantur.

516 559 643 614 Tum,
665 566 811 621 quibus
831 573 962 614 aetatis
983 573 1086 617 freta
1104 578 1294 631 primitus
1313 581 1588 636 insinuantur,

398 711 458 737 Sive
468 714 529 738 Padi
540 715 611 747 ripis,
628 718 739 743 Athesim
751 726 796 745 seu
809 725 911 755 propter
920 731 1058 752 amomum.

408 799 479 834 Ver.
499 804 590 833 1020.
618 807 728 845 Petrei,
744 809 791 839 vel
808 812 908 843 Puri:
932 815 976 845 sic
991 815 1089 848 Vind.

366 848 403 878 V.
419 849 467 880 ed.
482 851 519 882 L.
537 853 584 884 Μ.
602 861 642 885 Π.
658 866 760 898 neque
774 860 864 892 aliter
878 865 1029 903 capienda
1043 874 1090 898 est

359 899 452 931 lectio
468 901 500 932 in
519 908 552 936 Σ.
571 907 666 938 Puris
682 907 764 948 dico,
779 922 879 952 quum
895 915 1087 948 elementum

358 953 441 982 vocis
455 957 611 995 sequentis
627 958 769 991 videatur
783 963 963 1004 adhaesisse3
987 969 1024 999 B.
1040 977 1084 1001 Ω.

357 1004 471 1042 Fuere}
506 1007 585 1038 nihil
608 1009 747 1043 interest:
782 1014 817 1045 P.
842 1018 955 1055 Mulci‚-
986 1020 1025 1050 O.
1048 1027 1082 1052 Δ.

356 1056 484 1088 Plures:
503 1059 615 1099 quibus
625 1062 823 1096 varietatibus
834 1069 962 1100 verbum
974 1073 1080 1112 exqui-

354 1105 444 1138 sitius
465 1109 621 1150 originem
635 1112 874 1148 dedit—lacum
885 1133 895 1149 .·
923 1119 1080 1163 Vind.ja-

353 1168 434 1195 (sunu,⁸
462 1161 636 1201 11.jacunt.

395 1211 475 1244 Ibid.
503 1216 616 1248 Purei:
650 1219 715 1250 redi
741 1220 782 1251 sis
811 1224 909 1254 varias
930 1225 1079 1260 lectiones

349 1262 390 1293 ad
405 1273 465 1295 ver.
481 1270 554 1298 403.
571 1269 702 1309 hujusce
712 1272 792 1304 libri.
818 1275 969 1317 Isidorus,
980 1281 1077 1322 origg.

348 1314 390 1344 xi.
406 1318 436 1345 2.
454 1326 547 1356 quem
562 1319 800 1363 Havercampus
810 1325 954 1359 laudavit:
976 1334 997 1348 “
1010 1334 1076 1363 Pu-

349 1369 372 1384 “
385 1377 420 1397 er
445 1378 464 1398 a
479 1373 619 1408 puritate
641 1381 782 1414 vocatur;
805 1379 879 1418 quia
895 1392 997 1420 purus
1018 1390 1074 1423 cst,

347 1420 370 1435 ‘⁶
386 1423 417 1448 et
438 1429 497 1450 nec
518 1421 596 1453 dum
619 1424 802 1467 lanuginem
826 1429 996 1474 floremque
1017 1446 1073 1476 ge-

346 1472 368 1488 “
384 1480 496 1502 narum
511 1474 659 1507 habens.''
684 1478 818 1518 Nonius,
834 1483 865 1513 ii.
879 1487 951 1515 672.
968 1490 990 1505 ‘¹
1004 1490 1069 1519 Ριι-

344 1523 367 1538 “
381 1524 486 1561 eritia,
510 1524 541 1554 id
557 1532 608 1562 est,
627 1531 785 1567 1›urz'tas.''
821 1533 984 1574 Primitus,
1001 1539 1068 1578 opi-

342 1581 411 1610 nor,
434 1574 625 1607 scribebatur
655 1581 738 1616 Pori,
765 1582 812 1613 vel
842 1586 957 1617 Pouri:
983 1590 1068 1620 unde

340 1625 543 1666 Marcipores,
567 1631 822 1675 Publipor-esque:
857 1638 876 1668 i.
902 1650 927 1669 e.
963 1641 1066 1673 Blarci

339 1675 508 1717 Publiique
525 1683 635 1719 pueri.-
662 1683 732 1714 vide
749 1686 882 1721 Quintil.
898 1689 981 1721 instt.
999 1692 1017 1722 i.
1035 1697 1063 1724 4.

336 1732 368 1756 et
381 1727 425 1758 ibi
442 1728 597 1762 Paraeum.
642 1735 744 1767 Putus
759 1738 871 1777 saepius
885 1742 1062 1775 obversatur

335 1780 420 1818 apud
445 1781 648 1821 glossatorem
677 1794 826 1829 veterem,
856 1803 913 1832 pro
942 1809 1054 1835 μαριυς.-

335 1830 360 1860 si
376 1832 472 1862 semel
486 1839 609 1866 tantum
624 1847 807 1878 occurreret,
831 1853 966 1876 errorem
980 1849 1058 1879 exis-

333 1881 491 1914 timassem
506 1896 562 1925 pro
582 1898 695 1927 purus:
709 1891 742 1937 .⁵·
760 1902 784 1923 e.
808 1904 895 1934 puer.
938 1898 983 1930 Et
1007 1910 1060 1930 ne-

332 1943 453 1966 cessum
468 1938 562 1968 habui
577 1951 628 1971 seu
644 1944 808 1975 rescribere
819 1956 856 1976 ex
872 1949 1058 1990 conjectura,

331 1991 425 2026 atque
439 1987 479 2018 ad
493 1989 723 2032 indulgentiam
738 1995 860 2028 lectoris
874 2001 1056 2042 confugere5

330 2045 406 2067 nam
421 2048 521 2079 neque
530 2044 680 2074 sermonis
692 2051 856 2085 structura,
873 2061 974 2092 neque
983 2064 1054 2092 pro-

327 2088 442 2127 prietas
463 2095 677 2132 grammatica,
701 2100 803 2129 versui
829 2101 869 2132 ad
897 2111 1054 2145 receptam

327 2141 480 2172 scribendi
496 2153 640 2176 normam
663 2150 779 2190 subest,
802 2152 827 2182 si
852 2154 974 2187 codices
997 2169 1052 2190 au-

326 2190 433 2222 diendi
448 2193 591 2235 religiose
605 2198 680 2230 sint:
712 2212 720 2219 ·

354 2297 414 2322 Puri
424 2305 496 2332 saepe
508 2300 596 2328 lacum
607 2308 728 2337 propter,
743 2315 777 2338 se,
796 2316 826 2334 ac
837 2311 908 2336 dolia
920 2317 1006 2345 curta,

353 2337 454 2363 Somno
463 2339 584 2367 devincti
594 2344 708 2371 credunt
718 2354 744 2371 se
755 2349 886 2377 extollere
898 2356 1015 2379 vestem:

320 2440 390 2470 quae
405 2434 562 2466 scabrities
583 2439 668 2470 abest
691 2451 710 2471 a
731 2442 879 2475 Lucretio
901 2446 1043 2490 longissi-

319 2491 380 2518 me,
404 2490 435 2514 et
449 2486 605 2519 medicam
619 2500 750 2523 manum
765 2494 952 2537 efflagitavit.

362 2534 443 2568 Ibid.
465 2541 547 2570 dolia
560 2548 667 2574 curta:
693 2546 798 2585 qualia
812 2548 844 2578 in
861 2552 1044 2592 angiportis,

317 2592 348 2616 et
369 2587 410 2618 ad
438 2591 572 2631 angulos
593 2594 774 2635 platearum,
804 2601 974 2639 parietibus
995 2606 1043 2636 iu-

315 2639 374 2668 seri
391 2640 541 2683 solebant,
565 2650 601 2675 ut
615 2646 751 2680 videtur:
776 2651 869 2683 adeas
883 2653 922 2685 de
937 2656 995 2687 bac
1009 2667 1042 2687 re

317 2688 493 2724 Casauboni
508 2702 598 2728 notas
619 2698 659 2729 ad
683 2700 810 2733 Sueten.
827 2704 956 2746 Vespas.
975 2717 1040 2749 cap.

314 2741 399 2773 xxiii.
416 2743 534 2778 laudati
550 2749 672 2782 dudum
687 2752 919 2797 Havercampo.

353 2791 435 2825 Ibid.
459 2798 573 2836 Pur-ez}
592 2811 611 2831 a
625 2809 710 2835 recto
718 2816 848 2846 puer-us,
863 2809 912 2840 vel
921 2821 1034 2850 purus:

309 2852 386 2873 nam
407 2851 524 2878 veteres
554 2851 657 2884 Graeci
687 2858 793 2898 πυρρος.
838 2859 1035 2903 Eustathius,

307 2893 348 2925 ad
364 2894 403 2928 Il.
419 2903 450 2928 Γ.
472 2908 501 2938 p.
518 2903 592 2939 287,
618 2906 668 2935 47.
691 2906 739 2938 ed.
761 2908 1033 2955 Basil.—aeapeevo-

1135 735 1303 768 morus—233
1320 749 1370 767 xm
1387 749 1424 768 τυ
1440 745 1713 778 ΠΤΡΡΟΠΙΠΗΣ,
1735 745 1748 774 ὁ
1763 745 1862 777 emh?

1135 790 1231 822 φιλῇς.

1177 835 1253 866 Ver.
1275 839 1365 868 1021.
1380 842 1545 873 devinctei:
1565 844 1599 874 P.
1612 845 1653 875 Ο.
1674 853 1713 876 Π.
1729 848 1857 884 devicti,-

1132 894 1188 922 per
1211 886 1336 918 solitam
1359 890 1545 924 varietatem.
1592 895 1726 927 Retineo
1749 898 1857 939 vulga-

1131 940 1219 973 ωιτη
1242 941 1384 977 quamvis
1407 952 1469 972 non
1492 944 1655 978 decernere
1677 959 1799 988 semper
1817 950 1858 980 sit

1127 984 1162 1015 in
1176 988 1304 1025 proclivi
1315 996 1418 1022 utram
1434 995 1494 1024 utri
1507 995 1674 1028 dictionem
1690 1002 1849 1038 praeferas:

1126 1037 1195 1068 vide
1211 1038 1517 1082 Drakenborchium,
1540 1048 1580 1078 ad
1602 1049 1668 1080 Liv.
1691 1060 1718 1081 ν.
1743 1056 1794 1083 44.
1822 1056 1851 1085 7.

1125 1089 1179 1119 ubi
1206 1089 1404 1125 doctissimus
1432 1096 1485 1127 ille
1515 1097 1615 1129 editor
1643 1101 1749 1132 minus
1770 1109 1854 1135 recte

1124 1139 1253 1172 fortasse
1267 1145 1376 1182 probat
1390 1148 1502 1179 vinctos
1516 1160 1635 1188 ,ςοηιηος
1659 1163 1759 1193 quum
1774 1165 1848 1186 mox

1123 1199 1270 1233 sequatur
1283 1195 1351 1233 hoc,
1375 1198 1414 1228 ad
1430 1203 1480 1231 45.
1494 1204 1589 1231 5.-“
1605 1204 1690 1235 nuda
1705 1215 1847 1246 corpora,

1125 1246 1146 1261 ‘⁴
1163 1250 1193 1274 et
1208 1246 1304 1277 soluta
1316 1258 1429 1288 somno,
1443 1252 1677 1286 trucidantur:”
1703 1257 1722 1287 i.
1738 1269 1765 1288 e.
1773 1269 1849 1298 pro-

1109 1294 1189 1334 fusa
1206 1306 1330 1329 somno:
1352 1299 1420 1331 vide
1431 1309 1572 1334 nostrum
1583 1315 1688 1346 supra,
1705 1317 1765 1340 ver.
1775 1312 1846 1342 761.

1119 1346 1290 1385 Juvencuz,
1308 1351 1380 1382 hist.
1398 1363 1507 1396 evang.
1525 1356 1563 1387 ὶν.
1579 1361 1651 1390 498.

1133 1428 1214 1453 Tunc
1224 1430 1257 1454 ad
1269 1430 1410 1463 discipulos
1421 1437 1547 1466 repedat3
1564 1439 1609 1463 sed
1620 1446 1722 1464 :omnm
1732 1441 1845 1472 anhelis,

1131 1467 1276 1493 Prostratos
1288 1470 1368 1500 terra,
1385 1475 1512 1499 membris
1521 1476 1676 1503 dissolverat
1688 1486 1792 1506 omncs.

1112 1536 1222 1576 Porro,
1245 1551 1275 1570 se
1289 1542 1375 1572 abest
1391 1548 1424 1574 Σ.
1449 1550 1479 1574 ct
1494 1549 1717 1580 communibus
1731 1551 1841 1583 editio-

1111 1587 1212 1619 nibus.

1155 1637 1226 1669 Ver.
1244 1644 1334 1672 1022.
1356 1652 1529 1677 saccatum:
1556 1648 1593 1679 P.
1616 1656 1651 1682 ut
1663 1660 1836 1692 sacratum,-

1109 1687 1149 1719 V.
1165 1690 1211 1720 ed.
1233 1700 1405 1730 sacracum;
1433 1696 1473 1727 Ο.
1502 1705 1542 1730 Π.
1570 1707 1614 1732 Ω.
1635 1709 1666 1733 et
1689 1706 1834 1737 nonnulli

1106 1740 1194 1772 codd.
1210 1742 1270 1780 Pii,
1286 1747 1641 1790 siccatum.—fimdunt:
1668 1755 1705 1786 P.
1722 1757 1762 1787 V.
1785 1757 1832 1789 ed.

1107 1792 1143 1822 Β.
1166 1795 1373 1836 2.sanda⁷1t;
1401 1807 1496 1842 atque
1521 1803 1599 1835 adeo
1620 1812 1655 1836 ue
1677 1816 1835 1848 comparet

1103 1842 1137 1872 in
1154 1844 1250 1876 Vind.
1268 1852 1304 1878 Δ.
1331 1856 1399 1888 post
1412 1860 1579 1886 saccatum.
1624 1856 1693 1888 Nos
1707 1859 1834 1902 obligati

1103 1905 1213 1928 sumus
1238 1900 1366 1939 optimis
1387 1904 1557 1945 codicibus,
1586 1911 1834 1955 quotiescunque

1103 1948 1214 1980 veritas
1231 1950 1296 1990 ipsa
1318 1964 1381 1985 non
1405 1956 1492 1988 aliud
1507 1961 1702 1999 persuadeat:
1729 1965 1829 2005 suspi-

1101 2009 1211 2031 camur
1228 2003 1325 2034 etiam
1338 2005 1457 2039 interea
1470 2017 1498 2041 ec
1521 2012 1670 2044 excidisse
1685 2014 1747 2046 fine
1762 2026 1828 2047 ver-

1100 2049 1151 2080 sus
1166 2054 1380 2095 praecedentis;
1405 2060 1488 2099 quod
1511 2062 1580 2093 aliis
1595 2073 1718 2105 quoque
1732 2067 1827 2107 scrip-

1098 2103 1216 2134 toribus
1231 2107 1388 2147 accidisse,
1412 2111 1459 2141 his
1475 2114 1566 2144 rebus
1588 2116 1745 2148 exercitati
1762 2125 1825 2150 sta-

1096 2152 1154 2183 tim
1170 2156 1422 2191 recordabuutur.
1469 2163 1553 2194 Vide
1574 2165 1615 2196 sis
1635 2173 1741 2199 autem
1757 2180 1825 2209 nos,

1094 2203 1134 2234 ad
1148 2205 1179 2236 ii.
1197 2210 1267 2238 651.

1137 2256 1216 2288 Ibid.
1240 2261 1393 2294 humorem
1408 2272 1563 2298 saccatum
1575 2281 1584 2298 :
1610 2268 1630 2300 i.
1645 2279 1671 2300 e.
1689 2273 1822 2304 transitu

1091 2316 1146 2344 per
1171 2317 1292 2341 meatus
1320 2316 1457 2354 corporis
1486 2318 1688 2356 percolatum.
1733 2323 1821 2355 Sere-

1091 2369 1152 2390 nus
1169 2361 1362 2402 Samonicus,
1387 2367 1425 2398 de
1446 2370 1527 2400 med.
1545 2381 1604 2402 ver.
1622 2375 1672 2404 77.
1694 2380 1725 2404 et
1746 2374 1823 2406 alias

1089 2412 1256 2444 aemulatus
1275 2414 1474 2449 Lucretium:

1119 2485 1198 2516 Quod
1210 2485 1276 2512 facit
1289 2496 1325 2513 ex
1336 2490 1408 2516 asino
1419 2496 1532 2517 sacratus
1544 2495 1651 2527 corporis
1661 2497 1759 2522 humor.

1091 2555 1154 2586 Ubi
1170 2557 1279 2588 eadem
1296 2561 1425 2592 varietas
1439 2570 1486 2594 est
1500 2564 1533 2594 in
1555 2565 1651 2604 libris,
1674 2570 1814 2600 siccatus.

1088 2606 1131 2636 Et
1146 2615 1283 2640 nostram
1299 2611 1465 2645 lectionem
1482 2615 1565 2647 Caro
1585 2627 1659 2648 sane
1677 2617 1814 2650 Turnebi

1086 2662 1236 2701 sagacitas
1260 2665 1402 2698 restituit.
1447 2670 1618 2710 Arnofflus,
1643 2671 1697 2702 lib.
1726 2672 1760 2702 ii.
1784 2684 1812 2712 p.

1086 2715 1135 2743 69.
1158 2724 1252 2754 quem
1268 2716 1442 2750 Lambinus
1456 2720 1551 2752 etiam
1566 2731 1631 2752 non
1646 2723 1812 2754 omisit:—

1085 2766 1108 2781 “
1123 2763 1205 2795 inter
1219 2769 1360 2800 stercoris
1383 2771 1438 2801 hos
1460 2778 1552 2809 utres,
1575 2779 1607 2804 et
1625 2777 1742 2806 saccati
1756 2777 1810 2807 ob-

1082 2817 1105 2833 “
1121 2817 1329 2850 scoenissimas
1357 2822 1527 2853 serias.’'-—
1539 2824 1620 2856 Mox
1650 2825 1687 2856 P.
1716 2827 1809 2858 habet

1082 2868 1154 2905 Ceu,
1170 2878 1226 2907 pro
1247 2872 1352 2905 Quom.

1121 2919 1195 2951 Ver.
1215 2925 1307 2954 1023.
1329 2925 1530 2966 Babylonica.
1575 2928 1688 2961 Dehis
1709 2930 1799 2961 vesti-
