1912 3292
331 199 426 240 302
478 256 481 263 .

843 193 905 242 Τ.
945 193 1323 244 LUCRETII

476 324 820 382 chordarumque
839 341 962 368 sonus
981 326 1088 378 fieri,
1109 326 1342 383 dulceisque
1361 326 1558 383 querelas,

476 398 601 441 Tibia
619 414 720 456 quas
739 399 890 452 fundit,
912 401 1051 458 digitis
1068 400 1228 456 pulsata
1246 409 1481 443 canentum:

365 555 442 587 Saepe
452 555 500 580 sub
511 555 561 580 hac
572 555 672 581 madidi
682 556 803 581 luserunt
815 557 910 582 arbore
921 556 1013 586 Fauni,

395 596 506 620 Terruit
517 599 544 620 et
556 596 667 620 tacitam
670 596 764 628 firtula
775 604 829 620 sem
841 596 969 621 domum:

364 636 491 666 Dumque
500 635 572 668 fugit
583 635 650 660 solos
661 639 814 659 nocturnum
829 637 902 659 Pana
914 643 961 667 per
971 642 1058 668 agros,

395 675 472 705 Saepe
481 674 530 698 sub
541 674 590 698 hac
603 673 681 698 latuit
692 673 790 698 rustica
799 673 895 699 fronde
907 675 1000 706 Dryas.

335 736 462 767 Solinus
478 736 628 775 Polyhist.
647 735 686 765 de
701 740 809 765 monte
825 735 965 773 Atlante,
989 746 1058 776 cap.

332 788 484 817 xxiia—‘¹
503 786 586 816 lucet
607 789 766 817 nocturnis
789 786 929 826 ignibus:
959 789 1058 818 choris

334 843 357 858 “
374 840 569 877 AEgipanum
586 837 727 878 undique
746 843 942 877 personatur:
969 838 1058 869 audi·

334 893 357 908 ‘⁵
372 894 470 919 untur
497 894 529 918 et
558 894 667 920 cantus
695 890 841 919 tibiarum
873 895 904 919 et
925 888 1060 919 tinnitus

333 943 356 959 ‘⁶
372 939 587 980 cymbalorum
616 950 671 978 per
707 949 796 970 oram
832 939 1059 970 maritimam.”

335 990 454 1021 Confer
469 990 553 1021 Plin.
575 996 639 1021 nat.
657 991 726 1021 hist.
749 990 801 1021 lib.
818 1001 844 1021 v.
859 990 927 1022 init.
971 990 1061 1021 Hinc

333 1041 489 1072 Horatius
503 1041 627 1081 pendet,
644 1041 694 1072 od.
709 1043 730 1072 i.
747 1046 777 1072 4.
795 1045 824 1073 5.

363 1111 423 1141 Jam
445 1109 580 1141 Cytherea
601 1109 685 1134 choros
707 1109 782 1134 ducit
802 1111 901 1140 Venus,
923 1109 1060 1134 inminente

456 1149 542 1174 Lund.

333 1211 422 1242 Hinc
437 1212 532 1242 etiam
547 1212 632 1242 idem
648 1212 720 1242 ibid.
740 1215 789 1243 17.
810 1216 858 1243 10.
873 1212 921 1242 uti
935 1212 1059 1243 Turne-

333 1264 392 1293 bus
406 1265 486 1294 bene
511 1265 645 1300 monuit,
673 1270 703 1293 et
727 1270 919 1294 enarratores
943 1269 1061 1294 veteres

333 1313 498 1352 viderunt3
517 1324 593 1344 nam
611 1314 652 1345 ad
668 1316 815 1346 Faunum
838 1325 964 1345 carmen
985 1315 1058 1346 scri-

333 1364 431 1395 bitur:

459 1428 617 1458 Utcumque
628 1427 710 1458 dulci,
721 1428 854 1459 Tyndari,
856 1428 952 1459 fistulci

489 1467 575 1492 Valles
585 1471 613 1493 et
625 1468 726 1492 Usticae
739 1468 861 1492 cubantis

519 1509 612 1533 Laevia
622 1516 782 1540 personuere
791 1516 867 1534 saxa.

336 1572 443 1602 Loevia
461 1577 566 1602 autem
581 1583 654 1602 sara
671 1582 734 1603 non
751 1579 876 1609 temere,
888 1583 987 1614 quum
1000 1574 1062 1604 sint

334 1624 529 1663 repulsandis
553 1626 637 1655 sonis
651 1626 825 1665 aptissima:
850 1626 920 1657 vide
936 1627 1062 1657 Plutar-

333 1676 384 1706 chi
400 1676 513 1712 locum‚
529 1677 587 1706 sub
602 1686 663 1706 ver.
673 1680 744 1707 574.
770 1677 845 1707 Alia
855 1684 928 1708 sunt
939 1678 979 1708 ad
994 1689 1061 1708 ma-

333 1736 412 1756 num
431 1727 507 1762 loca,
521 1727 637 1767 quibus
644 1727 848 1758 admovendis
857 1729 969 1759 melius
983 1729 1062 1759 exis-

333 1778 412 1808 timo
421 1778 632 1817 supersedere,
647 1779 680 1808 in
696 1787 884 1820 argumento
898 1787 1064 1822 pervagato

334 1830 416 1866 satis,
455 1840 512 1860 nec
541 1831 728 1862 morosiores
757 1842 847 1863 curas
885 1832 1063 1872 interpretis

332 1880 518 1920 postulante.

377 1932 458 1962 Ibid.
481 1934 553 1963 ludo
557 1932 695 1973 jocanti:
721 1934 740 1964 i.
757 1944 783 1964 e.
808 1934 978 1974 petulante,
1001 1937 1061 1966 las-

336 1986 415 2015 civo:
439 1984 489 2014 adi
511 1984 594 2014 dicta
608 1985 641 2014 in
657 1996 718 2016 ver.
734 1990 806 2018 827.
831 1987 905 2017 Non
921 1987 1062 2017 alienum

335 2042 381 2066 est
402 2046 497 2066 suave
519 2046 644 2067 carmen
671 2037 791 2068 Sidonii
809 2038 1013 2078 Apollinaris,
1039 2039 1059 2070 i.

334 2090 384 2117 13.

363 2154 445 2178 Tunc
457 2154 552 2179 Faunis
571 2155 701 2186 Dryades,
720 2156 872 2187 Satyrisque
883 2157 1060 2188 Mimallones,

454 2198 541 2227 aptae,

393 2234 532 2259 Fuderunt
543 2234 663 2267 lepidum,
674 2236 771 2261 rustica
781 2237 870 2267 turba,
881 2237 964 2262 melos.

362 2274 424 2300 Alta
436 2275 589 2301 cicuticines
600 2276 736 2307 liquerunt
747 2277 863 2302 Maenala
876 2280 970 2303 Panes.-

393 2316 508 2346 Postque
517 2316 624 2349 chelym
637 2317 738 2349 placuit
740 2317 834 2349 fistula
845 2325 924 2343 rauca
932 2319 1000 2350 Jovi.

332 2372 444 2408 Quum
458 2383 531 2404 vero
545 2375 670 2416 singula
683 2386 748 2406 non
763 2375 855 2407 liceat
869 2377 1056 2407 circumvec-

332 2424 398 2459 tari,
425 2434 499 2454 cum
521 2425 570 2455 his
584 2425 780 2457 Lucretianis
795 2438 858 2458 non
874 2428 927 2458 alii
942 2428 1055 2459 melius

330 2476 521 2506 contendant
537 2478 693 2508 Martialis
706 2479 843 2510 versibus
864 2480 959 2511 modo
973 2481 1056 2520 posi·

330 2527 382 2564 tis3
399 2529 512 2568 quibus
527 2529 655 2560 Latium
670 2530 776 2562 nullos
791 2532 877 2561 novit
891 2532 1054 2563 suaviores,

374 2579 449 2610 Ver.
473 2583 545 2612 587.
567 2584 650 2622 volgo
676 2585 799 2614 silentia
823 2587 936 2624 rumpi.
980 2585 1055 2615 Vir-

329 2632 424 2671 gilius
438 2634 693 2666 reminiscebatur
705 2637 836 2677 hujusce
850 2637 922 2675 loci,
938 2637 977 2668 ad
988 2647 1055 2678 geo.

330 2683 350 2712 i..
367 2687 439 2714 476.
464 2696 558 2726 quem
584 2687 659 2718 hinc
684 2689 857 2719 accuratius
876 2690 1054 2729 interpunc-

330 2740 399 2764 tum
414 2745 468 2773 per
484 2738 650 2769 transitum
665 2741 850 2779 praestitero:

359 2803 422 2827 Vox
433 2810 540 2835 quoque
551 2813 597 2837 per
608 2807 681 2832 lucos
692 2808 772 2840 volgo
783 2809 913 2833 exaudita
923 2808 1022 2834 silentis

359 2841 464 2873 Ingens,
476 2846 503 2867 et
514 2844 656 2870 simulacra
667 2848 764 2877 modis,
776 2847 912 2880 pallentia,
923 2848 996 2872 miris

361 2881 430 2911 Visa,
440 2882 489 2906 sub
500 2882 644 2909 obscurum
655 2886 749 2910 noctis.

1103 556 1267 588 Dictionoe
1280 559 1334 588 sub
1348 559 1507 588 obscurum
1520 558 1617 588 noctis
1632 564 1697 586 non
1720 555 1829 586 minus

1101 609 1240 649 primum
1255 619 1376 639 versum
1393 609 1572 648 respiciunt,
1598 617 1692 649 quarn
1715 617 1827 638 secun-

1102 659 1195 697 dum3
1218 660 1262 698 id,
1288 660 1372 700 quod
1387 670 1481 691 nemo
1497 660 1617 690 videtur
1632 659 1828 690 animadver-

1102 713 1182 743 tisse.
1228 713 1395 753 Preigerus
1419 719 1526 743 autem
1556 713 1742 743 Ciceronem
1771 721 1829 750 op·

1103 770 1237 802 portune
1246 765 1397 800 excitavit,
1407 764 1447 795 ad
1456 770 1518 796 nat.
1528 764 1610 795 deor.
1622 764 1652 794 ii.
1664 767 1692 794 2.
1705 767 1727 782 “
1741 763 1830 802 Saepe

1105 817 1126 833 “
1144 815 1326 846 Faunorum
1349 825 1438 846 voces
1462 815 1626 854 exauditae,
1651 824 1732 854 saepe
1754 813 1829 843 visae

1104 867 1127 883 ‘⁴
1142 865 1252 896 formae
1267 866 1410 904 deorum,
1433 867 1574 907 quemvis
1588 876 1652 897 non
1667 871 1723 896 aut
1735 866 1832 895 hebe-

1104 919 1128 934 “
1143 922 1217 952 tem,
1245 923 1301 947 aut
1327 917 1462 956 inpium,
1489 918 1564 949 deos
1585 923 1830 957 praesentaeesse

1107 970 1129 985 ‘²
1145 967 1285 998 confiteri
1301 969 1499 1008 co'c‘gerunt.”

1148 1027 1231 1058 Ibid.
1254 1030 1411 1059 taciturna
1440 1029 1572 1058 silentia.

1103 1078 1134 1109 ii.
1151 1082 1225 1111 255.

1617 1027 1723 1066 Maro,
1753 1027 1829 1058 AEn.

1298 1147 1383 1172 tacite
1393 1154 1441 1178 per
1450 1146 1538 1171 amica
1546 1147 1645 1172 silentia
1653 1148 1752 1172 Lunae.

1105 1212 1198 1243 Adeo
1224 1223 1288 1244 non
1303 1213 1463 1243 insolitum
1479 1219 1525 1243 est
1539 1213 1588 1243 vel
1601 1211 1695 1252 primi
1712 1210 1832 1243 ordinis

1104 1264 1240 1306 ingeniis
1255 1265 1298 1296 sic
1313 1265 1463 1296 vocabula
1477 1264 1655 1305 persimilia,
1678 1264 1726 1295 uti
1741 1263 1832 1297 nobis

1103 1316 1213 1347 saltem
1228 1317 1384 1355 videntur,
1399 1317 1584 1348 consociare.
1628 1315 1773 1354 Ovidius,
1790 1313 1832 1346 ad

1103 1368 1172 1399 Liv.
1192 1372 1260 1400 185.

1133 1444 1197 1474 Jura
1207 1443 1290 1474 silent,
1301 1447 1432 1476 muta-que
1441 1447 1524 1468 tacent
1534 1443 1590 1469 sine
1599 1443 1706 1469 vindIce
1716 1443 1797 1476 leges.

1105 1508 1169 1539 Pro
1189 1515 1303 1548 tacent,
1328 1509 1482 1540 Heinsius
1503 1514 1534 1539 et
1555 1508 1715 1543 Francius,
1746 1507 1832 1538 haud

1105 1559 1198 1590 dubie
1225 1565 1271 1590 tot
1308 1559 1434 1599 paribus
1468 1559 1657 1590 dictionibus
1692 1559 1831 1598 impulsi,

1105 1610 1265 1640 malebant
1275 1611 1403 1650 jacent:
1428 1611 1541 1652 quibus
1563 1621 1627 1641 non
1650 1609 1831 1650 adstipulor,

1106 1671 1208 1701 neque
1231 1661 1437 1692 necessariam
1466 1661 1718 1693 emendationem
1746 1667 1833 1701 puto.

1107 1712 1282 1749 Amobius,
1309 1712 1360 1742 lib.
1387 1712 1430 1742 iii.
1455 1723 1485 1752 p.
1510 1716 1650 1744 115.—“
1665 1712 1743 1743 laeva
1764 1711 1833 1749 illa,

1108 1767 1130 1781 “
1148 1774 1217 1804 quae
1233 1763 1431 1802 constituitis,
1455 1764 1588 1795 numina
1607 1765 1833 1796 taciturnitatis

1108 1817 1130 1832 “
1145 1817 1264 1846 silencio
1284 1816 1538 1854 praeteribimus.”
1585 1815 1636 1847 Sic
1660 1815 1714 1846 alii
1735 1825 1831 1856 saepe-

1105 1877 1247 1897 numero.

1151 1926 1232 1956 Ibid.
1254 1928 1376 1958 silentia
1402 1929 1518 1967 rumpi.
1564 1925 1728 1967 Virgilius,
1754 1924 1830 1955 AEn.

1105 1987 1134 2007 x.
1149 1980 1202 2008 63.

1361 2050 1432 2082 Quid
1443 2057 1488 2076 me
1498 2050 1552 2075 alta
1562 2049 1661 2074 silentia
1672 2049 1744 2081 cogis

1133 2091 1255 2121 Rumpere
1262 2089 1275 2112 ἒ

1149 2161 1225 2190 Ver.
1249 2163 1320 2192 588.
1350 2171 1458 2192 sonus:
1484 2160 1527 2191 sic
1557 2161 1605 2191 M.
1635 2160 1767 2200 optime;
1789 2160 1831 2191 ad

1102 2211 1362 2242 consuetudinem
1371 2213 1403 2241 ni
1408 2212 1524 2242 mirum
1530 2212 1828 2252 antiquissimorum.

1104 2263 1231 2294 Nonius
1248 2262 1430 2301 Marcellus,
1446 2262 1506 2293 viii.
1523 2265 1576 2294 67.
1601 2266 1624 2281 “
1641 2262 1718 2294 Soni
1733 2268 1765 2293 et
1778 2273 1828 2294 so-

1102 2319 1124 2334 “
1141 2325 1203 2345 nus
1231 2325 1287 2354 pro
1315 2315 1444 2351 sonitus,
1475 2321 1506 2345 et
1534 2326 1618 2346 sonu.
1671 2314 1830 2346 Pacuvius

1102 2371 1124 2386 “
1140 2366 1322 2398 Duloreste:

1130 2450 1149 2463 ‘⁸
1162 2448 1296 2480 Quidnam
1307 2452 1399 2474 autem
1411 2448 1464 2474 hoc
1474 2448 1554 2473 soniti
1563 2451 1614 2478 est,
1624 2448 1698 2480 quod
1713 2447 1828 2474 stridant

1223 2490 1241 2502 “
1251 2488 1371 2514 fores?-

1101 2562 1123 2577 “
1141 2559 1283 2597 Sisenna,
1312 2559 1382 2589 hist.
1407 2557 1460 2588 lib.
1485 2557 1530 2588 iii.
1573 2557 1652 2588 Post
1673 2565 1768 2603 quam
1793 2555 1826 2586 in

1101 2614 1123 2629 “
1139 2622 1214 2641 sonu
1245 2611 1409 2650 signorum
1435 2609 1580 2650 praelium
1605 2617 1722 2649 magno
1751 2616 1826 2638 cum

1100 2667 1121 2681 “
1137 2662 1272 2692 clamore
1287 2663 1424 2693 virorum
1439 2661 1641 2692 commissum
1656 2658 1732 2689 δι”
1765 2658 1826 2689 Sed

1098 2713 1183 2744 enim
1199 2713 1410 2743 consimilium
1425 2712 1592 2743 nominum
1603 2720 1729 2741 acervus
1740 2709 1825 2740 vide-

1097 2771 1148 2794 tur
1162 2763 1294 2794 scribam
1310 2763 1491 2800 turbavisse,
1506 2769 1598 2803 atque
1615 2762 1647 2792 in
1662 2766 1826 2801 peccatum

1096 2815 1237 2846 illexisse.
1283 2813 1517 2853 Rescripserim,
1541 2817 1563 2832 “
1580 2815 1680 2845 Soniei
1701 2822 1758 2852 pro
1771 2821 1822 2843 so-

1097 2871 1120 2887 “
1136 2867 1236 2904 nitus3
1259 2872 1290 2897 et
1308 2876 1402 2897 sonus
1417 2866 1524 2897 sonu-⁰
