1912 3292
473 264 704 313 LIBER
764 262 1146 319 QUARTUS.

91 402 168 438 155
201 398 464 453 Quapropter
483 393 544 443 fit,
567 402 613 434 ut
631 392 729 433 hinc
748 391 866 433 nobis
887 392 1101 434 simulacra
1120 394 1365 436 redundent:

201 471 271 520 Et,
293 483 415 526 quam
434 468 492 507 vis
514 467 662 516 subito,
685 481 767 522 quo
787 466 846 507 vis
865 467 910 506 in
929 474 1129 521 tempore,
1151 482 1355 523 quamque

201 545 308 585 Rem
328 548 471 582 contra
491 540 699 595 speculum
719 554 863 594 ponas,
885 540 1056 595 adparet
1075 541 1229 597 imago:

197 615 402 669 Perpetuo
421 614 548 655 fluere
567 621 614 654 ut
634 628 777 654 noscas
797 627 820 653 e
840 628 1013 668 corpore
1033 627 1195 654 summo

196 688 401 729 Texturas
421 702 560 728 rerum
579 687 752 737 tenueis,
775 687 1013 742 tenueisque
1033 686 1200 744 figuras.

87 767 165 803 160
197 761 312 818 Ergo
331 761 460 802 multa
477 759 592 802 brevi
613 762 744 816 spatio
765 761 981 802 simulacra
999 770 1214 818 geruntur,

51 916 188 958 gitandae
217 925 282 946 non
310 916 351 947 ad
379 926 450 947 eam
485 927 550 947 esse
578 917 771 948 devolutam:

51 973 133 998 certe
147 967 220 997 hinc
241 978 392 1008 magnam
415 967 568 998 invidiam
587 969 645 999 sibi
661 969 775 999 confla-

51 1019 150 1054 visset‚
166 1024 197 1049 et
212 1020 452 1049 obtrectatorum
468 1029 599 1049 examen
614 1019 647 1050 in
663 1031 695 1050 se
711 1031 776 1050 sus-

49 1069 182 1108 citasset,
198 1070 392 1100 laudatorem
407 1081 479 1101 vero
494 1071 662 1102 neminem.

92 1131 168 1160 Ver.
187 1133 256 1161 156.
278 1142 370 1170 quam
398 1133 441 1161 vis
466 1132 579 1161 subito.-
609 1138 652 1162 Π.
681 1133 776 1162 subito

52 1184 206 1222 quamvis:
231 1182 316 1222 quod
337 1182 371 1212 in
391 1192 480 1213 aures
502 1193 588 1213 meas
607 1183 780 1223 jucundius

51 1232 162 1263 incidit
184 1234 223 1263 ob
248 1233 443 1263 sibilantium
468 1234 629 1264 literarum
658 1244 779 1273 separa.

52 1285 391 1325 tionem.—quamque:
419 1285 458 1315 O.
477 1292 517 1315 Π.
535 1296 721 1325 quanquam.

106 1344 179 1375 Ver.
212 1348 282 1376 158.
320 1356 444 1376 noscas.-
487 1351 527 1375 H.
564 1347 778 1376 materias.—e

51 1394 137 1425 deest
152 1395 200 1425 M.

93 1455 168 1485 Ver.
187 1458 256 1486 160.
276 1461 444 1494 geruntur.-
469 1454 488 1485 i.
505 1465 530 1485 e.
551 1455 714 1492 habentur,
731 1455 776 1486 fa-

52 1506 186 1537 ciuntur.
218 1505 383 1546 Virgilius,
400 1515 467 1546 geo.
483 1506 514 1536 ii.
531 1509 604 1537 122.

81 1602 137 1628 Aut
149 1608 226 1634 quos,
236 1609 337 1628 oceano
347 1603 465 1635 propior,
473 1604 539 1636 gerit
550 1603 624 1629 India
636 1604 718 1629 lucos.

49 1689 73 1721 i.
88 1700 114 1720 e.
129 1690 233 1728 habet,
249 1691 338 1730 parit,
354 1691 464 1731 gignit.
510 1691 591 1721 Haec
606 1698 712 1722 autem
727 1691 775 1722 di-

50 1747 172 1778 cuntur,
195 1742 278 1782 quod
299 1743 474 1773 Lambinus
494 1743 609 1773 iterum
623 1744 712 1773 nobis
726 1744 775 1773 in-

50 1792 132 1833 gerit
145 1803 238 1822 suum
251 1801 423 1833 genuntur:
449 1794 533 1834 quod
544 1804 618 1824 sane
626 1805 777 1834 magnam

50 1844 102 1874 hic
116 1845 209 1874 habet
223 1845 287 1874 veri
301 1846 451 1884 speciem;
474 1846 528 1875 sed
546 1846 631 1876 malo
655 1852 700 1876 est
723 1856 775 1876 ex-

51 1894 156 1933 emplo
170 1895 292 1926 facinus
317 1896 393 1926 citra
417 1897 634 1927 necessitatem
649 1897 775 1928 concul-

50 1956 120 1976 care
134 1946 230 1977 fidem
251 1948 402 1983 codicum,
427 1948 460 1978 in
483 1959 517 1979 re
531 1949 700 1979 subtilioris
713 1949 776 1980 for-

49 2002 128 2027 tasse
143 1997 338 2034 discriminis,
362 2009 457 2039 quam
472 1999 523 2029 cui
545 2010 633 2038 pares
651 2000 714 2030 sint
728 1999 776 2030 di-

47 2046 228 2088 judicandae
253 2059 361 2079 sensus
383 2049 551 2080 hominum
566 2056 637 2089 post
658 2056 705 2081 tot
729 2062 775 2081 se-

51 2099 123 2129 cula
134 2098 312 2130 Latinitatis
324 2101 573 2137 obmutescentis,
589 2107 621 2131 et
634 2102 776 2132 vivorum

50 2151 246 2182 sermonibus
281 2152 424 2183 desuetae.
492 2153 595 2183 Semel
638 2154 777 2193 profecto

48 2202 130 2231 hanc
147 2212 257 2233 vocem
277 2203 482 2242 reposuimus,
507 2204 547 2234 ad
562 2205 604 2234 iii.
623 2209 694 2236 434.
721 2206 776 2236 ubi

49 2258 168 2289 tamen,
191 2255 230 2284 ob
244 2265 402 2285 summam
423 2256 499 2286 alias
520 2258 777 2288 membranarum

51 2303 293 2335 castissimamm
324 2307 572 2345 consensionem,
602 2318 658 2346 pro
686 2308 775 2339 felice

50 2356 154 2395 potius
168 2356 322 2395 scriptoris
339 2359 542 2396 aberratione,
564 2369 659 2399 quam
674 2370 774 2399 genu-

50 2405 106 2436 ina
119 2407 257 2437 Lucretii
271 2417 380 2446 manu,
397 2409 507 2439 editori
523 2415 614 2439 cauto
628 2409 777 2441 debuerat

51 2457 168 2488 haberi.
216 2457 276 2488 Sed
291 2458 375 2498 jacta
389 2465 436 2490 est
449 2459 528 2498 alea,
551 2469 652 2501 neque
666 2461 775 2492 inoon-

52 2508 184 2540 siderate
197 2509 339 2540 fecimus.

94 2570 169 2600 Ver.
188 2573 257 2601 161.
279 2572 357 2602 celer
379 2573 457 2602 hiis:
481 2571 519 2602 P.
545 2574 650 2603 celeris
674 2574 775 2610 habet,

50 2631 125 2652 casu
139 2627 232 2652 recto.

93 2680 169 2711 Ver.
187 2684 257 2712 162.
280 2683 469 2714 submittere:
506 2683 526 2714 i.
542 2694 568 2714 e.
591 2687 615 2702 “
629 2694 716 2725 quas1
738 2684 778 2715 de

52 2731 185 2773 “fundo
200 2742 258 2763 suo
269 2733 420 2764 mitterez'
425 2733 553 2765 ’videas
566 2734 779 2766 animadversa

53 2783 142 2813 nobis
162 2783 202 2814 de
226 2785 286 2815 hoc
309 2795 424 2825 genere
440 2787 606 2817 verborum
623 2788 778 2827 composi-

53 2838 170 2872 torum,
185 2835 273 2867 adii.
290 2840 361 2868 204.
383 2847 519 2878 quorum
533 2838 669 2869 rationes
682 2839 777 2879 pluri-

53 2883 100 2913 mi
114 2895 179 2916 non
192 2894 333 2919 accurate
347 2895 523 2921 tenuerunt.
558 2891 778 2927 Mamertinus,

52 2934 88 2964 in
113 2945 223 2978 paneg.
254 2939 386 2972 Maxim.
414 2942 500 2982 Aug
529 2941 580 2973 xii.
608 2946 706 2974 6.-“
722 2943 778 2974 tibi

821 921 843 936 “
860 919 968 948 uberes
984 917 1085 947 fontes
1108 922 1188 946 terra
1203 916 1352 954 submisit,
1374 915 1430 946 tibi
1445 915 1548 956 largos

821 968 972 998 “imbres
998 968 1125 1007 Jupiter
1149 966 1239 1002 fudit,
1263 967 1319 997 tibi
1341 968 1413 998 totis
1442 967 1546 998 flumi-

821 1023 844 1038 “
861 1030 938 1049 num
952 1019 1045 1049 alveis
1058 1019 1204 1049 Oceanus
1216 1017 1430 1048 redundavit.”
1451 1019 1548 1048 Com-

820 1072 909 1101 mitte
938 1078 1080 1102 nostrum
1110 1070 1305 1108 Lucretium,
1336 1070 1376 1100 ad
1406 1070 1427 1100 i.
1459 1074 1488 1100 8.
1519 1077 1550 1101 et

821 1133 907 1154 meos
932 1123 976 1153 ibi
1001 1122 1251 1160 commentarios,
1284 1132 1358 1152 cum
1387 1121 1547 1159 addendis,

822 1186 850 1214 p.
871 1178 940 1206 191.
959 1181 1034 1204 tom.
1048 1175 1067 1204 i.

822 1226 912 1256 Hinc
927 1236 1069 1256 sermone
1091 1225 1228 1255 maxime
1245 1225 1368 1264 proprio
1384 1225 1550 1263 Horatius,

822 1277 880 1306 hac
899 1276 991 1315 opera
1017 1275 1239 1315 intelligendus
1257 1285 1342 1305 nunc
1362 1274 1445 1315 jam;
1469 1286 1549 1306 non-

821 1327 926 1357 nullos
947 1327 1032 1357 enim
1058 1326 1101 1357 ibi
1123 1325 1300 1356 ludificatus
1323 1325 1419 1362 video,
1443 1325 1494 1357 od.
1509 1326 1547 1356 iv.

821 1383 850 1409 4.
866 1383 918 1410 65.

914 1461 1101 1485 Monstrumve
1112 1459 1246 1484 submisere
1257 1460 1353 1484 Colchi

943 1501 1038 1531 MaJus,
1049 1500 1222 1525 Echioniaeve
1232 1500 1349 1525 Thebae.

821 1581 906 1612 Nam
921 1583 1074 1621 terrigena
1091 1588 1179 1613 erant
1194 1582 1248 1613 illa
1262 1588 1413 1613 monstra.

863 1642 938 1672 Ver.
958 1644 1026 1672 164.
1049 1643 1104 1672 ab:
1131 1642 1168 1673 P.
1181 1642 1278 1673 Vind.
1295 1655 1331 1680 a;
1355 1643 1410 1673 sed
1425 1642 1464 1673 de
1478 1653 1547 1682 pos-

818 1692 930 1723 teriore
949 1692 1055 1723 codice
1072 1693 1148 1723 fides
1171 1693 1327 1723 collatoris
1349 1694 1471 1724 videtur
1492 1695 1547 1724 ob-

819 1743 913 1772 noxia
948 1743 1256 1783 quaestioni.-icem.·
1296 1744 1333 1774 P.
1364 1751 1407 1775 Π.
1448 1747 1546 1781 idem;

820 1804 889 1834 quae
903 1804 993 1825 voces
1008 1794 1122 1825 alicubi
1144 1795 1179 1824 in
1194 1795 1285 1825 Livio
1299 1795 1394 1825 etiam
1409 1795 1549 1826 confusae

819 1854 893 1877 sunt
906 1847 1046 1878 librariis.

863 1907 938 1937 Ver.
957 1910 1028 1938 167.
1053 1909 1129 1938 oris:
1159 1907 1178 1938 i.
1207 1918 1234 1938 e.
1257 1907 1454 1939 lineamentis
1480 1918 1547 1939 cor-

820 1968 944 1997 porum,
969 1964 1000 1988 et
1021 1958 1142 1999 figuris:
1169 1959 1275 1990 videas
1290 1970 1337 1996 ea,
1361 1970 1431 2000 quae
1454 1960 1550 1990 modo

820 2009 1012 2039 contulimus
1026 2010 1060 2039 in
1078 2020 1138 2040 ver.
1156 2014 1227 2041 158.
1259 2011 1334 2042 Hoc
1355 2011 1461 2041 scribae
1483 2022 1549 2042 non

819 2061 1030 2102 intelligentes
1068 2062 1291 2101 interpolatum
1331 2063 1414 2094 ivere
1457 2066 1548 2103 illud,

821 2112 905 2152 quod
920 2119 1077 2152 comparet
1093 2112 1127 2143 in
1143 2114 1181 2144 P.
1199 2114 1238 2145 Ο.
1255 2119 1289 2145 Δ.
1307 2121 1349 2145 Π.
1365 2120 1400 2147 Σ.
1418 2121 1462 2146 Ω.
1488 2125 1549 2146 vox

819 2163 950 2193 omnino
976 2163 1168 2195 desideratur
1196 2164 1230 2194 in
1264 2165 1301 2195 L.
1336 2167 1548 2207 Quoquomque

819 2219 937 2252 autem,
964 2215 997 2245 in
1027 2226 1239 2256 quamcunque
1263 2223 1385 2256 partem
1393 2233 1404 2254 ,-
1435 2223 1471 2247 ut
1495 2218 1548 2247 alii

819 2265 941 2304 passim.
980 2265 1086 2296 Variis
1107 2266 1293 2307 conjecturis
1312 2267 1476 2298 doctorum
1491 2269 1547 2298 ho-

819 2316 945 2346 minum
974 2317 1171 2347 vexationem
1199 2317 1285 2348 haud
1313 2318 1415 2348 levem
1443 2329 1548 2349 versus

818 2366 869 2396 hic
885 2373 1029 2406 expertus
1050 2375 1109 2399 eet:
1135 2379 1213 2409 quas
1227 2369 1303 2409 quid
1318 2369 1428 2399 attinet
1446 2370 1547 2401 ambi-

818 2418 895 2448 tiose
923 2429 1091 2458 recensere,
1122 2420 1157 2450 in
1182 2431 1215 2450 re
1238 2421 1311 2450 satis
1336 2420 1490 2460 expedita,
1517 2428 1548 2452 et

819 2469 887 2508 opis
904 2470 1017 2500 criticae
1038 2471 1119 2501 nihil
1140 2471 1319 2512 indigente?
1346 2472 1484 2502 Somniis
1498 2473 1547 2504 vel

819 2519 917 2558 ipsius
930 2521 953 2552 J
954 2521 1019 2552 ovis
1032 2523 1162 2562 paginas
1178 2533 1265 2553 meas
1280 2529 1423 2553 oneratas
1435 2524 1546 2556 nolim.

820 2571 1031 2613 Haveroempi
1045 2574 1157 2605 saltem
1172 2575 1262 2612 ratio,
1285 2586 1332 2606 res
1349 2578 1411 2606 oris
1425 2576 1547 2606 socian-

819 2622 871 2661 tis,
895 2629 926 2653 et
946 2623 987 2654 ad
1011 2634 1156 2655 normam
1170 2626 1316 2664 phraseos
1340 2637 1388 2657 res
1407 2628 1548 2664 Veneris,

820 2674 851 2705 ii.
868 2677 938 2705 175.
961 2685 1018 2714 pro
1044 2679 1066 2694 “
1081 2676 1130 2714 iis,
1157 2687 1227 2717 quae
1248 2677 1289 2707 ad
1305 2677 1462 2708 Venerem
1476 2688 1546 2717 per-

822 2729 844 2745 “
860 2727 993 2763 tinent,’‘
1011 2728 1202 2767 accipientis,
1217 2729 1297 2759 mihi
1311 2729 1405 2770 longe
1420 2729 1546 2760 durissi-

822 2787 875 2808 ma
888 2777 1021 2817 videtur,
1037 2788 1073 2808 ac
1087 2778 1179 2818 plane
1193 2779 1403 2811 intolerabilis.

864 2841 941 2872 Ver.
960 2846 1030 2874 168.
1046 2845 1106 2874 z'bi:
1133 2844 1180 2874 Μ.
1199 2851 1244 2876 Ω.
1258 2846 1333 2882 szbi5
1355 2845 1439 2886 quod
1453 2847 1546 2876 habet

821 2894 958 2933 speciem
971 2895 1049 2926 veri·
1076 2906 1174 2937 quum
1190 2907 1263 2927 vero
1277 2903 1381 2928 noster
1402 2908 1487 2934 mox,
1505 2899 1543 2928 ad

821 2955 882 2976 ver.
898 2949 970 2978 214.
986 2957 1167 2987 pronomen,
1183 2954 1237 2980 aut
1251 2949 1338 2981 aliud
1353 2949 1545 2989 adjunctum.

787 3002 853 3038 Q?
