1912 3292
476 187 723 238 LIBER.
762 183 1119 233 TERTIUS.

1481 193 1541 231 83

189 323 336 374 Mittit,
358 329 403 363 ut
423 320 586 369 edocui;
620 333 690 360 seu
709 317 887 358 flectitur
907 331 933 357 a
952 315 1182 357 medicina:

188 398 330 453 Usque
349 395 451 436 adeo
470 393 580 434 falsae
600 391 770 433 rationis
791 405 889 431 vera
909 389 1072 430 videtur

188 471 272 512 Res
291 470 523 517 obcurrere,
546 474 587 508 et
606 465 814 523 ecfugium
834 463 1089 520 praecludere
1110 463 1223 505 eunti
1230 481 1243 513 ;

186 544 451 599 Ancipitique
471 542 649 584 refutatu
669 541 916 582 convincere
936 538 1096 580 falsum.

74 625 153 662 525

240 619 449 674 Denique,
472 632 580 673 saepe
599 616 813 658 hominem
834 614 1047 671 paullatim
1068 612 1277 654 cernimus
1297 612 1373 663 ire,

187 693 242 735 Et
261 693 522 734 membratim
541 691 706 733 vitalem
728 690 955 746 deperdere
975 703 1154 730 sensum.

83 851 157 882 Ver.
174 853 244 881 520.
269 849 333 879 His
348 848 487 888 apposita
500 853 585 886 sunt,
601 859 672 890 quae
687 847 768 879 dixit

47 902 215 938 Arnobius‚
239 901 290 931 lib.
315 901 334 931 i.
359 911 389 940 p.
412 904 461 931 ll.
508 903 527 918 “
546 900 610 930 Ubi
633 902 718 931 dolor
740 905 771 930 et

41 957 70 983 ,“
84 955 234 994 «egritudo
246 959 301 989 est,
318 954 530 982 imminutioni
540 957 571 981 et
580 953 772 992 corruptioni

47 1009 69 1025 “
79 1006 148 1047 jam
167 1005 254 1035 locus
270 1004 345 1034 est.'’

88 1065 165 1095 Ver.
185 1067 255 1096 521.
271 1071 306 1095 ut
319 1066 435 1095 edocui.
473 1063 584 1099 Quum
599 1064 632 1093 in
649 1074 776 1103 promp-

47 1122 83 1147 tu
104 1118 144 1147 sit
168 1117 321 1154 arbitrari,
344 1116 528 1146 Lucretium
553 1115 686 1146 voluisse
711 1126 776 1146 car-

47 1168 128 1198 mini
153 1169 334 1198 varietatem
359 1167 499 1208 aliquam
527 1167 717 1208 inspergere,
748 1173 779 1197 et

46 1221 164 1251 librarii
178 1221 211 1250 in
227 1220 419 1250 tritissimam
437 1219 609 1249 formulam
624 1219 714 1249 facile
728 1230 775 1249 es-

49 1279 118 1302 sent
140 1271 324 1311 prolapsuri,
348 1281 412 1300 non
435 1270 575 1300 dubitavi
597 1270 775 1308 lectionem,

49 1323 125 1352 aV.
140 1322 186 1352 ed.
210 1327 240 1351 et
256 1322 292 1351 B.
317 1321 496 1358 exhibitam,
520 1321 696 1358 admittere;
725 1321 776 1351 cui

49 1385 114 1405 non
129 1373 208 1404 nihil
224 1373 412 1413 suffragatur
427 1372 524 1403 codex
541 1377 575 1403 Δ.
599 1373 633 1403 in
649 1383 712 1414 quo
727 1383 777 1403 su-

50 1437 105 1466 per
119 1423 225 1456 rasura
241 1436 329 1456 voces
351 1428 398 1456 uti
420 1428 512 1456 docui
533 1431 608 1456 sunt
629 1432 778 1463 exaratae3

53 1484 84 1510 et
101 1485 142 1509 Π.
161 1478 215 1519 qui
230 1485 263 1509 uc
287 1480 353 1509 ideo
377 1479 614 1518 praebet—seu:
641 1483 675 1509 Δ.
700 1480 781 1509 si.—

52 1541 72 1560 a
87 1528 256 1560 medicimi:
283 1529 380 1560 Vind.
403 1536 438 1560 ut
452 1532 645 1561 medicinam.

93 1581 168 1612 Ver.
183 1583 256 1613 522.
272 1582 422 1612 racionis.-
441 1581 484 1611 sic
500 1591 609 1611 omnes
623 1580 663 1611 ad
678 1592 781 1612 unum

52 1633 122 1664 libri
145 1638 255 1673 praeter
278 1633 316 1664 P.
339 1632 424 1663 unde
448 1643 512 1663 non
537 1633 646 1664 dubito
672 1633 780 1675 vulga-

52 1690 133 1723 tum,
157 1697 189 1716 το
204 1686 333 1723 rationi,
357 1694 422 1714 esse
444 1684 679 1722 correctoribus,
708 1695 782 1714 con-

52 1736 256 1766 structionem
278 1737 446 1766 verborum
468 1736 599 1766 minime
622 1736 778 1772 assecutis,

51 1788 297 1819 attribuendum.
344 1787 519 1825 Nimirum,
552 1790 682 1818 rationis
709 1799 780 1818 vera

52 1851 100 1870 res
115 1839 251 1870 formula
265 1845 321 1877 est,
344 1839 492 1869 Lucretio
506 1839 621 1878 passim
635 1839 781 1880 frequen-

53 1897 130 1930 tata,
151 1902 208 1931 pro
229 1903 276 1922 res
298 1902 376 1922 verce
390 1893 537 1922 rationis:
563 1891 708 1931 inspicias
722 1902 782 1922 nu-

54 1954 110 1984 per
125 1949 241 1981 notata,
258 1943 298 1973 ad
312 1953 373 1973 ver.
389 1947 460 1974 492.
486 1943 588 1981 Certe,
604 1953 669 1973 non
684 1954 782 1985 nega-

54 1995 153 2025 verim
178 1999 365 2024 structuram
390 1993 603 2034 vulgatorum,
636 2005 685 2025 res
711 2005 781 2026 vera

54 2049 174 2078 videtur
188 2057 344 2077 occurrere
349 2046 447 2087 falsce
462 2048 589 2082 rationi,
605 2047 677 2076 usui
687 2046 781 2086 scrip-

55 2109 161 2134 torum
186 2102 298 2132 tritiori
320 2101 421 2142 magis
442 2112 508 2132 esse
530 2107 782 2140 consentaneam3

57 2155 111 2185 sed
136 2154 253 2185 colores
275 2153 424 2184 orationis
452 2153 649 2183 Lucretianae
672 2153 789 2193 proprii

59 2207 134 2238 fuco
144 2207 313 2238 adventitio
322 2207 505 2247 neutiquam
516 2206 692 2237 obducendi
702 2211 787 2244 sunt,

61 2264 93 2290 et
106 2259 201 2289 simul
216 2269 330 2300 susque
344 2259 447 2299 deque
461 2258 605 2288 habenda
619 2257 695 2288 fides
710 2268 785 2288 con-

61 2311 198 2341 sentiens
212 2311 454 2341 castissimorum
469 2310 705 2349 exemplarium.

102 2363 177 2393 Ver.
193 2366 265 2394 524.
278 2363 433 2404 refutatu:
460 2364 497 2393 P.
515 2361 612 2392 Vind.
628 2362 670 2392 V.
683 2361 731 2392 ed.
748 2361 786 2392 B.

62 2414 104 2445 O.
122 2415 159 2444 L.
178 2414 225 2444 M.
250 2420 294 2444 Ω..
317 2414 488 2455 refutatur,-
513 2424 570 2443 nec
598 2419 706 2443 tamen
730 2413 786 2443 ho-

61 2476 134 2496 rum
149 2465 300 2495 librorum
314 2465 511 2505 conspiratio,
537 2475 638 2505 neque
655 2464 787 2494 solitari-

61 2530 100 2550 us
115 2524 228 2549 nostrae
249 2518 394 2548 dictionis
414 2529 502 2556 usus,
528 2518 596 2560 (qui
618 2529 693 2548 sane
715 2517 788 2548 scri-

62 2571 175 2602 barum
190 2570 462 2610 importunitatem
484 2570 575 2600 facile
595 2570 789 2610 provocaret)

63 2630 116 2653 me
129 2622 174 2652 ita
187 2623 370 2660 absterrent,
392 2627 430 2652 ut
443 2621 605 2662 defugiam
619 2621 742 2652 credere
759 2635 792 2652 το

64 2672 200 2714 refutatu
216 2673 402 2713 scripturam
425 2683 491 2703 esse
513 2673 708 2704 Lucretianae
723 2683 790 2703 ma-

69 2723 129 2756 nsis
142 2725 390 2756 sincerissimam.
437 2726 554 2756 Confer
567 2736 594 2756 v.
611 2729 682 2757 726.
698 2728 770 2757 727.

110 2775 191 2819 lbid.
203 2778 346 2817 Ancipiti
357 2777 504 2819 refutatu.
515 2777 793 2818 Elegantissimam

70 2827 302 2860 translationem
317 2829 448 2871 quilibet
463 2829 568 2860 statim
579 2829 677 2860 callet.
694 2833 716 2848 “
731 2830 793 2859 Ar-

71 2881 93 2897 “
109 2886 294 2920 gumentum
304 2891 413 2913 verum
429 2882 548 2923 utique,
564 2881 604 2912 ad
620 2881 716 2913 instar
727 2880 794 2922 gla-

815 850 838 866 “
854 846 898 877 dii
927 845 1084 885 ancipitis,
1121 844 1271 885 utrinque
1300 848 1383 875 secat
1411 843 1545 885 objecto-

815 902 837 917 “
853 898 1040 929 rem.”—H.
1058 898 1205 937 Ancipiti
1219 902 1319 936 atque.

861 951 939 980 Ver.
957 952 1028 981 5‘25.
1052 951 1223 979 cernimus:
1251 948 1290 978 V.
1307 948 1353 978 ed.
1380 948 1419 978 O.
1443 950 1548 979 termi-

818 1013 877 1033 nus
882 1017 892 1038 ;
909 1012 964 1041 per
978 1001 1141 1031 literarum
1154 1000 1392 1030 usitatissimum
1404 1010 1552 1031 errorem.

864 1053 947 1083 Ibid.
963 1055 1025 1084 ire.-
1043 1053 1062 1083 i.
1075 1063 1100 1082 e.
1118 1055 1286 1095 πορευεσέαι,
1299 1054 1436 1092 οιχεσθαι·
1453 1052 1550 1090 abire,

822 1107 900 1135 mori
904 1121 915 1140 ;
939 1104 977 1134 de
992 1105 1051 1135 hoc
1067 1104 1282 1143 euphemismo
1298 1114 1355 1133 nos
1370 1104 1494 1143 egimus
1508 1103 1550 1133 ad

824 1156 896 1187 Silv.
914 1157 990 1187 Crit.
1005 1157 1043 1186 ἰν.
1060 1167 1091 1195 p.
1109 1158 1178 1187 105.
1194 1162 1224 1185 et
1240 1166 1320 1196 seqq.
1336 1156 1480 1196 alibique.

865 1208 940 1237 Ver.
967 1210 1040 1238 526.
1065 1209 1245 1246 deperdere:
1282 1207 1330 1236 Μ.
1356 1209 1529 1246 disperdere
1541 1223 1552 1243 ‚-

818 1259 925 1288 minus
939 1260 1035 1298 probe
1040 1270 1050 1295 ;
1072 1268 1147 1288 nam
1161 1257 1219 1288 Ioci
1236 1268 1348 1297 scopus
1362 1258 1466 1298 potius
1480 1269 1550 1298 pas-

819 1311 891 1340 sivae
917 1310 1076 1349 potestatis
1099 1309 1281 1347 dictionem,
1309 1320 1405 1350 quam
1431 1310 1550 1349 activae‚

822 1365 989 1396 manifesto
1018 1364 1252 1404 postulat—Et
1280 1364 1377 1395 lector
1407 1365 1551 1396 animum

823 1417 962 1448 advertat
977 1416 1135 1447 solertiam
1151 1422 1244 1458 atque
1259 1417 1426 1447 artificium
1441 1418 1553 1457 po'etae,

821 1480 881 1510 ope
891 1481 1106 1506 numerorum,
1123 1470 1312 1501 articulatim
1323 1470 1552 1507 intercisorum,

824 1522 924 1561 ipsam
939 1533 1006 1552 rem
1021 1521 1199 1552 felicissime
1214 1521 1416 1562 designantis.

869 1573 950 1604 Ibid.
972 1575 1093 1605 vitalem
1108 1584 1237 1604 sensum.
1265 1572 1437 1611 Arnobius,
1452 1572 1506 1604 lib.
1521 1573 1554 1603 ii.

825 1635 854 1664 p.
880 1627 1002 1656 65.—“
1018 1624 1052 1654 in
1076 1624 1152 1664 ipsis
1178 1624 1357 1663 corporibus
1382 1636 1486 1656 sensus
1509 1625 1555 1655 eis

826 1680 849 1695 “
866 1676 995 1716 deperit,
1020 1675 1306 1717 exstinguiturque,
1328 1677 1462 1708 vitalis.'’

868 1729 944 1761 Ver.
964 1731 1039 1759 527.
1062 1730 1210 1759 livescere.
1257 1728 1338 1758 Haec
1353 1728 1436 1758 vocis
1450 1728 1555 1759 forma

824 1779 857 1808 in
887 1789 981 1809 sensu
1015 1779 1140 1818 proprio
1176 1778 1308 1809 minime
1342 1778 1472 1818 protrita
1500 1785 1555 1810 est.

829 1830 1024 1860 Glossarium
1039 1836 1139 1861 vetus:
1160 1833 1182 1848 “
1199 1831 1336 1866 Livesco,
1353 1830 1555 1871 oesztssvepcmss’

828 1882 994 1919 Martialis,
1018 1882 1080 1913 viii.
1096 1885 1147 1913 51.
1163 1886 1192 1912 5.

920 1942 1045 1973 Livescit,
1061 1942 1134 1966 nulla
1145 1943 1258 1974 caligine
1268 1942 1385 1968 fusca—.

826 2000 986 2041 Denique,
1011 2000 1194 2031 Scribonius
1207 2000 1343 2041 Largus,
1359 2011 1424 2040 cap.
1440 2000 1555 2032 clxxxi.

827 2054 850 2070 ‘⁶
868 2051 1134 2093 Altercum-——qui
1156 2052 1463 2090 biberunt‚—-mente
1485 2055 1558 2084 aba-

828 2105 850 2121 “
867 2102 1237 2144 lienabunturz——postea
1251 2104 1425 2144 sopiuntur,
1442 2111 1473 2135 et
1488 2116 1557 2136 om-

833 2157 855 2173 “
871 2155 904 2184 ni
928 2165 1022 2186 sensu
1044 2162 1160 2192 carent,
1183 2157 1391 2187 livescentibus
1417 2159 1559 2189 membris

832 2209 855 2225 “
871 2207 1013 2237 eorum.’'

874 2259 949 2290 Ver.
965 2262 1036 2290 528.
1053 2265 1124 2299 post
1138 2261 1219 2291 inde.
1263 2260 1354 2290 Prior
1365 2271 1423 2291 vox
1434 2261 1474 2291 ad
1489 2272 1559 2292 suc-

830 2311 1002 2341 cessionem
1029 2311 1178 2351 temporis
1198 2311 1306 2342 referri
1327 2312 1434 2350 debet;
1458 2318 1562 2352 poste-

830 2361 904 2400 rior,
927 2362 967 2392 ad
981 2363 1230 2403 progressionem
1247 2364 1397 2403 serpentis
1412 2364 1496 2395 mali.

874 2413 949 2444 Ver.
965 2416 1038 2445 529.
1068 2417 1091 2433 “
1112 2417 1246 2451 tractim,
1272 2425 1329 2454 pro
1353 2415 1476 2446 lente:’'
1499 2423 1560 2448 vet.

832 2471 1000 2495 comment.
1026 2465 1060 2495 in
1086 2465 1189 2497 Plaut.
1220 2466 1362 2505 Amphit.
1389 2466 1411 2496 i.
1439 2470 1464 2497 l.
1490 2470 1563 2500 157.

835 2516 986 2554 Rursum,
1011 2520 1033 2535 “
1049 2520 1184 2554 tractim,
1195 2517 1353 2558 jugiter:”
1372 2517 1507 2557 Servius,
1522 2520 1564 2551 ad

834 2567 925 2607 Virg.
937 2578 1005 2608 geo.
1020 2568 1058 2599 iv.
1071 2572 1142 2600 5260.
1157 2569 1252 2604 Vere,
1269 2574 1304 2598 ut
1319 2568 1462 2599 existimo
1474 2571 1562 2611 equi-

835 2618 920 2656 dem,
943 2624 1089 2660 uterque;
1123 2619 1177 2649 sed
1201 2629 1310 2655 crasse,
1336 2625 1367 2650 et
1390 2620 1567 2652 rationibus

837 2671 978 2702 vocabuli
999 2682 1064 2702 non
1087 2671 1244 2711 expositis,
1267 2681 1343 2712 quas
1363 2671 1406 2702 sic
1431 2683 1562 2712 aperue-

836 2723 910 2753 rim:
943 2725 1082 2754 Tractim
1098 2733 1223 2763 nempe,
1246 2734 1306 2754 sese
1329 2726 1485 2761 trahendo,
1508 2736 1565 2765 per

837 2784 955 2810 omnes,
972 2784 1042 2815 quae
1055 2774 1308 2814 interponuntur,
1324 2780 1426 2814 partes
1431 2787 1441 2814 ;
1457 2782 1493 2806 ut
1507 2787 1567 2807 an-

837 2827 918 2867 gui5‚
941 2827 995 2868 qui
1025 2826 1217 2866 pedetentim
1246 2827 1351 2867 serpit,
1380 2838 1481 2868 neque
1510 2839 1566 2868 per

839 2881 934 2911 wltus
960 2879 1038 2911 solet
1060 2878 1204 2921 progredi
1211 2891 1221 2917 ;
1252 2884 1345 2920 atque
1368 2879 1450 2918 ideo,
1473 2891 1566 2910 sensu
