1912 3292
487 280 720 335 Principiis,
742 275 854 317 unde
873 274 964 315 haec
984 272 1115 314 oritur
1134 270 1333 312 variantia
1352 284 1504 312 rerum.

370 359 454 399 320

485 430 629 485 Usque
649 426 752 470 adeo
772 433 1014 466 naturarum
1032 420 1203 478 vestigia
1221 419 1351 475 linqui

487 503 677 552 Parvola,
699 515 792 557 quae
812 505 988 555 nequeat
1007 496 1113 537 ratio
1132 493 1333 550 depellere
1353 492 1494 541 dictis3

487 579 550 621 Ut
570 577 672 619 nihil
692 574 877 631 inpediat
897 573 1067 629 diguam
1087 569 1165 610 diis
1185 568 1335 624 degere
1354 566 1494 606 vitam.

506 686 509 689 -
546 653 658 695 Haec
677 651 804 707 igitur
824 655 972 690 natura
992 652 1155 686 tenetur
1175 655 1349 696 corpore
1369 639 1422 680 ab
1442 638 1556 680 omni
1563 655 1577 688 3

374 734 455 771 325
488 729 664 783 Ipsaque
684 723 868 779 corporis
887 730 948 762 est
967 728 1118 768 custos,
1147 725 1188 758 et
1207 730 1349 757 caussa
1368 713 1522 755 salutis:

488 801 600 843 Nam
620 797 894 841 conmunibus
914 796 1022 835 inter
1043 808 1085 834 se
1105 789 1311 833 radicibus
1330 788 1506 837 haerent,

488 875 579 917 Nec
599 874 686 914 sine
704 871 887 927 pernicie
906 867 1038 910 divelli
1059 880 1178 922 posse
1197 864 1400 906 videntur.

481 947 619 998 Quod
638 961 783 1004 genus,
805 959 828 985 e
848 942 950 984 turis
970 940 1098 998 glebis
1118 938 1287 981 evellere
1306 936 1478 979 odorem

460 1032 464 1035 “
490 1021 625 1065 Haud
643 1019 759 1061 facile
779 1025 854 1068 est,
876 1015 977 1076 quin
997 1014 1172 1054 intereat
1192 1018 1341 1052 natura
1361 1023 1525 1064 quoque
1544 1008 1645 1064 ejus:

377 1105 461 1143 330
493 1098 562 1141 Sic
582 1095 709 1138 animi
728 1102 851 1150 atque
870 1090 1022 1134 animae
1042 1095 1236 1130 naturam
1256 1097 1430 1140 corpore
1450 1089 1539 1123 toto

363 1258 442 1284 'ralia
453 1255 606 1288 compositis
617 1254 749 1280 deducam
761 1251 881 1277 carmina
892 1249 981 1279 Musis,

363 1300 454 1329 Atque
463 1296 590 1321 salutares
600 1298 746 1327 expromam
757 1291 877 1316 fontibus
887 1291 971 1315 undas
980 1297 988 1320 ;

363 1339 397 1363 Et
410 1338 518 1366 latum,
528 1334 638 1367 placidis
647 1332 802 1358 venientem
815 1330 939 1359 nubibus,
950 1328 1077 1357 imbrem,

365 1379 450 1409 lnque
460 1377 562 1402 animas
576 1374 720 1400 hom’mum
737 1372 853 1404 penitus,
869 1373 1009 1401 uterosque,
1028 1367 1076 1392 flu-

505 1418 609 1445 entem,

366 1455 501 1488 Excipiam
511 1454 595 1487 plenis
605 1453 633 1478 in
641 1455 732 1477 nostra
742 1450 848 1476 novalia
857 1449 929 1474 rivis.

350 1520 439 1552 Libri
450 1519 538 1557 dant,
550 1527 708 1558 exponam,
721 1517 870 1555 ultroque,
883 1519 914 1543 et
925 1513 1071 1552 Excipiet
1078 1526 1089 1547 ;

347 1571 461 1603 omnia
475 1570 598 1601 vitiose:
622 1567 730 1600 confer
745 1567 790 1597 D.
802 1565 895 1597 Joan.
911 1573 1020 1604 evang.
1032 1562 1085 1592 vii.

351 1627 403 1654 58.

395 1676 470 1705 Ver.
485 1677 559 1704 520.
581 1675 700 1704 videor:
727 1671 762 1701 P.
781 1674 816 1701 Σ.
841 1670 941 1704 videm,-
967 1666 1007 1697 V.
1034 1665 1080 1697 ed.

351 1725 623 1767 vida—formare.-
649 1723 686 1754 P.
709 1721 806 1752 Vind.
830 1720 873 1750 V.
904 1718 953 1749 ed.
978 1719 1015 1749 B.
1043 1718 1083 1753 Q.

342 1781 480 1823 firmare
486 1792 495 1813 ;
525 1777 552 1806 si
566 1775 642 1806 fides
658 1772 864 1804 referentibus
878 1771 918 1800 sit
931 1768 1083 1800 habenda.

356 1829 559 1870 Non-probo:
585 1837 660 1858 nam
672 1825 813 1867 fiir-mare
837 1829 883 1854 est
900 1821 1084 1862 exprimere,

354 1882 405 1913 vel
419 1883 566 1924 figurare
592 1879 778 1914 nominibus,
804 1876 886 1915 ipsas
900 1876 1029 1917 figuras
1055 1877 1086 1902 et

355 1939 484 1965 naturas
499 1941 618 1962 rerum:
645 1940 706 1959 ver.
717 1932 790 1959 518.
836 1927 948 1968 Neque
963 1927 989 1955 is
1003 1934 1086 1960 sum,

355 1986 410 2028 qui
426 1985 575 2016 damnem
589 1985 738 2026 firmare,
763 1989 885 2010 memor
900 1977 996 2008 nostri
1012 1977 1085 2016 poe-

356 2044 408 2076 tae,
425 2037 464 2068 ad
479 2047 505 2067 v.
525 2039 593 2068 198.
617 2033 682 2071 sed,
702 2032 757 2073 qui
771 2029 969 2065 contendam,
985 2027 1083 2058 varie-

356 2096 453 2121 tatem
471 2089 619 2120 orationis
634 2085 792 2117 uberrimo
807 2082 959 2122 scriptori,
978 2086 1009 2111 et
1023 2080 1082 2110 mi-

357 2142 444 2174 nime
458 2140 629 2182 vulgariter
649 2137 801 2179 loquenti,
823 2146 888 2166 non
910 2143 976 2164 esse
989 2133 1084 2163 dene-

358 2193 514 2235 gandam;
543 2201 645 2231 neque
675 2190 771 2221 etiam
799 2188 864 2218 vim
885 2186 1027 2226 pluribus
1055 2190 1088 2215 et

358 2245 542 2277 castioribus
556 2242 785 2282 exemplaribus
798 2238 1002 2270 inferendam.
1036 2237 1088 2268 De

359 2298 475 2328 horum
491 2294 714 2325 vocabulorum
728 2291 970 2332 permutatione,
985 2288 1089 2326 adeas,

360 2359 432 2390 quae
456 2348 513 2378 viri
536 2345 707 2378 doctissimi
728 2344 872 2375 dederint
904 2342 945 2373 ad
980 2341 1034 2372 Sil.
1051 2341 1091 2371 It.

360 2400 403 2431 xi.
421 2402 493 2431 452.
524 2405 557 2429 et
580 2397 708 2429 uberius
737 2393 1026 2431 Drakentmrcfflus,
1053 2391 1092 2421 ad

359 2452 431 2484 Liv.
450 2452 489 2482 iv.
507 2454 536 2482 7.
558 2454 587 2481 5.
633 2451 781 2481 Formare
811 2446 908 2487 igitur
936 2445 996 2475 hoc
1025 2443 1094 2474 loco

361 2503 445 2535 valet
462 2513 631 2544 expressum
647 2501 771 2536 habere;
795 2504 827 2530 et
840 2508 895 2538 per
914 2497 1094 2538 generalem

362 2555 537 2593 veritatem,
562 2564 633 2596 quae
659 2551 813 2594 sequitur,
837 2552 974 2590 signare,
999 2554 1093 2589 atque

363 2607 514 2647 effingere.
558 2606 669 2642 Porro,
692 2613 793 2645 quum
815 2611 864 2632 res
887 2600 983 2631 nullis
998 2609 1093 2640 argu-

363 2657 479 2689 mentis
494 2657 583 2687 novis
597 2658 769 2692 roboretur,
785 2654 956 2686 dictionem
960 2654 1095 2694 firmare

364 2708 523 2748 scriptoris
537 2713 678 2738 mentem
693 2705 864 2746 adimplere
878 2715 960 2746 aegre
973 2702 1095 2735 dixeris.

366 2759 485 2792 Confer
500 2760 539 2790 vi.
559 2763 631 2792 940.

408 2811 489 2843 Ibid.
511 2813 614 2844 videor
637 2818 761 2853 potesse.
808 2810 861 2842 Sic
888 2810 993 2849 Maro,
1021 2808 1096 2840 AEn.

364 2874 390 2896 v.
408 2867 477 2895 251.

856 142 918 190 T.
970 137 1349 188 LUCRETII

544 354 649 397 Illud
670 354 713 393 in
732 351 812 392 hiis
831 348 953 391 rebus
972 346 1116 388 videor
1134 344 1312 387 formare
1331 353 1509 400 potesse3

1348 1242 1471 1273 possunt,
1481 1238 1543 1272 quia
1552 1242 1622 1272 posse
1633 1237 1768 1263 videntur.

1164 1307 1239 1338 Ver.
1258 1309 1331 1336 522.
1353 1310 1500 1346 nequeat:
1529 1306 1563 1334 Δ.
1583 1302 1856 1342 nequeam—dic«
1896 1281 1899 1303 l

1119 1361 1177 1390 tis:
1203 1358 1248 1389 ita
1262 1357 1346 1388 solus
1363 1357 1399 1388 P.
1415 1354 1526 1396 reliqui
1548 1363 1659 1385 omnes
1676 1354 1784 1389 noctis,
1806 1351 1857 1382 vel
1896 1367 1899 1374 r

1119 1417 1234 1448 noctes,·
1267 1409 1352 1440 unde
1381 1418 1445 1439 non
1475 1406 1578 1444 video,
1605 1404 1682 1446 quid
1720 1403 1861 1444 exsculpi
1896 1395 1898 1399 ’

1121 1469 1226 1505 queat,
1253 1462 1315 1492 nisi
1340 1459 1476 1492 arriserit
1501 1457 1642 1490 fortassis
1667 1457 1727 1487 hoc
1756 1461 1861 1487 tenta-

1129 1525 1218 1546 men:

1294 1592 1356 1619 qua:
1368 1587 1486 1618 nequeat
1497 1583 1565 1609 ratio
1576 1580 1710 1616 depellere
1720 1579 1800 1606 nocti.-

1125 1652 1145 1682 i.
1161 1662 1188 1682 e.
1217 1651 1329 1682 erroris
1351 1649 1447 1687 nocti,
1473 1658 1544 1690 quae
1571 1651 1693 1677 mentes
1723 1643 1863 1682 obsidet3
1897 1676 1899 1687 <

1126 1707 1197 1737 vide
1219 1706 1238 1736 i.
1256 1708 1328 1736 147.
1346 1708 1441 1736 1109.
1474 1700 1643 1738 Nonnulli,
1674 1701 1785 1734 doctos,
1810 1695 1861 1728 vel
1898 1690 1900 1693 ’

1129 1759 1237 1795 doctis,
1274 1755 1483 1796 conjecerunt.
1543 1752 1680 1783 Amicus
1713 1759 1805 1780 meus
1830 1747 1864 1780 ‘J-

1129 1810 1230 1842 Jones
1243 1808 1402 1849 eleganter
1418 1807 1513 1837 etiam
1531 1803 1705 1846 proposuit:

1276 1887 1338 1913 quae
1350 1883 1468 1912 nequeat
1479 1878 1577 1904 ratione
1587 1876 1699 1902 evellere
1709 1875 1809 1901 doctus.-

1130 1945 1184 1976 sed
1199 1946 1266 1975 baec
1280 1949 1354 1974 sunt
1376 1941 1540 1980 audacula,
1564 1950 1623 1971 nec
1647 1949 1718 1970 eam
1740 1937 1864 1978 perspi-
1896 1917 1901 1976 ἶ

1129 1997 1278 2028 euitatem
1293 1995 1352 2026 sibi
1371 1994 1529 2024 vindicare
1546 1997 1689 2032 possunt,
1712 2001 1748 2021 ac
1763 1990 1866 2021 facili-

1128 2054 1238 2086 tatem,
1249 2047 1363 2088 quibus
1376 2051 1483 2077 nostra
1497 2043 1740 2076 commendatur
1755 2041 1863 2082 lectio,

1129 2099 1265 2131 Bentleii
1275 2099 1371 2129 etiam
1375 2097 1497 2138 judicio
1505 2096 1716 2135 comprobata.
1742 2093 1866 2132 Cicero,

1129 2151 1217 2191 epist.
1233 2150 1329 2180 famil.
1345 2149 1377 2179 ii.
1395 2152 1443 2180 16.
1468 2150 1491 2165 “
1511 2148 1606 2179 Ratio
1622 2146 1688 2186 ipsa
1703 2145 1868 2185 depulisset
1900 2144 1901 2149 ’

1131 2208 1154 2222 “
1171 2213 1280 2233 omnes
1303 2199 1489 2232 molestias”
1535 2197 1619 2229 Vide
1636 2197 1664 2228 ,i.
1696 2199 1766 2227 127.
1794 2197 1865 2226 144.

1131 2262 1163 2287 et
1177 2255 1260 2286 alibi.

1175 2308 1251 2338 Ver.
1266 2309 1339 2338 524.
1364 2307 1444 2337 Haec
1459 2309 1593 2335 natura:
1619 2299 1721 2332 animi
1739 2299 1868 2338 scilicet,
1900 2314 1901 2322 κ

1134 2358 1183 2389 vel
1199 2358 1324 2393 animae‚
1346 2356 1415 2397 jam
1438 2354 1588 2395 exposita,
1618 2352 1733 2384 talibus
1753 2349 1870 2391 princi·
1900 2363 1901 2367 ¹

1135 2410 1196 2450 piis
1208 2408 1387 2440 constantis.

1179 2462 1254 2492 Ver.
1269 2462 1343 2492 525.
1365 2460 1500 2500 corporis
1515 2463 1575 2490 est:
1602 2462 1645 2488 Π.
1659 2461 1703 2488 est
1718 2455 1871 2495 corporis,-
1897 2474 1902 2500 ,¹

1139 2513 1178 2544 V.
1195 2512 1242 2544 ed.
1264 2523 1387 2552 corpore
1401 2517 1443 2543 est
1449 2526 1460 2547 ‚·
1484 2509 1583 2548 unde,
1604 2516 1704 2548 quum
1719 2505 1820 2536 altera
1834 2512 1874 2535 ex
1898 2503 1901 2547 j

1136 2566 1259 2597 duabus
1273 2563 1370 2594 literis
1387 2562 1479 2594 facile
1494 2560 1574 2592 elabi
1587 2564 1721 2599 poterat,
1740 2567 1807 2588 non
1824 2556 1874 2587 in·
1899 2555 1901 2583 ἔ

1140 2623 1211 2657 epte
1226 2614 1460 2646 rescribendum
1475 2622 1540 2644 esse
1555 2609 1715 2651 conjicias:

1173 2691 1287 2722 Ipsaque
1296 2691 1418 2720 corporee
1429 2689 1470 2713 est
1480 2688 1571 2711 custos
1581 2686 1609 2710 et
1619 2689 1711 2709 caussa
1721 2680 1822 2707 salutis.
1863 2679 1865 2682 ’

1142 2753 1255 2785 Statim
1274 2757 1309 2783 Δ.
1324 2752 1419 2782 habet
1435 2751 1523 2788 Jam,
1539 2748 1609 2779 loco
1624 2748 1721 2779 Nam.

1182 2805 1257 2835 Ver.
1284 2807 1358 2835 328.
1378 2814 1412 2836 e.-
1437 2801 1479 2834 V.
1505 2799 1554 2833 ed.
1579 2797 1810 2832 esa-ewam.-
1835 2795 1871 2826 Σ.
1898 2791 1902 2808 ³

1139 2858 1289 2889 divellere.
