1912 3292
359 209 453 249 408

858 204 918 252 T.
972 205 1350 256 LUCRETII

502 333 629 382 Quod
648 333 888 392 plerumque
906 345 1070 394 putant,
1101 346 1142 381 et
1160 339 1290 382 multo
1309 341 1508 398 sanguine
1525 343 1683 386 moestei

365 410 471 447 1230
503 407 798 467 Conspargunt
816 426 926 462 aras;
957 412 1204 470 adolentque
1222 414 1366 457 altaria
1384 416 1519 468 donis,

504 482 565 524 Ut
583 483 772 540 gravidas
790 485 968 528 reddant
987 502 1136 530 uxores
1156 489 1310 531 semine
1328 490 1457 548 largo.

502 555 793 614 Nequidquam
811 559 952 601 divom
971 575 1143 612 numen,
1165 564 1403 620 sorteisque,
1425 564 1613 623 fatigant:

499 630 609 672 Nam
631 633 782 674 steriles
801 633 976 675 nimium
995 649 1131 677 crasso
1151 644 1246 678 sunt
1265 640 1420 681 semine
1437 641 1605 695 partim,

499 704 555 745 Et
573 705 729 760 liquido
747 715 899 761 praeter
910 708 1084 763 justum,
1106 712 1300 768 tenuique
1317 713 1506 756 vicissim.

361 781 466 817 1235
499 777 660 830 Tenue,
681 779 780 822 locis
799 782 896 837 quia
913 797 999 824 non
1019 785 1126 839 potis
1146 793 1206 827 est
1225 787 1408 845 adfigere
1427 788 1655 841 adhaesum,

497 851 691 908 Liquitur
710 870 762 896 ex
781 857 950 912 templo,
973 866 1014 900 et
1032 869 1267 915 revocatum
1290 863 1398 905 cedit
1417 864 1578 906 abortu.

496 925 680 970 Crassius
699 929 790 971 heic
810 945 953 986 porro,
984 935 1181 989 quoniam
1201 938 1431 979 concretius
1451 953 1573 994 aequo

351 1086 457 1112 contra
493 1082 588 1114 libros
627 1085 943 1118 universos—Totus
972 1099 1076 1120 versus

349 1131 437 1163 deest
452 1133 493 1164 V.
509 1134 557 1165 ed.

393 1183 476 1215 Ibid.
496 1192 588 1225 pater
614 1199 634 1218 a
661 1189 766 1228 gnatis
789 1190 978 1229 Adpelletur.
1025 1191 1075 1222 Sic

347 1233 490 1275 princeps
503 1237 677 1277 po'e'tarum,
697 1239 734 1270 11.
751 1245 785 1271 E.
804 1243 876 1272 408.
893 1240 987 1282 longe
1000 1252 1073 1272 sua-

348 1293 485 1317 wssrme:

385 1363 448 1389 Ουδε
467 1375 490 1390 τι
513 1376 557 1399 μιν
581 1367 720 1394 ΠΑΙΔΕΣ
740 1378 795 1397 ποτα
817 1379 910 1400 *revoca-a
931 1370 1076 1396 ΠΑΠΠΑ-

501 1414 642 1445 ΖΟΥΣΙΝ,

384 1457 483 1484 Ελθοντ’
495 1468 523 1486 εκ
533 1466 658 1496 stampato,
670 1473 717 1489 zm
731 1473 798 1492 αινκς
813 1464 945 1494 oniba-mx.

387 1524 470 1555 Ibid.
503 1528 608 1565 gnatis
636 1529 791 1559 dulcibus:
826 1534 863 1558 ut
891 1528 1070 1568 Euripffles,

345 1575 432 1606 Bstd.
451 1580 543 1608 1098.
560 1591 664 1609 ιπἐκνων
678 1586 816 1621 ’γλυκερον
825 1584 1008 1620 Elaea-rama·
1023 1587 1069 1611 at-

345 1637 406 1667 que
422 1627 588 1669 Virgilius,
603 1629 643 1660 ad
660 1630 735 1660 AEn.
750 1631 789 1660 iv.
803 1633 854 1660 55.

373 1701 428 1724 Nec
435 1700 517 1725 dulcis
523 1704 625 1733 gnatos,
636 1702 745 1727 veneris
756 1709 807 1728 nec
818 1702 943 1734 praemia,
956 1704 1036 1728 noris.

387 1757 461 1788 Ver.
480 1761 573 1789 1228.
593 1761 695 1799 exI'gat
718 1771 819 1791 (evam.
865 1760 968 1797 Idem,
995 1761 1071 1792 AEn.

342 1817 372 1838 x.
387 1811 438 1838 55.

688 1878 780 1904 Positis
791 1879 919 1912 inglorius
929 1880 1011 1905 armis

371 1915 468 1948 Exiget
480 1916 538 1942 heic
548 1924 680 1944 ‹mmm—.-

340 1978 387 2008 uti
402 1979 443 2009 ad
465 1981 675 2021 antiquiorem
703 1983 960 2024 orthographiam
985 1990 1068 2015 recte

340 2030 456 2071 legitur
470 2033 504 2063 in
521 2044 585 2064 uno
599 2034 688 2066 libro.

383 2083 456 2114 Ver.
473 2088 564 2118 1229.
583 2088 779 2128 plerumque:
797 2087 837 2118 de
851 2099 909 2119 suo
922 2088 1066 2128 editores,

331 2136 472 2176 plerique
478 2153 489 2174 ;
507 2138 655 2169 audacter
669 2140 764 2171 nimis
778 2146 809 2171 et
823 2141 942 2180 inscite,
958 2148 1066 2173 contra

335 2188 432 2219 libros
461 2190 629 2221 universos.
677 2192 878 2223 Constructio
907 2204 978 2224 vera
1007 2200 1062 2231 est,

336 2243 358 2258 ‘⁴
369 2242 554 2283 plerumque
568 2243 736 2274 hominum
744 2245 898 2285 putant:‘’
918 2246 1063 2277 consulas

334 2290 441 2322 doctos
452 2299 712 2326 commentatores
722 2295 762 2327 ad
776 2296 898 2327 Sallust.
913 2297 937 2329 J
939 2308 991 2339 ug.
1001 2298 1062 2328 xxi.

334 2346 365 2372 ΕΖ.
384 2342 431 2373 ed.
451 2345 535 2375 Cort.
551 2345 618 2376 Liv.
635 2346 692 2377 xlv.
711 2351 741 2379 9.
757 2351 943 2380 2.—multo:
970 2349 1007 2380 P.
1021 2349 1061 2380 V.

334 2392 382 2424 ed.
399 2395 438 2424 Β.
460 2397 588 2433 τηαῖιαες
613 2397 667 2428 sed
681 2398 872 2438 exemplaria
894 2399 946 2430 Pii
961 2400 1064 2440 prisca

331 2451 463 2485 receptae
480 2447 606 2478 lectioni
628 2449 853 2491 suffragantur,
879 2457 912 2482 et
934 2451 1063 2491 saepius-

333 2496 404 2527 cule
421 2497 586 2539 Virgilius,
602 2498 714 2530 eadem
729 2511 805 2532 usus
819 2501 986 2533 locutione.
1004 2503 1060 2533 Ni-

336 2549 465 2586 mirum,
481 2557 551 2590 post
565 2561 662 2592 quarn
677 2553 781 2584 finalis
797 2554 885 2585 litera
909 2554 992 2585 vocis
1014 2565 1061 2586 se-

333 2601 457 2641 quentis
492 2602 680 2641 adhaesisset,
718 2604 862 2636 librarius
898 2607 1063 2637 confestim

331 2654 439 2683 multos
454 2659 586 2684 verteret
600 2654 634 2686 in
655 2657 776 2693 multas,
799 2662 836 2687 ut
857 2656 941 2698 leges
955 2667 1061 2699 gram-

332 2703 454 2733 maticae
469 2711 654 2736 constarent.

365 2754 441 2785 Ver.
459 2759 549 2788 1230.
565 2770 647 2795 aras,
663 2761 778 2791 altaria
787 2774 797 2790 :
816 2760 959 2791 conferas
970 2761 1059 2802 Virg.

331 2805 406 2836 AEn.
429 2805 461 2836 ii.
494 2811 565 2838 514.
598 2813 670 2842 515.
705 2811 769 2842 viii.
794 2815 864 2842 284.
890 2815 960 2844 285.
1007 2813 1058 2843 Sic

327 2857 498 2893 Arnobius,
509 2857 561 2889 lib.
572 2860 621 2891 vii.
638 2871 666 2900 p.
684 2865 803 2893 222.—“
813 2875 878 2893 arae
889 2863 966 2900 istae,
978 2874 1057 2906 quas

327 2910 350 2928 ‘⁴
365 2907 474 2944 dicitis,
489 2910 667 2951 altariaque
682 2913 748 2943 haec
762 2912 968 2953 pulclu·a—.‘”

1174 1093 1255 1124 Ibid.
1292 1096 1414 1127 adolent
1449 1097 1565 1126 altaria
1601 1097 1698 1128 donis.
1753 1097 1845 1129 Idem

1120 1146 1325 1183 Mantuanus,
1354 1148 1428 1179 ibid.
1457 1159 1484 1179 v.
1512 1151 1562 1180 54.
1593 1152 1616 1168 “
1632 1154 1848 1192 strueremque

1119 1200 1142 1216 “
1159 1198 1223 1229 suis
1237 1201 1352 1230 altaria
1371 1200 1502 1232 donis:”
1525 1205 1556 1231 et
1569 1200 1622 1232 vii.
1640 1204 1690 1232 71.
1715 1205 1737 1221 “
1753 1203 1846 1234 castis

1119 1253 1141 1268 “
1156 1252 1258 1282 adolet
1282 1250 1360 1281 dum
1385 1253 1500 1282 altaria
1527 1251 1646 1283 tedis:”
1677 1263 1718 1283 ne
1745 1259 1846 1285 totam

1117 1303 1256 1342 phrasim
1271 1303 1408 1334 Lucretii
1423 1314 1488 1334 non
1502 1304 1683 1336 insumeret.
1728 1305 1772 1336 Et
1786 1316 1845 1336 no·

1118 1354 1214 1386 tanda
1243 1362 1290 1385 est
1319 1355 1496 1396 Virgiliana
1522 1356 1735 1396 interpretatio
1763 1357 1846 1388 vocis

1117 1410 1226 1444 adolet,
1249 1407 1289 1438 ad
1306 1408 1380 1438 AEn.
1396 1408 1437 1438 xi.
1453 1411 1504 1440 50.

1149 1482 1210 1506 Fors
1221 1484 1248 1506 ct
1259 1484 1323 1506 vota
1334 1481 1410 1511 facit,
1421 1480 1589 1512 cumulatque
1598 1481 1690 1506 altaria
1702 1481 1790 1507 donis:

1114 1545 1133 1574 i.
1149 1556 1174 1575 e.
1197 1555 1328 1575 cresccre
1351 1544 1434 1581 facit,
1458 1543 1507 1574 vel
1528 1546 1711 1581 adolescere;
1740 1545 1842 1583 struit,

1114 1601 1218 1635 auget,
1243 1597 1358 1626 adolet:
1385 1604 1458 1625 cave
1479 1594 1576 1633 dieas,
1601 1605 1675 1625 cum
1690 1595 1840 1635 interpre-

1113 1654 1181 1677 tum
1197 1647 1302 1688 vulgo‚
1330 1661 1363 1678 ero
1385 1648 1505 1677 adolere
1522 1647 1607 1678 idem
1621 1657 1687 1678 esse
1701 1657 1775 1678 cum
1790 1651 1840 1680 in-

1113 1700 1247 1730 cendere.
1293 1698 1360 1729 Nos
1374 1698 1498 1729 videndi
1513 1699 1553 1730 ad
1569 1709 1595 1730 v.
1611 1702 1630 1731 7
1634 1703 1684 1732 98.

1159 1750 1232 1780 Ver.
1251 1752 1341 1780 1252.
1363 1748 1460 1781 divom
1477 1761 1589 1782 numen
1595 1750 1749 1791 fatigant.
1792 1751 1839 1782 Si-

1114 1800 1231 1831 militer
1248 1800 1354 1839 Silius,
1372 1801 1454 1832 Pun.
1469 1802 1508 1832 vi.
1524 1804 1596 1833 575.

1146 1875 1242 1900 Oscula
1252 1873 1405 1900 vulneribus
1416 1874 1516 1907 figunt,
1524 1875 1815 1907 superosquesatigant:

1112 1946 1167 1976 ubi
1204 1946 1482 1977 Drakenborchius
1517 1947 1599 1977 hanc
1636 1946 1773 1986 phrasim
1810 1952 1842 1977 et

1112 1996 1201 2028 docte
1218 2004 1250 2028 et
1271 1997 1429 2038 eleganter
1450 1996 1631 2035 illustravit3
1654 2007 1749 2038 quem
1763 2007 1838 2028 con-

1111 2048 1202 2079 sulas.

1153 2107 1229 2138 Ver.
1250 2110 1342 2139 1255.
1376 2109 1510 2150 adfigere
1539 2110 1714 2139 adhaesum:
1750 2108 1838 2148 quasi

1110 2161 1133 2177 “
1149 2159 1274 2199 affigere
1303 2158 1481 2198 particulas,
1511 2164 1597 2198 aptas
1625 2158 1838 2195 adhaesioni;''

1107 2210 1232 2240 insolito
1262 2209 1387 2240 dicendi
1415 2219 1542 2250 genere:
1579 2209 1647 2240 redi
1668 2209 1710 2240 sis
1731 2215 1839 2240 autem

1106 2261 1147 2292 ad
1162 2261 1204 2292 iii.
1220 2264 1294 2291 582.
1341 2260 1551 2299 Mantuanus,
1569 2270 1637 2301 geo.
1653 2259 1684 2291 ii.
1699 2263 1772 2292 518.

1167 2351 1446 2359 ———-
1457 2344 1518 2367 nee,
1529 2337 1631 2362 semine
1639 2338 1724 2368 jacto,

1168 2380 1332 2405 concretam
1344 2378 1446 2411 patitur
1456 2377 1567 2402 radicem
1578 2376 1688 2410 affigere
1699 2379 1792 2402 terrae.

1108 2442 1201 2474 Adeo
1226 2448 1264 2473 ut
1287 2452 1359 2473 vera
1379 2440 1549 2482 virgiliani
1571 2440 1713 2471 versiculi
1736 2440 1834 2471 inter-

1108 2493 1239 2533 pretatio
1264 2503 1328 2523 non
1357 2492 1505 2524 Lucretio
1534 2491 1640 2522 minus
1668 2490 1834 2527 indicetur,

1106 2555 1202 2585 quam
1219 2543 1404 2582 Prudenfio,
1419 2548 1500 2574 cont.
1519 2543 1640 2583 Symm.
1654 2542 1687 2574 ii.
1702 2545 1776 2575 981.
1801 2542 1835 2573 iu

1106 2595 1176 2627 loco
1191 2595 1354 2626 Venerum
1367 2595 1560 2635 poeticarum
1575 2592 1787 2625 refertissimo:

1120 2669 1232 2694 Seminis
1242 2671 1289 2694 aut
1300 2668 1387 2694 teneri
1397 2671 1508 2701 turgens
1517 2668 1584 2693 dum
1596 2668 1731 2700 germinat
1741 2665 1834 2696 herba,

1120 2708 1261 2734 continuis
1272 2708 1413 2739 nimiisque
1426 2708 1494 2740 perit
1506 2707 1651 2733 constricta
1661 2705 1773 2738 pruinis,

1120 2749 1174 2774 Nec
1186 2748 1255 2780 potis
1265 2751 1306 2773 est
1315 2751 1427 2773 tenuem
1440 2746 1525 2772 telluri
1536 2746 1634 2779 affigere
1643 2745 1750 2778 fibram.

1104 2811 1253 2852 Heynius
1276 2811 1373 2852 igitur
1395 2821 1460 2841 non
1482 2808 1658 2841 audiendus
1683 2807 1836 2840 esta—De

1101 2874 1194 2894 sensu
1210 2863 1295 2894 verbi
1309 2864 1383 2894 locis
1399 2862 1433 2892 iu
1447 2862 1507 2892 hoc
1522 2870 1621 2899 versu,
1642 2859 1763 2892 dictum
1777 2857 1833 2890 ali-

1101 2915 1143 2947 bi.
