1912 3292
355 186 415 229 72

503 310 745 366 Subscipere
763 311 963 356 inmaneis
982 316 1164 366 morbos,
1185 317 1416 372 durumque
1436 316 1615 358 laborem
1627 333 1645 366 ς·

504 384 571 426 Sic
591 385 775 426 animum
796 401 913 428 curas
933 389 1074 440 aereis,
1100 390 1352 446 luctumque,
1381 399 1634 447 metumque:

503 457 600 507 Qua
622 474 665 500 re
685 459 927 516 participem
945 462 1014 504 leti
1034 478 1197 520 quoque
1217 465 1410 506 convenit
1430 480 1526 506 esse.

562 532 678 581 Quin
699 534 837 585 etiam,
868 535 1022 578 morbis
1041 537 1085 578 in
1104 539 1288 594 corporis
1308 539 1422 579 avius
1442 547 1553 580 errat

390 609 470 646 465
505 605 623 661 Saepe
643 607 827 658 animus51
859 609 1058 653 dementit
1077 611 1203 662 enim,
1231 611 1439 668 deliraque
1459 611 1584 654 fatur:

358 763 381 779 “
397 761 549 801 originem
561 767 746 802 monstrant,
760 769 791 796 et
801 766 990 799 detrimenta
1001 777 1084 800 mor-

360 816 382 830 “
400 818 464 842 tem
479 818 572 854 atque
586 814 748 846 interitum
764 820 969 857 probant—.‘'

402 871 477 902 Ver.
493 876 566 904 459.
587 879 621 904 ut
637 875 723 905 abest
739 875 838 908 Vind.
857 878 895 908 V.
913 879 960 909 ed.
978 885 1018 909 n.
1036 886 1082 910 Ω.

358 922 487 954 Excidit
508 934 622 963 nempe
646 927 686 956 ob
708 926 948 959 similitudinem
970 940 1084 969 praece-

358 974 461 1015 dentis
475 975 678 1016 et.-—fatisci:
697 978 740 1008 sic
755 978 793 1009 P.
811 979 905 1010 Vind.
923 981 964 1011 V.
984 982 1031 1012 ed.
1048 983 1085 1012 B.

362 1026 401 1057 Ο.
419 1031 453 1057 Δ.
471 1033 511 1057 Π.
530 1032 564 1059 Σ.
581 1034 625 1059 Ω.
639 1028 740 1069 saetis
762 1036 868 1062 autem
890 1032 927 1062 L.
952 1033 1000 1062 M.
1046 1032 1087 1063 In

359 1078 503 1119 margine
516 1079 563 1109 M.
576 1080 722 1111 scribitur
724 1081 864 1122 fatiscit,
880 1088 916 1113 ut
932 1083 964 1113 in
981 1083 1020 1120 Q.
1031 1093 1087 1114 cu-

355 1130 409 1170 jus
424 1129 565 1160 lectionis
588 1131 668 1162 Pius
682 1132 778 1163 etiam
800 1134 980 1165 recordatus
994 1141 1041 1165 est
1054 1135 1088 1164 in

360 1181 453 1212 notis:
481 1181 535 1212 sed
557 1182 664 1213 minus
685 1183 812 1224 elegans
833 1185 966 1224 videtur,
989 1197 1088 1227 quum

359 1232 588 1274 simplicitatem
602 1236 841 1267 constructionis
855 1238 966 1268 turbet.
992 1238 1090 1269 Recte

359 1283 457 1325 igitur
472 1285 549 1316 Pius
570 1292 602 1316 et
624 1286 871 1328 Havercampu5‚
883 1289 1014 1329 fatisci;
1041 1300 1089 1320 ra-

360 1339 479 1370 tionem
494 1346 668 1380 structurae,
689 1343 722 1372 ni
737 1342 842 1382 fallor,
857 1343 974 1374 interea
989 1344 1088 1375 nesci-

361 1397 456 1422 entes.
503 1395 595 1424 Fessa
626 1393 742 1424 scilicet
770 1401 816 1424 est
846 1403 935 1425 casus
960 1401 1088 1436 quartus

361 1442 491 1482 pluralis
521 1444 658 1482 numeri,
688 1451 853 1486 utramque
876 1456 984 1476 vocem
1013 1455 1089 1476 con-

358 1494 471 1534 juncte
485 1495 664 1534 respiciens,
688 1499 826 1528 animam
843 1508 878 1528 ac
893 1509 1018 1538 corpus.-
1044 1499 1089 1528 vi-

360 1544 436 1575 deas
450 1557 501 1577 me
516 1547 556 1577 ad
571 1547 591 1577 i.
606 1551 678 1580 889.
703 1548 757 1579 Ad
778 1549 915 1580 eundem
938 1550 1004 1581 fere
1018 1558 1087 1581 mo'-

361 1595 439 1626 dum
454 1607 487 1628 se
505 1598 650 1629 Catullus
664 1600 772 1639 gessit,
787 1601 828 1632 ud
842 1602 913 1633 lxiv.
931 1607 1001 1634 298.

420 1675 481 1698 Haec
490 1675 593 1700 circum
605 1677 689 1708 sedes,
707 1678 761 1704 late
771 1682 901 1710 contexta,
917 1680 1026 1706 locavit.

361 1744 445 1775 Nam
466 1747 606 1787 nomina,
629 1760 698 1790 quae
722 1751 944 1790 praecesserint,
966 1751 1086 1781 arbores

360 1802 483 1827 tantum
499 1806 585 1837 sunt,
608 1800 753 1832 feminini
769 1803 901 1843 generis.

405 1847 484 1878 Ibid.
506 1861 568 1880 cem)
579 1850 668 1891 fessa
680 1853 813 1893 fatisci:
839 1854 859 1885 i.
875 1865 900 1885 e.
925 1858 948 1873 ‘⁶
963 1855 992 1885 vi
1007 1861 1086 1886 tem-

359 1901 381 1915 “
398 1899 492 1936 poris,
515 1900 630 1931 viribus
652 1903 814 1942 exhausta,
837 1911 868 1934 et
892 1906 1087 1945 labefactata,

359 1954 383 1968 “
399 1952 487 1991 quasi
503 1952 597 1984 rimas
611 1955 741 1995 agere:”
765 1967 838 1986 nam
861 1958 1008 1988 translata
1030 1965 1086 1994 est,

359 2002 482 2041 opinor,
497 2004 597 2035 oratio
610 2007 650 2036 ab
664 2006 812 2044 aedificiis,
835 2009 892 2038 aevi
909 2008 1002 2039 dente
1016 2020 1084 2040 cor-

360 2054 457 2093 ruptis
486 2062 580 2096 atque
608 2059 839 2089 corruentibus:
876 2059 983 2090 confer
1012 2071 1083 2091 nos-

359 2112 456 2145 trum,
481 2108 519 2138 ad
542 2119 569 2139 v.
591 2112 663 2141 308.
688 2116 720 2140 et
741 2121 892 2152 cognosce
914 2113 1083 2144 vanitatem

358 2159 598 2200 emendationis,
631 2162 733 2193 Fabro
761 2163 914 2204 cogitatae,
934 2166 1083 2207 fissafa-

358 2211 446 2242 τίει-ι’.-
472 2211 505 2242 in
527 2223 623 2253 quam
639 2219 757 2251 tamen,
789 2222 826 2245 ut
847 2226 957 2247 verum
977 2217 1083 2254 fatear,

359 2268 484 2301 egomet
499 2263 539 2294 ad
547 2265 633 2295 hunc
645 2275 766 2296 versum
776 2274 886 2306 sponte
897 2267 1082 2307 incideram;

359 2313 446 2353 quasi
469 2315 568 2346 verbis
583 2316 694 2347 inscite
716 2319 898 2350 consociatis
919 2319 1084 2352 Lucretius

359 2371 512 2398 uteretur:
543 2368 597 2399 sed
619 2370 722 2400 statim
749 2381 800 2402 me
823 2372 978 2411 poenituit,
1002 2373 1086 2404 Pris-

359 2417 441 2448 ciani
465 2418 599 2459 judicio‚
637 2432 761 2453 summe
790 2423 1006 2464 improbando,
1044 2426 1084 2457 ad

357 2480 491 2510 gramm.
510 2471 561 2503 lib.
573 2473 636 2504 viii.
651 2484 680 2513 p.
693 2468 764 2507 82b5}
780 2475 954 2515 deceptum.
979 2477 1083 2508 Nimi-

357 2531 440 2560 rum,
465 2523 590 2554 Nonius
616 2524 798 2564 Marcellus,
830 2528 868 2558 iv.
892 2530 962 2559 197.
991 2530 1085 2568 probe

354 2575 621 2617 docuit-fatiscere
635 2590 702 2610 esse
715 2584 852 2621 aperire:
879 2582 900 2612 i.
927 2593 952 2612 e.
977 2582 1010 2612 in
1034 2582 1086 2613 fis-

356 2636 448 2658 suras
462 2629 546 2660 solvi.
592 2631 693 2672 Atqui
709 2632 862 2673 Virgilius
875 2632 969 2672 adsit,
985 2643 1053 2675 geo.
1064 2634 1084 2664 i.

358 2682 429 2710 180.

690 2761 765 2786 eret-⁷2
776 2762 908 2787 solidanda
919 2763 1019 2793 tenaci,

370 2795 410 2821 Ne
421 2796 535 2820 subeant
547 2795 650 2828 herbas,
667 2806 719 2825 neu
731 2801 841 2832 pulvere
853 2803 1050 2835 victasatiscat:

351 2865 370 2898 i·
387 2877 414 2897 e.
433 2874 598 2909 putrescat,
624 2872 793 2911 aperiatur,
816 2873 912 2906 rimas
927 2882 1011 2916 agat,
1035 2875 1083 2906 vel

860 181 920 229 T.
974 182 1351 233 LUCRETII

1096 2939 1117 2964 1⁰3

1128 771 1272 807 solmam,
1302 774 1338 800 ut
1365 769 1499 800 Servius.
1546 769 1614 799 Nec
1639 768 1760 800 minore
1781 778 1855 801 em

1129 822 1314 862 proprietate
1328 822 1420 861 po'e'ta
1441 831 1584 852 summus
1599 831 1706 852 vocem
1722 821 1856 852 adhibu-

1129 874 1166 912 it,
1190 874 1229 904 ad
1244 884 1312 915 geo.
1327 873 1358 904 ii.
1376 877 1447 905 ‘249-
1472 874 1546 903 AEn.
1564 872 1583 904 i.
1601 876 1674 904 123.
1699 873 1770 915 (ubi
1787 873 1857 904 Ser-

1128 924 1171 954 vii
1192 924 1355 964 expositio,
1379 927 1402 942 ‘⁸
1420 925 1549 956 Hiscere
1567 930 1674 954 autem
1697 919 1883 964 ‹meri-ref*

1129 975 1296 1006 dictione
1287 986 1321 1005 ln
1347 974 1489 1006 absoluto
1511 985 1616 1014 sensu,
1639 975 1720 1006 sieut
1735 971 1881 1006 Nouius&

1132 1026 1153 1056 l.
1171 1036 1194 1056 c.
1212 1026 1272 1062 usi,
1295 1026 1386 1056 nullo
1400 1026 1496 1057 modo
1515 1027 1713 1058 correctionis
1726 1026 1879 1081 indige&

1132 1084 1163 1108 et
1177 1087 1220 1108 rx.
1236 1081 1310 1110 809.
1332 1078 1385 1108 ubi
1401 1088 1507 1108 veram
1523 1079 1665 1109 vocabuli
1677 1084 1884 1118 potestatem&

1132 1130 1262 1169 pulchre
1276 1129 1410 1169 pervidit
1428 1134 1460 1160 et
1481 1130 1636 1160 enarravit
1658 1129 1780 1170 Heynii
1799 1129 1878 1161 ele-⁴

1133 1184 1251 1223 gantia.
1299 1182 1388 1213 Hinc
1403 1182 1537 1221 Plinius,
1554 1189 1618 1214 nat.
1636 1183 1706 1214 hist.
1721 1183 1795 1214 xvii.
1813 1179 1876 1214 11.?
1901 1211 1904 1215 .

1133 1235 1202 1265 init.
1226 1235 1436 1276 defatiscentes
1452 1237 1576 1266 arbores
1598 1235 1743 1275 opposuit
1752 1237 1872 1276 firmi·-
1898 1270 1903 1273 ,

1133 1289 1193 1317 tati
1207 1287 1362 1317 arborum.
1409 1286 1536 1317 Glossas
1550 1293 1668 1317 veteres
1683 1285 1716 1318 in
1731 1287 1864 1318 transitu
1900 1291 1902 1296 '

1133 1338 1300 1378 corrigam:
1328 1341 1351 1356 “
1368 1339 1505 1376 Fati-sco,
1532 1338 1717 1378 aron-smus
1762 1339 1902 1379 Legerss

1133 1394 1380 1421 AHOKAMNn:
1408 1389 1615 1421 sedinfinitus
1625 1399 1738 1428 essem,
1753 1391 1778 1420 si
1794 1391 1877 1429 plu-s
1900 1400 1902 1406 ¹

1133 1451 1168 1471 ra
1182 1441 1293 1471 vellem
1309 1441 1462 1482 persequi,
1485 1441 1534 1472 vel
1554 1441 1587 1472 in
1611 1441 1791 1472 auctoribus
1809 1451 1873 1490 su‘}

1133 1505 1187 1534 per
1201 1496 1258 1525 hac
1269 1504 1343 1525 voce
1359 1495 1560 1534 explicandis,
1576 1496 1626 1526 vel
1637 1495 1782 1526 notandis
1792 1505 1862 1535 per-
1900 1495 1901 1516 ἶ

1132 1546 1241 1577 multis
1255 1548 1409 1578 erroribus
1424 1554 1718 1579 commentatorum.

1176 1599 1257 1630 Ibid.
1268 1599 1402 1638 fatisci:
1439 1605 1475 1630 ut
1500 1599 1647 1631 similiter
1675 1600 1714 1631 de
1740 1596 1868 1641 comare
1898 1643 1900 1646 y

1133 1649 1338 1688 Prudentius,
1361 1651 1495 1682 cathem.
1511 1651 1549 1682 vi.
1568 1654 1639 1683 149.

1857 1691 1866 1709 1

1285 1735 1375 1766 Corpus
1386 1733 1579 1766 licetfatiscens
1861 1755 1867 1769 ,
1898 1745 1899 1753 ¹

1284 1774 1375 1804 Jaceat
1386 1773 1485 1799 recline
1496 1773 1629 1805 paullum,

1285 1812 1423 1837 Christum
1434 1816 1526 1839 tamen
1538 1814 1586 1838 sub
1598 1813 1655 1846 ipso

1287 1852 1480 1877 Meditabimur
1488 1859 1594 1885 sopore.

1856 1906 1862 1919 ἱ

1134 1932 1285 1963 Confer-as
1299 1938 1448 1972 praeterea
1465 1933 1609 1970 Statium,
1633 1933 1674 1964 ad
1691 1933 1790 1965 Theb.
1806 1933 1859 1967 rii.
1896 1931 1897 1945 ³

1132 1987 1143 2013 l
1152 1987 1204 2014 40.

1855 2016 1866 2032 ὲ

1172 2044 1249 2074 Ver.
1267 2047 1338 2075 460.
1354 2046 1526 2077 videamus:
1546 2046 1586 2076 V.
1599 2046 1646 2077 ed.
1664 2053 1704 2078 n.
1716 2049 1862 2084 videmus,
1894 2037 1896 2046 ,

1126 2101 1221 2126 —ue.·
1248 2095 1285 2125 P.
1301 2098 1334 2126 id
1339 2111 1349 2132 ;
1370 2102 1411 2127 11.
1427 2103 1473 2127 et:
1493 2107 1590 2138 quam
1605 2097 1786 2128 varietatem
1801 2107 1862 2138 μου,

1127 2145 1209 2185 perit
1230 2146 1374 2186 ignorata
1396 2148 1584 2178 constructio
1599 2150 1777 2187 verborum,
1798 2159 1857 2180 no-
1894 2158 1895 2162 ¹

1128 2197 1314 2237 bismetipsis
1330 2197 1371 2228 ad
1385 2207 1472 2228 veras
1490 2199 1711 2239 grammaticas
1724 2199 1859 2236 ratione}
1873 2219 1880 2227 ι

1127 2247 1237 2286 primis
1262 2259 1348 2278 nunc
1376 2249 1561 2281 evolvenda:
1589 2253 1611 2269 “
1629 2251 1706 2281 Huc
1728 2250 1859 2290 accedit,

1133 2301 1156 2316 “
1172 2299 1218 2329 uti
1235 2299 1396 2330 videamus
1421 2300 1565 2331 animum
1590 2301 1746 2342 suscipere
1770 2311 1859 2345 curm⁸
1891 2299 1893 2307 ¹

1132 2353 1155 2368 “
1172 2350 1227 2388 sic,
1243 2357 1278 2381 ut
1292 2353 1429 2383 videmus
1443 2362 1555 2392 corpus
1569 2353 1674 2393 ipsum
1689 2355 1839 2386 morbos.”
1852 2383 1858 2398 ,
1892 2364 1893 2368 ’

1175 2413 1249 2443 Ver.
1262 2417 1334 2445 461.
1348 2416 1492 2446 laborem.-
1513 2415 1557 2446 sic
1569 2416 1606 2447 P.
1618 2416 1660 2447 V.
1671 2416 1719 2448 ed.
1733 2417 1774 2448 Ο.
1785 2416 1858 2457 solis

1127 2463 1226 2494 Vind.
1243 2465 1282 2500 Q.
1299 2470 1333 2495 Δ.
1353 2472 1393 2496 Π.
1410 2471 1444 2498 Σ.
1467 2473 1513 2497 Ω..
1526 2468 1658 2499 dolorem
1665 2483 1676 2504 ‚·
1704 2478 1742 2498 ex
1761 2468 1856 2501 intere

1128 2515 1300 2554 pretatione
1315 2516 1445 2548 scilicet:
1473 2517 1542 2548 vide
1554 2528 1611 2548 nos
1621 2528 1725 2558 supra,
1740 2519 1781 2550 ad
1795 2528 1857 2555 ven
1885 2534 1887 2538 ¹

1128 2568 1201 2597 567.
1217 2567 1330 2603 meteri,
1347 2567 1566 2608 Havercampo
1580 2569 1744 2607 referente,
1762 2581 1857 2610 pavo,

1128 2629 1204 2648 rem.
1251 2618 1364 2657 Aliter,
1393 2622 1544 2661 suscipere
1566 2622 1696 2652 dolorem
1722 2623 1855 2660 probum
1887 2651 1890 2663 ἶ

1131 2675 1189 2707 est,
1212 2680 1248 2700 ac
1263 2677 1429 2702 venustum
1437 2684 1447 2709 ;
1468 2678 1505 2702 ut
1525 2671 1684 2710 Justinus,
1707 2673 1761 2704 xii.
1783 2673 1803 2704 i.
1822 2674 1854 2709 ὁ
1888 2704 1889 2709 ,

1130 2724 1152 2739 “
1170 2722 1294 2758 Quibus
1309 2723 1391 2754 varie
1405 2723 1544 2760 affectus,
1562 2725 1634 2764 plus
1650 2730 1757 2755 tamen
1775 2725 1853 2759 ἰωΙὸ-,μ

1128 2775 1151 2791 “
1167 2775 1232 2811 tiae,
1255 2774 1388 2814 cognitis
1413 2775 1566 2806 mortibus
1592 2775 1729 2806 duorum
1756 2785 1851 2811 ων,
1885 2771 1888 2781 “

1129 2828 1151 2844 “
1167 2825 1269 2856 lorum
1285 2836 1407 2867 regum,
1422 2837 1518 2868 quam
1532 2829 1644 2859 doloris
1659 2827 1765 2858 amissi
1782 2833 1852 2861 clm
1882 2822 1887 2866 l

1129 2879 1151 2895 “
1170 2877 1345 2918 Zopyrioue
1379 2877 1542 2916 exercitus,
1580 2878 1743 2917 suscepit’'
1791 2874 1855 2911 UH
