1912 3292
300 182 363 227 74·

804 170 866 222 T.
910 171 1289 225 LUCRETII

441 303 538 355 Qua
558 320 604 348 re
622 306 806 348 animum
825 322 990 364 quoque
1008 308 1172 351 dissolvi
1192 308 1358 358 fateare,
1381 322 1543 350 necesse
1569 316 1650 358 oet3

444 379 794 436 Quandoquidem
812 389 1031 436 penetrant
1050 383 1094 423 in
1116 397 1211 424 eum
1232 383 1423 440 contagia
1443 383 1589 424 morbi.

445 453 571 505 Nam,
592 454 711 496 dolor
730 469 778 497 ac
796 456 980 507 morbus,
1001 457 1069 499 leti
1089 456 1309 498 fabricator
1329 464 1500 513 uterque
1520 464 1594 498 est:

448 527 680 571 Multorum
700 530 826 572 exitio
844 531 1058 586 perdoctei
1078 532 1196 588 quod.
1212 545 1350 572 sumus
1370 539 1480 572 ante.

331 604 414 643 475

502 603 711 660 Denique,
733 619 806 646 cor
824 605 1042 648 hominurn
1066 621 1193 662 quom
1213 606 1298 646 vini
1319 605 1378 645 vis
1398 605 1629 660 penetravit

449 677 583 727 Acris,
605 686 646 719 et
665 679 708 719 in
727 693 850 721 venas
869 679 1051 722 discessit
1071 680 1225 722 diditus
1245 678 1392 728 ard0r3

309 841 415 863 merus
433 838 596 872 nuncupat
620 833 702 865 §mov
724 845 866 876 oeaeupom·
891 840 923 866 et
946 835 1036 867 Mos-

312 885 397 920 chus,

434 965 518 994 μαλε
527 971 637 997 papo»,
651 970 789 997 ατερμονι,
812 972 933 998 νήγρετον,
955 963 1038 990 ὕπνοι·

312 1027 466 1058 Horatius
480 1027 624 1069 denique,
642 1035 824 1069 perpetuum
839 1040 985 1070 soporem.

354 1081 429 1112 Ver.
445 1085 516 1113 468.
539 1093 653 1123 neque:
686 1087 722 1113 Δ.
737 1094 918 1116 nea—nec.-
943 1085 987 1115 ita
1002 1084 1040 1115 P.

314 1133 354 1165 V.
369 1133 417 1165 ed.
434 1134 481 1164 M.
499 1139 534 1165 Δ.
552 1139 586 1165 Σ.
603 1141 650 1165 Ω.
674 1134 781 1176 vulgo,
804 1147 912 1176 neque.

356 1185 437 1215 Ibid.
459 1187 583 1216 exaudit
598 1196 680 1217 voces
694 1193 874 1218 revocantes.
899 1187 951 1217 Ita
969 1186 1041 1217 Vir-

314 1236 417 1278 gilius,
441 1236 481 1267 ad
496 1237 570 1267 AEn.
586 1236 626 1267 iv.
640 1240 714 1268 460.

375 1310 444 1334 Hinc
453 1309 575 1334 exaudiri
585 1317 663 1335 vocer
672 1313 700 1336 et
711 1311 794 1336 verba
805 1311 927 1336 vocantis

380 1350 439 1375 Visa
450 1351 572 1375 viri—.

358 1414 433 1445 Ver.
449 1417 521 1446 471.
525 1415 652 1456 fateare
667 1416 754 1446 abest
763 1415 806 1446 V.
824 1415 874 1446 ed.
891 1415 982 1446 Dant
986 1415 1045 1457 sa·

317 1472 390 1504 tere,
405 1466 442 1497 L.
459 1467 507 1497 M.

362 1518 437 1549 Ver.
455 1522 526 1550 475.
551 1519 674 1559 Nempe
689 1520 748 1551 hoc
770 1519 847 1550 dicit
861 1519 1042 1550 Lucretius:

320 1575 342 1590 ‘⁴
359 1569 482 1600 Eadem
511 1570 716 1610 experientia,
745 1581 799 1611 per
829 1581 925 1612 quam
953 1571 1046 1602 disci-

320 1626 343 1641 “
359 1630 442 1658 mus,
464 1621 607 1651 animum
623 1631 688 1651 non
703 1622 810 1652 minus
825 1623 938 1653 tentari
953 1628 1046 1663 atque

320 1677 343 1691 ‘⁴
359 1671 457 1712 affligi
472 1672 647 1711 doloribus,
671 1684 767 1714 quam
795 1675 913 1704 morbis
935 1684 1049 1713 corpus

320 1725 343 1744 “
359 1722 495 1753 ostendit
520 1723 647 1763 insuper
670 1734 708 1754 ex
728 1724 777 1754 his
799 1725 915 1755 caussis
938 1735 1050 1765 corpus

321 1781 344 1795 ‘⁶
361 1773 500 1804 interire:
525 1773 598 1804 ideo
612 1775 823 1816 consequitur,
847 1776 992 1807 animum
1008 1787 1050 1806 ae-

322 1830 344 1844 ‘⁶
361 1836 421 1867 que
452 1826 590 1863 interire,
628 1826 685 1857 sufi
721 1828 908 1869 aegritudine
937 1829 1052 1868 pariter

321 1883 344 1897 “
361 1877 573 1908 confectum.‘’
609 1879 782 1918 Arnobius,
805 1879 858 1910 lib.
881 1881 913 1911 ii.
940 1891 972 1920 p.
998 1884 1049 1912 52.

322 1934 345 1950 ‘⁸
363 1929 444 1964 Quis
459 1936 564 1960 autem
580 1930 748 1961 hominum
770 1941 835 1961 non
850 1931 943 1968 videt,
967 1931 1050 1973 quod

323 1985 346 2002 ‘⁸
363 1981 403 2010 sit
428 1981 616 2018 immortale,
640 1982 725 2023 quod
754 1983 895 2023 simplex,
925 1983 1051 2014 nullum

323 2035 346 2054 ⁴‘
363 2043 451 2072 posse
474 2033 614 2064 dolorem
631 2034 814 2067 admittere?
840 2035 925 2075 quod
947 2042 1054 2066 autem

323 2088 346 2106 ⁴⁶
363 2085 475 2115 sentiat
489 2085 640 2123 dolorem,
656 2086 922 2118 immortalitatem
940 2089 1054 2118 habere

327 2141 349 2156 ‘⁴
366 2146 429 2166 non
445 2136 577 2176 posse?''

367 2187 442 2218 Ver.
455 2191 526 2219 474.
542 2191 621 2229 quod
630 2203 640 2219 .·
660 2188 757 2220 vind.
771 2201 845 2230 que;
862 2188 959 2228 forte,
970 2201 1051 2231 quae:

326 2238 369 2270 V.
383 2239 430 2270 ed.
448 2247 488 2270 Π.
505 2251 614 2280 qucum
643 2240 735 2279 forte,
752 2253 840 2282 quom
857 2242 1010 2273 volebant.

368 2290 442 2320 Ver.
458 2294 530 2322 475.
555 2303 606 2323 cor
630 2294 804 2324 hominum:
841 2293 885 2324 ita
907 2294 1055 2325 exhibent.

324 2341 362 2372 P.
380 2341 419 2372 V.
435 2341 481 2372 ed.
500 2342 537 2372 B.
556 2343 595 2373 Ο.
614 2349 648 2374 Δ.
667 2350 708 2375 Π.
727 2349 761 2376 Σ.
780 2351 824 2376 Ω.
870 2345 995 2383 Caeteri,
1019 2351 1056 2376 ut

325 2391 468 2433 vulgares
481 2393 645 2433 editiones,
668 2406 724 2426 cur
739 2397 889 2433 lzomz‘nis,·
911 2396 967 2427 sed
982 2407 1053 2427 nos-

325 2450 372 2475 tra
387 2444 478 2476 lectio
493 2445 630 2477 multum
646 2447 815 2486 antecellit,
840 2459 942 2490 neque
961 2449 1054 2479 insci-

325 2497 402 2527 tiam
429 2497 626 2529 librariorum
655 2500 872 2540 sapit—vini:
908 2501 944 2532 P.
975 2503 1035 2532 viri
1039 2516 1049 2537 ,-

325 2548 447 2579 codices
464 2556 569 2580 autem
597 2551 677 2592 ejuS,
707 2555 782 2589 vini,
809 2558 905 2584 recte:
933 2553 974 2584 V.
1003 2553 1051 2584 ed.

326 2602 401 2636 vim;
427 2602 461 2630 ui
476 2601 571 2632 literis
586 2602 629 2633 sic
655 2603 738 2634 male
765 2604 922 2642 exhibitis,
946 2610 983 2634 ut
1007 2614 1056 2635 so·

327 2651 404 2689 lent,
421 2653 460 2682 ob
474 2653 591 2684 similes
606 2655 835 2686 elementorum
850 2656 971 2687 ductus.

371 2702 452 2733 Ibid.
475 2716 526 2734 cor
542 2707 699 2737 hominum
724 2709 791 2739 vini
813 2710 858 2739 vis
877 2709 1057 2748 penetravit.

328 2753 403 2784 Non
428 2759 544 2785 temere
566 2756 679 2787 dixeris
695 2758 876 2789 Homerum
903 2759 936 2789 in
959 2758 1058 2789 oculis

328 2806 427 2845 po'e‘toe
442 2813 548 2837 nostro
562 2807 668 2845 fuisse,
686 2810 746 2841 Od.
765 2817 786 2841 1.
801 2814 875 2842 362.

348 2892 465 2904 ὑ·-
476 2887 606 2912 Κυκλωπι
619 2895 669 2921 περι
685 2887 826 2915 ΦΡΕΝΔΣ
841 2887 911 2916 ἤλυθε
923 2888 1038 2914 ΟῘΝΟΣ.

1085 836 1233 868 Similiter
1249 836 1376 867 Alcaeus
1390 835 1423 866 in
1438 833 1593 865 Macrobii
1611 833 1673 864 Sat.
1692 832 1743 864 vii.
1760 834 1811 865 15.

1199 915 1285 961 ΟΙΝῼ
1299 913 1497 940 IINEYMONA
1511 921 1595 943 τιγγε.

1082 989 1215 1029 Eupolis
1230 989 1360 1027 ibidem,
1378 1000 1472 1030 quem
1488 988 1531 1020 sic
1546 987 1730 1019 constituas:

1123 1068 1201 1093 unm
1215 1077 1267 1102 γαρ
1281 1066 1387 1092 ΑΝΔΡ’
1401 1067 1415 1092 ὃ
1426 1068 1600 1101 Προκονγορας
1614 1064 1710 1095 νιελειῖ,
1723 1065 1766 1091 ira

1123 1115 1177 1150 Προ
1188 1124 1230 1140 του
1243 1125 1314 1142 zonae
1327 1123 1366 1139 ‘rou
1381 1112 1565 1139 HNETMON'
1580 1117 1680 1139 εκλυτιν
1691 1119 1758 1147 φορῇ.

1087 1190 1200 1231 Neque
1215 1190 1304 1220 aliter
1318 1189 1560 1220 Eratosthenes:

1107 1270 1157 1293 κω
1169 1267 1247 1299 aaa..
1260 1268 1410 1313 Axium-q
1426 1266 1623 1292 nNErMONA
1635 1274 1794 1299 ferremus.

1090 1342 1258 1382 Euripides
1271 1341 1406 1382 denique
1420 1341 1454 1372 in
1469 1340 1579 1372 eodem
1595 1341 1709 1380 capite:

1129 1419 1235 1446 omo}
1249 1429 1362 1455 mpero-025
1374 1419 1596 1445 ΠΝΕΥΜΟΝΩΝ
1610 1419 1734 1454 διιρροως.

1091 1495 1162 1532 vel,
1179 1496 1203 1526 si
1219 1495 1415 1536 grammatici
1426 1494 1465 1525 de
1479 1494 1654 1525 Atticismis
1669 1491 1824 1524 audiendi

1091 1549 1164 1587 sint,
1189 1556 1360 1588 πλευμονων.
1405 1547 1546 1578 Accedat
1565 1548 1692 1586 insuper
1708 1545 1820 1577 Ovidi·

1091 1612 1140 1640 us,
1157 1606 1230 1631 met.
1245 1600 1298 1631 xii.
1312 1603 1384 1631 220.
1403 1600 1565 1639 poetarum
1579 1599 1804 1639 lepidissimus:

1257 1692 1339 1717 quam
1350 1685 1417 1710 vino
1424 1687 1521 1717 pectus,
1534 1690 1616 1716 quam
1627 1683 1732 1716 virgIne
1742 1682 1811 1712 visi,

1094 1725 1254 1751 Ardet—z

1095 1797 1188 1833 atque
1205 1791 1320 1822 iterum
1334 1791 1368 1822 in
1383 1791 1500 1822 remed.
1515 1800 1614 1821 amor.
1633 1793 1705 1821 806.

1157 1867 1190 1891 Et
1200 1869 1326 1899 stupeant
1339 1866 1428 1891 multo
1438 1866 1514 1891 corda
1523 1866 1628 1898 sepulta
1637 1872 1715 1890 mero.

1094 1941 1138 1970 sic
1153 1940 1247 1970 etiam
1262 1941 1331 1971 fast.
1347 1941 1380 1971 ii.
1396 1943 1468 1972 732.

1158 2016 1191 2039 Et
1203 2014 1311 2040 fervent
1321 2014 1410 2039 multo
1421 2014 1566 2046 linguaque
1575 2020 1672 2045 corque
1681 2017 1758 2038 mero.

1098 2091 1150 2122 Ac
1166 2090 1312 2122 Psalmus
1327 2091 1382 2122 civ.
1401 2093 1449 2122 15.
1466 2090 1612 2131 denique,
1636 2100 1674 2120 ex
1689 2089 1830 2121 versione

1097 2143 1203 2174 LXX.
1221 2143 1321 2174 vitali:
1355 2148 1471 2176 ΟΙΝΟΣ
1503 2151 1632 2186 ενφραηει
1660 2147 1830 2174 ΚΑΡΔΙΑΝ

1097 2203 1342 2229 ΑΝΘΡΩΠΟΤ.

1098 2249 1210 2288 Porro,
1235 2249 1362 2280 fortasse
1375 2249 1539 2289 scrupulus
1554 2248 1593 2279 de
1610 2248 1703 2279 metri
1728 2248 1829 2279 since-

1098 2300 1199 2338 ritate,
1233 2300 1446 2341 grammaticis
1475 2300 1621 2341 injectus,
1649 2300 1832 2330 varietatem

1097 2364 1154 2384 cur
1168 2355 1318 2385 hominem
1334 2353 1367 2383 in
1380 2352 1520 2384 Lucretii
1535 2357 1684 2383 contextu
1698 2349 1834 2392 peperit?

1098 2406 1162 2442 sed,
1179 2417 1219 2437 ne
1235 2417 1292 2437 nos
1306 2405 1416 2437 eisdem
1432 2406 1471 2437 de
1486 2405 1596 2437 caussa
1613 2411 1829 2447 torqueamur,

1099 2465 1182 2490 vetat.
1203 2459 1265 2500 qua
1288 2469 1393 2490 versus
1413 2459 1521 2491 Ovidii
1543 2458 1774 2498 celeberrimus,
1796 2464 1831 2490 ε’-

1099 2510 1168 2550 pist.
1185 2520 1234 2541 xv.
1252 2514 1269 2541 7
1275 2515 1302 2542 9.
1324 2521 1419 2551 quem
1442 2517 1551 2541 tamen
1566 2509 1669 2542 modis
1683 2510 1832 2542 omnibus

1100 2562 1229 2603 ingenia
1250 2563 1430 2594 criticorum
1443 2573 1602 2599 vexavere.
1628 2562 1692 2604 qufi
1710 2574 1762 2595 cor
1775 2572 1831 2593 vo-

1101 2614 1203 2644 cabuli
1218 2614 1366 2645 Graecum
1382 2621 1521 2655 etymon,
1538 2628 1592 2656 ιιηρ
1599 2613 1731 2651 scilicet3
1746 2612 1833 2655 quod

1101 2675 1165 2696 non
1192 2667 1423 2706 contempsisse,
1453 2665 1670 2696 doctissimum
1694 2664 1832 2704 poetam,

1100 2716 1382 2757 castissimumque‚
1402 2716 1531 2756 pulchre
1546 2715 1660 2746 decuit.

1143 2777 1221 2807 Ver.
1238 2779 1309 2807 476.
1332 2778 1468 2807 diditus:
1497 2775 1591 2806 Vind.
1607 2775 1649 2805 V.
1672 2773 1719 2804 ed.
1737 2769 1775 2805 B.
1792 2772 1833 2805 Ο.

1103 2834 1146 2858 Π.
1165 2832 1199 2859 Σ.
1217 2833 1261 2858 Ω.
1284 2829 1421 2863 άοάίιιιες
1446 2825 1532 2857 facili
1550 2835 1664 2863 errore,
1686 2830 1780 2866 atque
1792 2833 1831 2855 u-

1102 2880 1206 2913 sitato:
1233 2879 1340 2911 redeas
1354 2879 1395 2911 ad
1410 2889 1471 2910 ver.
1488 2881 1560 2911 246.
1574 2877 1706 2919 hujusce
1720 2875 1806 2908 libri.-
