1912 3292
0 0 6 199 l

0 546 5 716 g

0 718 5 928 ξ

457 267 692 314 LIBER
741 267 1123 323 QUARTUS.
1461 282 1556 321 253

90 392 174 433 270

264 393 387 436 Nunc
400 409 495 451 age,
517 409 624 449 quur
643 395 750 436 ultra
769 397 976 450 speculum
995 398 1182 441 videatur
1202 401 1356 458 imag0‚

203 466 392 523 Pereipe3
424 482 520 508 nam
541 476 650 509 certe
668 469 831 523 penitus
850 477 1008 512 remota
1027 472 1206 523 videtum

204 541 331 590 Quod
348 554 478 596 genus
498 540 578 591 illa,
609 541 707 583 foris
727 557 820 598 quae
841 559 935 585 vere
954 547 1312 601 transspiciuntur‚

197 614 331 655 Janua
351 629 475 669 quom
495 630 571 670 per
591 632 632 657 se
650 625 948 673 transspectum
968 621 1127 675 praebet
1146 631 1349 677 apertum,

197 687 334 728 Multa
352 687 527 745 facitque
546 689 643 731 foris
664 706 718 732 ex
737 692 895 734 aedibus
914 701 961 735 ut
980 695 1210 737 videantur:

81 763 162 802 275
193 761 235 802 Is
255 776 418 817 quoque
438 764 549 804 enim
569 764 722 820 duplici
741 767 989 823 geminoque
1009 768 1057 809 fit
1077 771 1170 811 a'ere
1191 771 1310 812 visus.

192 834 356 877 Primus
376 837 486 878 enim
507 838 608 879 citra
627 840 777 893 posteis
797 842 1058 883 concernitur
1078 844 1166 893 a‘er;

90 990 162 1022 Ver.
188 995 259 1023 268.
281 1003 368 1024 eum.-
406 998 440 1025 ἳ.
464 1002 691 1028 cum—taccu:
726 1005 768 1029 Π.

45 1051 156 1076 tractu.

90 1096 172 1127 Ibid.
194 1109 279 1128 eum:
304 1099 324 1129 i.
340 1109 368 1129 e.
392 1099 539 1139 colorem,
555 1101 610 1141 qui
625 1102 770 1143 designat

43 1148 270 1179 extremitatem
285 1150 361 1188 saxi,
377 1161 471 1190 quam
484 1162 597 1182 manus
610 1158 726 1186 tractat.

87 1199 162 1229 Ver.
179 1204 250 1232 269.
259 1204 385 1241 penitus
400 1205 433 1233 in
449 1205 527 1234 alto:
546 1204 565 1234 i.
582 1215 607 1235 e.
624 1216 694 1236 eam
709 1206 767 1236 du-

41 1249 147 1280 ritiem
162 1252 238 1290 saxi,
261 1263 331 1293 quae
356 1255 480 1292 penitus
502 1255 560 1285 sita
581 1262 627 1286 est
641 1256 674 1286 in
697 1268 768 1297 pro-

41 1300 143 1332 fundo
163 1303 235 1338 saxi,
258 1304 405 1335 omnibus
431 1305 498 1345 ejus
512 1317 550 1336 ex
565 1307 724 1345 particulis
738 1314 769 1339 et

39 1351 152 1382 intima
173 1354 297 1384 texturii
317 1355 495 1387 derivatam.
541 1357 622 1388 Redi
644 1359 684 1389 ad
705 1369 765 1390 ver.

39 1406 112 1433 200.
127 1404 186 1433 hoc
201 1405 287 1436 libro.

84 1453 156 1484 Ver.
173 1457 244 1486 270.
267 1456 465 1496 Plutarchus,
488 1459 527 1489 de
541 1460 618 1499 plac.
635 1461 709 1500 phil.
726 1461 764 1493 iv.

39 1508 87 1535 14.
110 1518 169 1548 περι
191 1520 394 1549 κατοπτρικων
417 1517 762 1554 memma—Amanum-

38 1570 96 1592 τος,
128 1563 279 1601 Επικερσς,
314 1573 368 1594 τας
399 1574 601 1605 κατοπτρικας
629 1572 762 1604 εμφασεις

37 1612 158 1649 ’γινεσθαι
176 1612 245 1642 κατ’
262 1612 378 1644 ειδωλων
394 1614 575 1651 §oron-ang,
599 1618 619 1647 ἁ
634 1630 697 1648 τινα
713 1625 760 1658 φε-

34 1663 125 1702 ρεσθαι
146 1675 196 1701 μεν
219 1665 268 1703 αφ’
291 1665 379 1703 ἡμων,
402 1670 584 1698 συνιστασθαι
610 1667 631 1698 δ’
656 1682 701 1700 εφη
725 1682 763 1700 ‘rs‘

35 1727 189 1757 nonnum-'pe
203 1729 287 1747 κατα
304 1723 394 1748 ΤΙΝΑ
409 1729 664 1761 αντιπεριστροφκν.
712 1722 762 1752 Sic

34 1765 165 1795 arbitror
185 1765 366 1807 legendum,
390 1769 456 1800 vice
479 1785 542 1804 vm:
568 1775 604 1803 de
626 1776 759 1814 quadam

31 1818 65 1846 in
80 1819 269 1848 contrarium
284 1822 482 1851 conversione.

76 1869 152 1899 Ver.
179 1873 251 1900 271.
272 1878 403 1902 remota:
437 1872 475 1903 P.
498 1881 628 1905 semota:
655 1876 758 1916 vulgo,

29 1927 186 1959 remmota,
209 1922 368 1961 geminata
383 1923 486 1962 liter53
519 1926 572 1956 sed
587 1927 676 1957 aliter
690 1939 758 1958 om·

30 1981 87 2001 nes
101 1971 171 2001 libri
187 1973 377 2010 vetustiores,
393 1982 522 2015 excepto
537 1978 633 2009 Vind.
648 1979 681 2008 in
698 1980 760 2020 qua

29 2031 64 2052 re
78 2022 216 2053 fortassis
230 2027 357 2066 ακριέηα
371 2026 527 2058 collatoris
542 2028 627 2068 lapsa
641 2036 694 2060 est.

74 2072 146 2104 Ver.
171 2077 243 2105 272.
256 2075 341 2116 foris
364 2080 633 2118 transspz‘cz'untur.
676 2081 756 2112 Lac-

31 2126 158 2164 tantius,
183 2126 222 2157 de
237 2127 312 2166 opif.
329 2129 404 2168 Dei,
419 2140 485 2170 cap.
502 2131 566 2163 viii.
592 2136 614 2151 “
630 2133 691 2163 Per
706 2145 757 2165 eas

32 2179 56 2195 “
71 2177 167 2217 igitur
181 2180 381 2210 membranas
395 2191 502 2212 sensus
517 2182 581 2221 ille,
605 2185 659 2224 qui
678 2185 755 2216 dici-

32 2231 56 2246 “
72 2234 124 2258 tur
137 2239 236 2266 mens,
261 2242 308 2268 ea,
325 2242 395 2272 quae
412 2235 583 2274 suntforis‚
606 2239 754 2277 transspz'-

29 2283 56 2304 ·“
70 2281 143 2311 cit-’⁹
189 2282 350 2314 Glossator
375 2291 475 2316 vetus:
509 2290 529 2304 “
552 2289 755 2328 Transspz‘cio,

31 2334 54 2348 ‘⁶
69 2329 253 2363 διακοπτω.”
291 2334 333 2364 In
347 2335 405 2365 hac
421 2342 527 2366 autem
542 2337 678 2369 dictione
692 2350 757 2370 non

30 2382 148 2420 minus,
171 2394 265 2424 quam
289 2385 323 2415 in
345 2387 490 2418 omnibus
511 2389 671 2430 utriusque
693 2391 753 2421 lin-

27 2443 100 2473 guae
115 2435 336 2472 consimilibus,
359 2448 519 2478 perperam
534 2441 675 2472 fecerunt
688 2442 754 2473 edi-

28 2490 135 2515 torum
150 2488 250 2523 turba,
266 2488 389 2519 literam
403 2501 417 2521 s
433 2501 497 2521 non
512 2491 752 2531 duplicantium.

26 2536 106 2567 Pius
120 2539 238 2578 scripsit
252 2543 487 2580 inspiciuntur,
514 2549 545 2574 et
559 2551 751 2585 traspectum.

69 2588 144 2619 Ver.
160 2593 233 2621 275.
255 2603 344 2631 quom
369 2599 608 2634 trmzsspectum:
640 2596 679 2627 V.
704 2598 751 2630 ed.

26 2639 119 2670 habet
134 2647 198 2671 cum
219 2643 396 2682 inspectum.

69 2690 144 2722 Ver.
161 2694 232 2723 274.
243 2693 341 2734 foris:
362 2695 399 2726 P.
411 2696 516 2737 foras;
535 2699 695 2738 mendose,
711 2701 752 2730 si-

28 2742 156 2781 quidem
182 2750 271 2775 vetus
299 2746 484 2786 glossarium
514 2751 580 2781 haec
605 2753 754 2784 vocabula

27 2794 185 2826 verissima
195 2797 393 2830 distinctione
408 2803 626 2842 segregaverit:
654 2807 676 2822 “
689 2807 750 2836 Fo-

27 2846 51 2861 “
65 2838 129 2883 ras,
153 2848 212 2884 εξω,
244 2854 310 2882 ΕΙΣ
343 2864 438 2883 'romv-
483 2854 579 2890 Eoris,
615 2856 673 2893 εξω,
703 2861 752 2886 EN

24 2897 46 2913 “
64 2898 215 2928 Tonn.”

68 2957 143 2989 Ver.
159 2936 230 2991 2³75.
258 2963 290 2993 1⁹
305 2974 435 3004 quoque:
469 2965 507 2997 P.
530 2968 600 3006 Ipse
622 2970 750 3005 εἰρήνη,-

815 998 856 1029 V.
872 998 920 1029 ed.
938 999 974 1030 13.
993 1000 1062 1040 Ipso
1078 1002 1172 1038 enim;
1198 1005 1233 1033 Δ.
1251 1007 1285 1034 Σ.
1303 1003 1431 1044 Ipseque
1448 1005 1539 1042 enim,-

816 1057 856 1082 Π.
872 1053 1001 1092 Ipsoque
1015 1055 1247 1085 enim—visus:
1274 1054 1313 1085 V.
1330 1055 1378 1085 ed.
1396 1057 1476 1087 visis.

857 1104 934 1134 Ver.
952 1107 1023 1136 276.
1056 1105 1097 1135 In
1124 1106 1214 1136 editis
1240 1108 1472 1144 communibus,
1497 1114 1541 1140 esc

814 1155 952 1195 sequitur
966 1156 1135 1186 dictionem
1151 1160 1243 1193 enim,
1267 1158 1320 1188 sed
1342 1158 1428 1188 libris
1443 1159 1540 1189 recla-

811 1208 970 1238 mantibus
985 1214 1096 1247 praeter
1105 1208 1200 1240 Vind.
1216 1209 1250 1238 in
1266 1219 1327 1249 quo
1342 1209 1539 1249 diligentiam

812 1257 968 1288 collatoris
989 1259 1103 1289 iterum
1126 1259 1536 1291 desidera—concernitur.-

811 1308 854 1338 sic
877 1309 912 1339 P.
938 1316 977 1339 Π.
1001 1309 1169 1347 verissime,
1193 1316 1224 1339 et
1248 1311 1540 1342 convenientissime

811 1361 871 1391 loci
893 1361 1239 1401 rationibus—postas.-
1265 1363 1302 1393 B.
1319 1367 1539 1402 potes.—Con-

809 1414 947 1443 cernitur
962 1418 1080 1450 autem,
1095 1412 1159 1444 τιηᾶ
1172 1416 1323 1449 cernuum
1345 1418 1367 1433 “
1382 1425 1456 1444 cum
1466 1425 1538 1455 pos-

809 1467 832 1482 “
848 1465 933 1494 tibus
957 1465 1075 1505 utique,
1102 1471 1133 1495 et
1155 1465 1226 1495 a‘e're
1251 1466 1414 1496 externo.‘'
1462 1467 1536 1497 Non

807 1515 956 1546 aliorsum
979 1516 1079 1546 tendit
1100 1517 1192 1547 lectio
1208 1518 1250 1548 V.
1272 1517 1320 1548 ed.
1337 1518 1374 1548 B.
1392 1518 1432 1548 Ο.
1449 1524 1484 1549 Δ.
1502 1524 1535 1551 Σ.

809 1573 853 1597 Ω.
869 1578 953 1608 qum,
970 1568 1018 1598 vel
1033 1579 1115 1607 cum,
1139 1571 1290 1600 cernitur:
1316 1570 1434 1600 centies
1450 1571 1536 1601 enim

805 1631 861 1651 con
877 1626 908 1650 et
922 1632 991 1652 cum
1016 1621 1124 1652 scribis
1147 1623 1344 1654 Lucretianis
1370 1630 1444 1655 sunt
1465 1635 1535 1665 per·

805 1679 934 1703 mutata.
980 1674 1023 1704 Et
1045 1674 1157 1705 eodem
1179 1675 1259 1705 redit
1274 1677 1402 1706 variatio
1419 1678 1466 1707 M.
1483 1688 1534 1708 co-

806 1724 895 1762 dicis,
907 1726 1048 1764 quamvis
1059 1727 1165 1756 minus
1175 1735 1318 1758 accurate
1333 1729 1534 1768 recensuerit,

804 1776 851 1805 uti
876 1777 1028 1813 existimo,
1054 1778 1307 1819 Havercampus3
1324 1788 1395 1820 post
1417 1781 1539 1818 aestum',

804 1828 869 1857 vice
878 1834 976 1867 postes
991 1840 1071 1867 cum,
1095 1829 1181 1860 haud
1202 1830 1308 1869 dubie,
1331 1833 1371 1862 ob
1387 1832 1533 1864 similitu-

804 1881 911 1911 dinem
927 1882 1155 1913 elementorum
1177 1891 1191 1914 t
1216 1890 1247 1914 et
1268 1896 1293 1915 c.
1338 1886 1463 1926 Nempe
1478 1887 1533 1918 de-

803 1933 913 1963 terruit
927 1933 1070 1973 editores,
1093 1941 1124 1965 et
1138 1935 1281 1966 librarios
1294 1936 1335 1966 ad
1351 1938 1532 1969 novandum

802 1983 949 2022 propulit,
973 1986 1113 2016 vocabuli
1128 1990 1324 2019 concernitur
1345 1999 1421 2019 usus
1436 1990 1531 2020 infre-

802 2045 913 2075 quens:
942 2036 996 2066 sed
1011 2037 1097 2067 enim
1119 2044 1226 2068 actum
1248 2044 1295 2068 est
1317 2039 1355 2069 de
1370 2040 1530 2078 Lucretio,

803 2086 828 2115 si
843 2096 933 2117 voces
955 2087 1165 2118 inusitatiores
1188 2088 1250 2119 sint
1264 2091 1324 2120 hoc
1347 2091 1442 2122 modo
1457 2103 1529 2132 pro-

802 2138 1023 2177 scriptionibus
1045 2141 1128 2171 male
1151 2141 1335 2173 feriatorum
1360 2144 1530 2175 hominum

800 2190 992 2222 carminibus
1019 2192 1086 2232 ejus
1116 2193 1340 2233 abjudicandae.
1386 2196 1529 2227 Verbum

800 2252 921 2273 cernere
953 2244 1076 2282 proprie
1104 2244 1259 2285 significat
1285 2249 1308 2264 “
1331 2246 1477 2279 decutere
1498 2256 1529 2279 et

802 2298 824 2314 ‘⁸
840 2306 1002 2336 segregare
1014 2306 1070 2336 per
1092 2297 1268 2329 cribrumz‘’
1290 2299 1365 2330 inde
1379 2301 1528 2332 transfer-

801 2352 852 2377 tur
867 2346 1019 2377 facillimo
1034 2348 1179 2385 transitu,
1196 2350 1236 2380 ad
1251 2351 1443 2391 objectorum
1459 2363 1528 2391 per-

801 2399 988 2436 ceptionem,
1011 2399 1090 2429 lucis
1105 2410 1174 2440 ope,
1202 2401 1357 2432 foramina
1371 2405 1526 2434 membra-

798 2459 912 2479 narum
927 2450 1146 2490 oculariarum,
1174 2452 1269 2482 veluti
1291 2460 1413 2484 meatus
1433 2465 1526 2494 quos-

797 2499 872 2529 dam
895 2500 998 2539 cribri,
1026 2505 1228 2541 permeantis,
1259 2510 1290 2534 et
1313 2505 1414 2535 radios
1437 2508 1527 2546 quasi

795 2552 1006 2583 discernentis.
1050 2555 1211 2585 Primariae
1248 2556 1385 2586 notionis
1421 2568 1526 2589 exem·

796 2603 885 2642 plum
909 2604 942 2633 in
965 2605 1071 2635 lexicis
1094 2606 1318 2645 suppeditatur,
1341 2617 1379 2637 ex
1395 2609 1525 2649 Augus-

796 2654 855 2684 tini
872 2655 1003 2686 confess.
1018 2666 1045 2686 v.
1063 2660 1111 2687 10.
1129 2661 1151 2675 ‘²
1168 2657 1281 2687 Talem
1297 2664 1442 2689 naturam
1459 2660 1526 2700 ejus

800 2709 822 2724 “
838 2706 921 2736 nasci
937 2717 1000 2737 non
1017 2718 1106 2746 posse
1121 2703 1160 2738 de
1183 2708 1288 2739 Maria
1304 2709 1425 2750 virgine
1444 2713 1525 2742 arbi-

798 2760 820 2775 “
837 2758 950 2795 trahar,
966 2758 1025 2787 nisi
1040 2759 1125 2789 carni
1139 2761 1398 2792 concerneretur.”
1424 2763 1526 2794 Vetus

797 2812 819 2827 “
836 2809 1039 2849 glossarium:
1067 2814 1089 2828 “
1108 2813 1269 2848 Concemo,
1286 2814 1450 2856 συνθεωρω.”
1480 2815 1526 2845 Et

796 2866 918 2891 contra:
945 2864 967 2879 “
985 2864 1138 2904 Συνέεωρω,
1160 2865 1337 2894 concerno.''
1382 2865 1454 2895 Vox
1468 2876 1523 2905 op.

796 2912 874 2943 tima
888 2912 922 2942 in
938 2913 1056 2954 linguae
1072 2919 1185 2946 nostrae
1200 2917 1460 2948 consuetudinem
1473 2928 1531 2955 ve,

794 2967 842 2998 nit
857 2978 893 2998 ex
910 2968 1068 2999 inferioris
1083 2968 1261 3001 Latinitatis
1282 2970 1518 3009 exemplaribus,
