1912 3292
307 181 398 223 166

817 162 878 211 T.
926 153 1302 208 LUCRETII

449 302 517 345 Sic
537 299 615 342 alid
638 311 690 340 ex
708 296 789 339 alio
807 305 1034 350 numquam
1053 289 1218 331 desistet
1236 283 1353 326 oriri:

457 376 635 430 Vitaque
654 369 860 425 mancipio
879 366 978 408 nulli
999 365 1136 413 datur,
1165 357 1356 401 omnibus
1376 368 1462 396 usu.

345 455 428 494 985

518 448 692 503 Respice
712 446 826 494 item,
847 455 971 498 quam
988 436 1090 479 nihil
1110 434 1164 477 ad
1184 448 1259 474 nos
1279 439 1373 473 ante
1394 436 1485 470 acta
1504 431 1680 467 vetustas

464 522 683 577 Temporis
702 517 846 560 aeterni
865 513 1002 562 fuerit,
1022 523 1147 567 quam
1167 506 1388 553 nascimur,
1410 509 1520 543 ante.

463 597 598 640 Hocc’
618 596 744 652 igitur
763 588 971 647 speculum
991 584 1110 626 nobis
1139 581 1298 623 Natura
1317 575 1444 618 futuri

466 667 686 724 Temporis
705 663 878 720 exponit
896 667 989 716 post
1009 662 1183 698 mortem
1204 651 1380 704 denique
1401 653 1598 688 nostram.

468 743 584 785 Num
603 739 704 795 quid
724 738 782 779 ibi
801 732 997 777 horribile
1018 725 1210 783 adparet?
1245 723 1360 764 Num
1381 720 1494 762 triste
1513 718 1675 759 videtur

356 823 439 862 990
471 812 736 870 Quidquam?
769 810 868 852 Non
888 805 1002 849 omni
1023 815 1169 845 somno
1189 798 1368 840 securius
1388 791 1542 835 exstat?

501 887 630 944 Atqui
646 885 877 928 animarum
891 882 1030 930 etiam,
1050 885 1350 933 quaequomque
1364 867 1603 911 Acherunte
1615 861 1823 920 profundo

375 1052 458 1085 lbid.
471 1063 539 1083 usu.
584 1049 636 1081 De
650 1049 709 1079 hac
722 1044 843 1087 poetica
857 1042 952 1075 dativi
964 1040 1056 1073 casus
1097 1035 1215 1076 optime
1241 1030 1342 1064 solent
1371 1026 1547 1071 argumenti
1570 1023 1712 1056 transitio
1733 1027 1827 1062 atque

330 1106 440 1142 forma,
462 1105 512 1136 vel
536 1114 574 1135 ex
589 1101 726 1143 Virgilio
747 1102 827 1130 bene
841 1096 917 1128 notii
938 1093 1055 1136 tyroni·-

331 1160 403 1196 bus,
418 1155 539 1188 consuli
554 1160 654 1194 potest
669 1151 859 1188 Priscianus,
875 1149 900 1179 si
916 1146 995 1178 tanti
1010 1145 1060 1181 sit,

334 1211 387 1241 lib.
403 1209 454 1239 vii.
469 1219 499 1248 p.
515 1210 533 1238 7
538 1210 587 1238 78.

379 1261 454 1291 Ver.
471 1261 541 1291 988.
571 1257 725 1296 Temporis
739 1253 877 1293 exponit:
903 1255 938 1282 Δ.
958 1251 1060 1289 Expo-

337 1315 386 1345 nit
401 1312 551 1351 temporis.

383 1364 457 1393 Ver.
473 1365 544 1394 989.
567 1361 626 1391 ibi:
655 1364 700 1390 Ω..
722 1357 794 1392 tun}
821 1354 854 1385 in
873 1353 988 1394 quibus
1010 1361 1062 1381 vo-

339 1414 418 1447 culis
433 1409 664 1444 commutandis
678 1407 818 1439 librarios
833 1403 964 1435 subinde
979 1403 1066 1432 aber-

340 1469 466 1505 ravisse,
495 1465 643 1497 discimus
671 1473 708 1493 ex
737 1458 891 1492 indefessa
920 1457 1065 1487 Draken-

341 1519 460 1552 borchii
477 1514 651 1558 diligentia,
664 1513 704 1544 ad
719 1513 786 1544 Liv.
799 1511 860 1541 viii.
875 1513 926 1540 32.
941 1512 970 1540 5.

386 1571 459 1601 Ver.
476 1573 547 1601 990.
571 1568 663 1598 Non.-
687 1565 731 1595 ita
745 1563 822 1594 dant
842 1562 878 1592 L.
902 1561 949 1591 M.
969 1560 1008 1591 Ο.
1034 1565 1068 1590 Δ.

344 1630 387 1656 Π.
402 1627 438 1654 Σ.
460 1620 531 1651 vide
555 1629 617 1649 ver.
633 1620 704 1649 956.
729 1614 844 1651 caeteri,
871 1614 995 1647 Nonne,
1018 1620 1071 1641 ex-

342 1673 433 1714 cepta
446 1674 487 1703 V.
503 1671 551 1703 ed.
567 1680 648 1711 qum,
663 1675 747 1704 tam,·
771 1673 803 1696 et
816 1675 950 1696 securus.

391 1724 472 1757 lbid.
491 1724 645 1754 securius:
671 1720 691 1750 i.
706 1729 732 1749 e.
755 1717 855 1757 magis
876 1715 1010 1745 liberum
1032 1714 1070 1743 ti-

348 1776 487 1808 moribus
502 1773 647 1804 omnium
663 1768 860 1800 horribilium
876 1776 912 1796 ac
927 1765 1074 1799 tristium,

348 1838 443 1871 quam
459 1827 497 1865 si,
517 1834 628 1856 somno
643 1821 737 1853 vincti
752 1829 871 1857 seusus,
887 1818 1075 1858 jaceremus.

350 1882 511 1916 Lucanus,
528 1878 546 1908 i.
564 1879 636 1908 518.

383 1967 427 1995 Et,
437 1965 537 1989 subitus
549 1963 618 1994 rapti
629 1960 779 1986 munimine
790 1957 905 1990 cespitis,
916 1962 997 1988 agger

384 2007 488 2031 Praebet
500 2010 595 2028 Jecuros
607 2002 677 2026 intra
688 1999 807 2025 tentoria
816 2002 937 2021 somnos:

355 2082 374 2112 i.
389 2091 416 2111 e.
440 2082 463 2098 “
478 2087 585 2118 agger,
601 2081 733 2111 eremius,
748 2072 796 2102 vel
811 2077 989 2107 exstructus,
1007 2078 1079 2097 mu-

354 2136 376 2151 “
394 2130 514 2161 nimine
543 2126 665 2166 cespitis
694 2123 785 2164 rapti,
812 2122 859 2152 vel
884 2125 1083 2160 properanter

357 2186 379 2202 “
396 2179 550 2212 collecti.”
603 2178 654 2208 Ita
683 2173 833 2215 capienda
866 2179 912 2202 est
939 2170 1083 2201 dictionis

357 2236 474 2266 subitus
487 2229 687 2272 significatio:
713 2227 752 2258 de
767 2225 829 2268 quei
846 2235 902 2255 nos
924 2221 1084 2262 ampliavi-

357 2296 430 2317 mus
444 2283 483 2314 ad
500 2283 531 2313 ii.
545 2285 618 2313 365.

402 2337 476 2367 Ver.
495 2338 569 2367 991.
593 2334 691 2373 Atqui
712 2332 887 2362 animarum
909 2329 1018 2358 etiam:
1044 2324 1088 2355 ita

359 2389 476 2430 legitur
490 2387 522 2417 in
541 2387 577 2416 Ρ.
602 2391 634 2416 et
649 2383 817 2417 Prisciano,
840 2381 893 2410 lib.
918 2379 937 2409 i.
959 2388 988 2417 p.
1015 2379 1087 2408 554.

360 2451 462 2482 neque
476 2439 566 2470 aliter
579 2437 612 2467 in
628 2434 726 2466 vind.
743 2434 784 2464 V.
799 2432 847 2464 ed.
865 2438 898 2462 A.
917 2437 957 2461 Π.
974 2434 1008 2461 Σ.
1029 2427 1089 2458 nisi

362 2503 436 2525 cum
451 2490 626 2523 diversitate
644 2500 682 2519 «re
703 2488 816 2526 Atque,
838 2493 894 2524 pro
916 2483 1032 2522 Atqui.-
1048 2479 1091 2517 ¹in

364 2546 405 2576 O.
422 2552 466 2577 Ω.
488 2550 531 2582 et,
545 2543 571 2573 si
586 2541 664 2572 fides
680 2540 898 2576 Havercampo
913 2535 951 2565 sit
970 2533 1087 2564 haben-

365 2597 417 2635 da,
437 2596 528 2636 cujus
543 2594 679 2624 rationes
693 2600 758 2621 non
772 2589 851 2620 mihi
873 2596 993 2626 semper
1015 2589 1089 2614 sunt

364 2650 459 2689 probe
483 2653 660 2688 perspectae,
683 2645 716 2675 in
744 2644 781 2674 B.
802 2642 838 2672 L.
857 2640 904 2671 M.
929 2641 1029 2679 Atque
1053 2647 1089 2667 ea

367 2703 534 2735 nimiruum
560 2695 724 2739 ingeniosa
737 2695 812 2726 satis
826 2692 1010 2724 variatione:
1035 2687 1091 2719 sed

368 2756 473 2782 nostra
497 2750 589 2780 lectio
613 2749 708 2789 longe
731 2745 832 2786 potior
853 2743 985 2774 videtur.
1031 2739 1093 2770 Per

370 2803 477 2840 Atqui.
504 2801 522 2830 l.
538 2811 563 2830 e.
592 2805 646 2829 Και
673 2813 727 2836 τοι,
758 2796 808 2827 vel
834 2801 888 2826 Και
913 2807 981 2834 μην,
1004 2789 1093 2821 sicuti

371 2851 510 2883 redditur
527 2851 560 2880 in
574 2856 676 2880 vetere
690 2848 851 2889 glossa-ic,
865 2843 1029 2887 procedere
1045 2840 1094 2872 vel

1100 1085 1277 1120 consecutio
1292 1082 1532 1114 sententiarum:
1551 1085 1583 1109 et
1592 1076 1712 1117 phrasis
1725 1075 1829 1104 omnia

1102 1141 1279 1171 animarum
1308 1131 1489 1174 exquisitior
1517 1135 1574 1167 est,
1603 1137 1661 1166 pro
1686 1128 1710 1144 “
1724 1122 1834 1154 omnia

1106 1197 1128 1213 “
1145 1193 1266 1223 animas
1287 1185 1489 1229 spectantia,’'
1514 1191 1610 1225 quam
1632 1190 1702 1222 quae
1723 1176 1835 1209 fortui-

1105 1245 1144 1276 tis
1160 1240 1405 1274 aberrationibus
1423 1236 1594 1267 scribarum
1609 1229 1757 1271 imputari
1779 1227 1835 1258 de·

1106 1298 1185 1328 beat.
1231 1293 1264 1324 Si
1289 1291 1422 1331 liqueret
1444 1287 1483 1317 de
1508 1282 1658 1324 scriptura
1679 1280 1835 1311 membra-

1107 1356 1222 1379 narum
1244 1345 1281 1375 L.
1299 1344 1346 1374 M.
1368 1347 1450 1371 certe
1472 1338 1571 1368 tutius
1592 1335 1632 1366 de
1656 1334 1726 1364 loco
1747 1329 1834 1373 judi-

1109 1402 1195 1432 cium
1206 1404 1282 1428 tunc
1297 1393 1372 1425 ferri
1387 1396 1516 1431 poterat.

1156 1448 1237 1481 lbid.
1261 1445 1455 1485 Propertius,
1469 1441 1512 1472 iii.
1530 1443 1561 1470 3.
1577 1441 1628 1470 67.

1142 1526 1182 1550 An
1193 1524 1259 1548 fiet-a
1269 1523 1296 1546 in
1308 1521 1415 1545 miseras
1426 1514 1563 1542 descendit
1574 1512 1664 1538 sabula
1673 1513 1777 1543 gentes,

1173 1567 1207 1590 Et
1217 1565 1298 1589 timor
1310 1562 1381 1586 haud
1393 1560 1473 1588 ultra,
1484 1563 1566 1589 quam
1577 1560 1666 1586 roguS,
1677 1559 1732 1578 esse
1742 1553 1840 1584 potest.

1117 1632 1168 1662 Ita
1203 1624 1427 1668 intelligendus
1467 1620 1630 1655 Horatius,
1665 1618 1861 1659 fabulaeque·

1114 1692 1271 1714 nzanes.-—
1634 1670 1832 1701 BEN-rmum.

1121 1741 1174 1772 Ad
1202 1741 1287 1770 hunc
1315 1737 1421 1768 locum
1449 1733 1617 1774 pertinent,
1648 1738 1719 1770 quae
1743 1724 1849 1758 scribit

1121 1793 1246 1824 Servius
1261 1790 1300 1821 ad
1314 1789 1406 1829 Virg.
1426 1788 1500 1817 AEn.
1513 1784 1554 1814 vi.
1571 1785 1643 1815 596.
1663 1781 1716 1812 his
1728 1778 1843 1809 verbis:

1120 1850 1142 1864 “
1161 1845 1241 1875 Sane
1256 1843 1295 1873 de
1308 1841 1360 1872 his
1375 1838 1523 1870 omnibus
1537 1836 1629 1866 rebus
1643 1832 1723 1864 mire
1745 1829 1850 1862 reddi-

1122 1901 1145 1916 “
1161 1896 1207 1927 dit
1221 1895 1375 1925 rationem
1390 1888 1556 1921 Lucretius
1562 1897 1572 1924 ;
1593 1891 1624 1916 et
1637 1882 1802 1914 confirmat
1815 1881 1850 1912 in

1122 1954 1144 1969 “
1162 1947 1268 1979 nostra
1284 1956 1349 1976 esse
1364 1943 1426 1973 vita
1447 1940 1565 1976 omnia,
1592 1947 1662 1978 quae
1687 1934 1851 1975 finguntur

1124 2004 1147 2019 “
1163 1999 1202 2030 de
1231 1996 1346 2027 inferis.
1394 1992 1482 2024 Dicit
1503 1990 1601 2027 enim,
1631 1985 1851 2018 em’n-Lam-

1123 2053 1224 2083 binus.

1126 2103 1176 2133 Ex
1192 2099 1355 2141 postremis
1369 2102 1474 2128 autem
1497 2092 1598 2124 verbis
1622 2089 1721 2121 Servii
1741 2089 1775 2119 in
1796 2087 1853 2119 illo

1128 2155 1207 2190 loco,
1230 2155 1252 2170 “
1270 2152 1332 2181 Per
1355 2155 1454 2180 rotam
1478 2152 1584 2177 autem
1608 2141 1743 2173 ostendit
1769 2138 1866 2182 (Lu->

1128 2210 1150 2224 ‘⁶
1166 2205 1277 2236 cretius
1292 2199 1420 2240 nempe)
1440 2196 1658 2238 negotiatores,
1669 2192 1724 2234 qui
1735 2200 1859 2231 semper

1129 2260 1152 2276 “
1164 2252 1399 2294 tempestatibus
1408 2247 1645 2287 turbinibusque
1654 2240 1866 2281 volvunmr;”·

1130 2305 1299 2338 certissime
1314 2301 1419 2342 colligi
1432 2300 1562 2334 videtur,
1573 2296 1686 2328 seriem
1696 2290 1868 2333 versuum,·'

1130 2357 1271 2390 fabulam
1300 2354 1340 2385 de
1372 2352 1484 2383 Ixione
1511 2347 1744 2389 explicandum,
1766 2351 1860 2386 atque

1132 2408 1225 2441 hodie
1239 2405 1496 2440 desideraturum,
1511 2405 1601 2432 aetate
1615 2395 1811 2440 grammatici
1825 2395 1868 2425 in*

1134 2465 1282 2493 contextu
1297 2455 1477 2489 Lucretiani
1491 2451 1627 2493 corporis
1641 2447 1861 2490 comparuisse:

1131 2511 1216 2555 quod
1231 2510 1310 2541 serio
1326 2506 1508 2539 dolendum.

1178 2571 1260 2603 Ibid.
1283 2572 1458 2602 Acherunte
1468 2565 1622 2607 prqfimdo
1631 2576 1642 2594 :
1659 2570 1754 2602 quem
1765 2558 1862 2589 Maro

1132 2624 1256 2662 vocitat,
1297 2632 1365 2664 geo.
1394 2621 1415 2651 i.
1443 2622 1518 2651 248.
1554 2619 1578 2636 ‘⁸
1593 2611 1763 2653 manesque
1788 2620 1861 2650 pro-

1135 2674 1294 2718 “fimdi.”
1869 2653 1875 2671 ²

1137 2736 1308 2772 Caeterum,
1329 2743 1385 2773 pro
1399 2738 1606 2773 quencumque,
1626 2723 1675 2756 vel
1690 2730 1864 2765 quaequom-

1137 2798 1206 2828 que,
1223 2792 1262 2817 Π.
1279 2786 1371 2815 habet
1383 2788 1670 2824 quantumcunqne5
1699 2781 1733 2806 A.
1749 2778 1866 2807 autem.

1136 2850 1206 2881 quae
1227 2840 1354 2878 cuique:
1383 2833 1467 2877 quod
1492 2831 1625 2866 minime
1655 2819 1873 2868 spernendum
