1912 3292
480 224 717 284 LIBER
762 236 1116 284 TERTIUS.

1481 244 1539 285 19

194 371 319 419 Nam,
340 367 485 409 velutei
504 366 644 421 puerei
665 365 886 421 trepidant,
908 374 1031 422 atque
1050 367 1192 408 omnia
1209 369 1328 410 caecis

192 444 245 486 In
264 441 440 484 tenebris
459 447 667 490 metuunt3
700 440 757 482 sic
778 454 854 481 nos
872 440 917 481 in
936 439 1026 482 luce
1045 441 1236 482 timemus

190 516 422 566 Interdum,
442 515 573 557 nihilo
593 530 687 571 quae
708 522 802 556 sunt
820 515 1042 557 metuenda
1060 516 1205 573 magis,
1226 529 1350 571 quam

105 596 161 634 90
191 590 300 640 Quae
319 589 460 646 puerei
479 590 524 630 in
543 590 721 632 tenebris
741 590 941 646 pavitant,
961 589 1208 647 finguntque
1225 590 1374 632 futura.

190 664 323 707 Hunc
341 665 468 721 igitur
487 671 687 706 terrorem
706 665 834 707 animi
853 665 1138 721 tenebrasque,
1160 680 1323 706 necesse
1341 673 1415 716 est,

186 738 287 780 Non
306 738 435 780 radiei
455 738 564 790 solis,
590 754 722 795 neque
741 739 877 781 lucida
895 739 975 781 tela
994 739 1092 790 diei,

184 813 447 864 Discutiant3
481 813 552 855 sed
575 813 748 856 Naturae
768 815 935 870 specieS‚
960 815 1177 871 Ratioque.

246 887 452 938 Primum,
476 887 662 930 animum
682 888 791 940 dico,
812 896 994 931 mentem
1014 904 1138 946 quem
1158 902 1266 944 saepe
1285 902 1492 939 vocamus,

100 965 155 1003 95
186 961 238 1003 In
258 977 342 1018 quo
362 962 577 1004 consilium
598 963 708 1014 vitae,
730 964 1013 1022 regimenque,
1034 964 1214 1006 locatum
1235 971 1310 1013 est,

59 1131 192 1163 Adflictas,
207 1132 289 1157 vitam
302 1132 329 1156 in
341 1132 457 1164 tenebris,
466 1133 607 1165 luctuque,
617 1134 772 1160 trahebam.

87 1189 170 1220 Ibid.
193 1192 267 1220 volvi
282 1200 380 1221 coeno:
406 1190 425 1221 i.
449 1202 475 1221 e.
497 1191 611 1232 vulgus
635 1194 770 1228 suillum,

43 1250 77 1270 se
91 1239 160 1270 luto
174 1240 356 1271 volutantes.
401 1241 443 1271 D.
457 1242 579 1281 Petrus,
595 1243 681 1281 epist.
697 1242 728 1272 ii.
742 1246 770 1273 2.

43 1296 95 1323 22.
116 1294 170 1326 εΤς
186 1299 333 1331 aso-apem
350 1305 384 1326 εις
404 1300 536 1333 nuatum
557 1295 678 1336 βορέορε.
723 1294 770 1324 Μ.

45 1342 182 1380 Tullius,
198 1343 232 1372 in
248 1343 338 1373 Verr.
354 1343 392 1373 iv.
408 1347 460 1373 24.
485 1347 508 1362 ‘⁴
527 1344 613 1374 Nam
628 1354 685 1373 nos
701 1344 770 1384 qui-

43 1397 66 1413 “
82 1394 156 1425 dem
177 1393 254 1435 quid
279 1394 411 1424 facimus
432 1395 467 1425 in
482 1395 593 1434 Verre,
619 1406 713 1436 quem
736 1398 770 1427 in

42 1448 144 1477 “luto
167 1447 335 1476 volutatum
357 1446 454 1476 totius
475 1447 612 1486 corporis
633 1448 771 1488 vestigiis

44 1501 68 1518 “
83 1497 303 1529 invenimus?”
321 1498 416 1528 Hanc
431 1504 538 1530 autem
552 1501 769 1539 metaphoram

42 1555 78 1580 et
90 1549 145 1580 alii
160 1550 273 1589 saepius
287 1550 427 1590 attigere.

86 1601 161 1632 Ver.
179 1604 228 1632 78.
251 1607 442 1632 statuarum:
467 1602 511 1632 sic
535 1602 575 1633 Ο.
602 1606 636 1634 Δ.
660 1608 691 1633 et
717 1602 770 1633 Pii

41 1653 163 1684 codices
177 1653 288 1692 prisci3
307 1653 419 1694 reliqui
434 1663 554 1690 omnes,
580 1657 696 1693 statim,
724 1654 772 1685 vel

42 1712 173 1737 statum.-
198 1705 307 1744 procul
332 1705 428 1736 dubio
450 1706 618 1745 mendose;
641 1713 672 1738 et
692 1707 771 1737 nihil

42 1757 126 1789 ultra
139 1757 284 1798 equidem
299 1757 536 1798 disquirendum
550 1765 690 1790 autumo.

86 1808 168 1839 Ibid.
184 1811 343 1840 Interennt
346 1812 473 1849 partim.
497 1810 641 1846 Plautus,
655 1810 768 1841 Pseud.

41 1869 69 1891 V.
85 1863 114 1890 l.
129 1863 183 1890 50.

58 1927 256 1960 —plaudunt
264 1927 359 1960 partim
367 1935 379 1956 ,·
392 1927 524 1952 clamitant
532 1935 588 1958 me,
599 1932 631 1954 ut
639 1932 768 1954 revortar.

44 1984 164 2020 Cicero,
180 1983 219 2014 de
235 1990 311 2015 orat.
323 1984 355 2015 ii.
373 1987 422 2015 25.
437 1985 558 2016 fin.—“
575 1996 684 2017 eorum
691 1998 769 2026 par-

42 2038 136 2067 “tim
152 2035 185 2065 in
206 2035 330 2075 pompa,
349 2036 517 2076 partimin
539 2037 614 2074 acie,
638 2039 770 2069 illustres

41 2089 66 2107 “
81 2097 147 2118 esse
161 2086 350 2118 voluerunt.’'

84 2138 166 2169 Ibid.
187 2140 320 2169 nominis
335 2148 414 2178 ergo.
444 2138 572 2169 Nonius
588 2139 768 2177 Marcellus,

39 2189 73 2220 ii.
87 2193 159 2220 500.
195 2192 217 2207 “
233 2190 318 2229 Ergo
342 2189 480 2229 positum
506 2201 562 2230 pro
587 2190 623 2222 ed
650 2191 768 2223 caussd.

41 2241 209 2282 Virgilius,
224 2240 277 2271 lib.
292 2241 331 2271 vi.
347 2251 407 2272 ver.
423 2245 495 2273 670.

577 2311 597 2325 “
608 2310 680 2335 Illius
690 2318 747 2342 ergo

73 2348 95 2361 “
106 2347 243 2378 Venimus,
255 2351 282 2373 et
295 2355 408 2380 magnos
418 2350 496 2374 Erebi
507 2351 706 2375 transnavimus
717 2358 774 2376 am-

169 2388 188 2401 “
198 2393 253 2412 nes.

43 2446 68 2462 ‘⁶
86 2442 228 2483 Sisenna,
257 2445 327 2476 hist.
351 2446 405 2477 lib.
426 2446 465 2477 iv.
499 2447 628 2484 Milites,
657 2453 694 2479 ut
721 2449 772 2479 lex

44 2496 68 2514 “
86 2493 258 2534 Calpurnia
266 2503 467 2536 concesserat,
482 2500 605 2530 virtutis
616 2511 685 2539 ergo
697 2500 770 2530 civi-

44 2548 68 2565 “
81 2551 144 2577 tate
159 2547 297 2578 donati.''

90 2598 164 2629 Ver.
175 2602 225 2631 79.
241 2600 337 2630 Hanc
346 2602 531 2633 sententiam
539 2603 678 2634 Lucretii
689 2604 773 2635 mul.

0 2662 1 2681 ἢ
42 2654 115 2681 tum
129 2649 339 2689 illustrabunt,
351 2653 486 2684 invicem
497 2655 613 2694 collati,
625 2656 770 2696 Ovidius,

0 2722 1 2731 ,
44 2701 135 2741 epist.
152 2711 180 2732 x.
199 2706 247 2733 82.
266 2703 470 2741 Claudianus,
483 2706 517 2736 in
529 2707 638 2738 Rufin.
655 2708 686 2738 ii.
702 2712 769 2739 140.

45 2752 182 2792 Plinius,
194 2754 283 2795 epist.
295 2757 333 2787 vi.
345 2761 396 2788 20.
410 2761 458 2788 14.
478 2759 593 2798 Caesar,
605 2761 677 2791 bell.
690 2761 771 2792 Gall.

0 2814 1 2821 ¹
45 2805 97 2836 vii.
123 2808 173 2837 77.
217 2807 283 2838 Dio
315 2809 449 2847 Cassius,
480 2811 559 2852 frag.
591 2813 709 2843 cxxxvi.
739 2817 770 2844 4.

47 2868 124 2899 quos
157 2859 253 2892 latius
282 2873 346 2894 non
374 2864 600 2906 exhibebimus,
631 2866 772 2898 brevitati

0 2940 1 2968 3
48 2911 252 2950 consulentes,
282 2914 316 2946 in
338 2922 493 2958 quantum
517 2918 681 2952 Lucretius
705 2919 772 2960 ipse

814 1136 961 1175 patietur,
987 1146 1027 1165 ne
1048 1135 1224 1175 prolixitate
1244 1135 1539 1165 commentariorum

815 1192 993 1217 nostrorum
1008 1186 1137 1216 lectores
1151 1187 1357 1216 succumbant
1372 1185 1542 1226 defatigati.

857 1239 933 1268 Ver.
950 1241 1000 1267 80.
1022 1239 1143 1267 odium:
1172 1243 1213 1267 n.
1228 1239 1324 1267 hodie.

858 1288 939 1318 Ibid.
964 1290 1102 1327 Percipit
1127 1289 1240 1318 odium.
1295 1287 1345 1318 Sic
1370 1287 1542 1328 loquuntur

814 1344 846 1370 et
859 1339 912 1370 alii
937 1339 1012 1370 boni
1038 1339 1209 1379 scriptores
1252 1338 1431 1377 Terentius,
1456 1340 1540 1370 Eun.

813 1400 841 1421 v.
858 1394 886 1422 6.
903 1394 931 1422 2.

844 1468 936 1498 Neque
951 1466 1019 1499 agri,
1035 1473 1123 1498 neque
1139 1467 1221 1497 urbis,
1239 1467 1325 1492 odium
1344 1474 1389 1493 me
1405 1474 1537 1498 umquam

933 1506 1048 1539 percipit.

813 1575 958 1614 Plautus,
974 1574 1180 1612 Truculento,
1195 1573 1226 1604 ii.
1242 1576 1270 1605 5.
1291 1577 1338 1604 14.

846 1652 871 1677 Si
891 1653 960 1677 bene
977 1651 1067 1676 facere
1085 1651 1197 1683 incepit,
1218 1651 1273 1682 ejus
1293 1657 1356 1676 eum
1377 1650 1432 1675 cito
1453 1649 1538 1674 odium

934 1692 1048 1724 percipit.

859 1753 940 1784 Ibid.
959 1756 1124 1784 humanos:
1143 1753 1163 1783 i.
1180 1763 1205 1783 e.
1221 1755 1363 1783 homines.
1400 1752 1450 1782 Sic
1465 1752 1540 1783 Jus-

812 1804 908 1840 tinus,
924 1804 988 1835 xlii.
1003 1808 1033 1834 5.
1059 1810 1077 1822 “
1089 1804 1460 1834 Primus-—lzumanorum
1473 1809 1541 1842 post

814 1859 836 1874 “
853 1855 1027 1886 Herculem
1038 1861 1068 1885 et
1082 1854 1316 1885 Liberum—:”
1333 1854 1373 1885 ad
1387 1865 1481 1895 quem
1494 1855 1538 1885 lo-

814 1917 888 1938 cum
903 1908 953 1937 vix
969 1907 1116 1947 parallela
1131 1913 1204 1937 sunt
1219 1907 1385 1946 interprete
1400 1917 1536 1938 corrasa:

814 1959 884 1990 vide
899 1966 1052 1998 nostrum,
1068 1959 1107 1989 ad
1123 1969 1149 1989 v.
1168 1962 1260 1990 1155.
1283 1965 1314 1988 et
1331 1959 1539 1998 Gronovium,

814 2011 854 2041 ad
869 2011 938 2041 Liv.
956 2011 1018 2042 viii.
1037 2015 1066 2043 9.
1085 2015 1136 2042 10.
1182 2011 1283 2041 Faber
1307 2011 1340 2041 in
1363 2011 1480 2042 Lexico
1502 2022 1541 2042 ex

816 2064 957 2094 Varrone
978 2074 1106 2094 auream
1121 2064 1306 2094 sententiam
1322 2064 1461 2103 protulit,
1478 2066 1540 2095 huc

813 2116 952 2156 apprime
967 2116 1146 2147 facientem:

906 2184 1007 2209 Natura
1018 2184 1137 2209 humanis
1148 2184 1239 2209 omnia
1249 2187 1312 2209 sunt
1323 2185 1406 2216 paria.

854 2244 929 2275 Ver.
949 2247 1000 2275 81.
1022 2246 1177 2275 moerencz‘:
1197 2245 1240 2275 V.
1257 2245 1304 2276 ed.
1319 2247 1478 2276 morienti:
1497 2251 1540 2283 et,

813 2294 846 2325 in
861 2305 951 2325 versu
966 2301 1125 2336 sequente,
1150 2298 1272 2335 liabent,
1290 2307 1345 2335 pro
1362 2299 1460 2333 lzunc;
1484 2307 1539 2326 ne-

816 2357 877 2387 que
892 2346 981 2377 aliter
995 2347 1042 2377 bis
1057 2347 1089 2377 in
1106 2357 1166 2378 ver.
1182 2351 1233 2378 85.
1255 2359 1271 2379 c
1287 2358 1360 2378 cum
1376 2355 1387 2379 t
1404 2353 1540 2384 mutato;

815 2402 861 2431 Ιιέ.

858 2452 935 2482 Ver.
963 2455 1013 2482 85.
1045 2454 1127 2483 hunc
1157 2453 1345 2483 secundum:
1385 2459 1425 2483 Π.
1463 2455 1539 2489 huc,-

815 2503 901 2534 unde
929 2504 1008 2534 mihi
1032 2505 1189 2544 probabile
1218 2505 1391 2536 admodum
1420 2505 1541 2536 videtur

815 2555 999 2586 Lucretium
1015 2556 1182 2595 scripsisse:

1195 2627 1233 2651 hic
1243 2626 1351 2650 vincula
1360 2625 1490 2652 amicitiai*

845 2667 991 2698 Rumpere,
1011 2671 1049 2697 et,
1069 2667 1095 2691 in
1113 2667 1232 2697 summa,
1253 2667 1384 2699 pietatem
1402 2670 1537 2695 evertere.

934 2708 1038 2733 suadet.

858 2765 933 2797 Ver.
946 2769 994 2797 84.
1000 2768 1145 2806 pietatem
1153 2779 1163 2796 .·
1177 2764 1274 2796 Vind.
1286 2765 1327 2796 V.
1339 2765 1387 2797 ed.
1399 2766 1437 2797 B.
1449 2766 1488 2796 O.
1500 2766 1538 2801 Q.

811 2818 924 2856 pietate
932 2832 943 2853 ;
970 2817 1052 2847 facili
1082 2824 1382 2849 errore—evomere:
1411 2817 1451 2854 Q.
1473 2828 1537 2849 ver-

814 2875 885 2900 tere.

861 2920 941 2954 Ibid.
956 2924 1062 2955 suadet
1069 2936 1080 2954 .·
1098 2931 1212 2964 nempe
1226 2923 1276 2955 hic
1291 2923 1382 2955 timor
1387 2936 1400 2960 ,-
1418 2920 1539 2954 mutati
