<?xml version="1.0" encoding="UTF-8"?>
<!DOCTYPE html PUBLIC "-//W3C//DTD XHTML 1.0 Transitional//EN"
    "http://www.w3.org/TR/xhtml1/DTD/xhtml1-transitional.dtd">
<html xmlns="http://www.w3.org/1999/xhtml" xml:lang="en" lang="en">
 <head>
  <title>
</title>
<meta http-equiv="Content-Type" content="text/html;charset=utf-8" />
  <meta name='ocr-system' content='tesseract 3.04.00' />
  <meta name='ocr-capabilities' content='ocr_page ocr_carea ocr_par ocr_line ocrx_word'/>
</head>
<body>
  <div class='ocr_page' id='page_1' title='image "./tlucretiicarider02lucruoft_0347.png"; bbox 0 0 1912 3292; ppageno 0'>
   <div class='ocr_carea' id='block_1_1' title="bbox 454 261 1118 320">
    <p class='ocr_par' dir='ltr' id='par_1_1' title="bbox 454 261 1118 320">
     <span class='ocr_line' id='line_1_1' title="bbox 454 261 1118 320; baseline -0.005 -6"><span class='ocrx_word' id='word_1_1' title='bbox 454 266 686 314; x_wconf 89' lang='lat' dir='ltr'>LIBER</span> <span class='ocrx_word' id='word_1_2' title='bbox 740 261 1118 320; x_wconf 83' lang='lat' dir='ltr'><strong>QUARTUS.</strong></span> 
     </span>
    </p>
   </div>
   <div class='ocr_carea' id='block_1_2' title="bbox 1439 270 1526 316">
    <p class='ocr_par' dir='ltr' id='par_1_2' title="bbox 1439 270 1526 316">
     <span class='ocr_line' id='line_1_2' title="bbox 1439 270 1526 316; baseline -0.011 -6"><span class='ocrx_word' id='word_1_3' title='bbox 1439 270 1526 316; x_wconf 79' lang='lat'>271</span> 
     </span>
    </p>
   </div>
   <div class='ocr_carea' id='block_1_3' title="bbox 185 392 1187 517">
    <p class='ocr_par' dir='ltr' id='par_1_3' title="bbox 185 392 1187 517">
     <span class='ocr_line' id='line_1_3' title="bbox 185 392 1187 449; baseline -0.007 -8"><span class='ocrx_word' id='word_1_4' title='bbox 185 399 323 440; x_wconf 84' lang='lat' dir='ltr'>Insula</span> <span class='ocrx_word' id='word_1_5' title='bbox 341 395 565 449; x_wconf 89' lang='lat' dir='ltr'>conjunctis</span> <span class='ocrx_word' id='word_1_6' title='bbox 584 401 722 434; x_wconf 86' lang='lat' dir='ltr'>tamen</span> <span class='ocrx_word' id='word_1_7' title='bbox 743 406 795 432; x_wconf 87' lang='lat' dir='ltr'>ex</span> <span class='ocrx_word' id='word_1_8' title='bbox 815 392 893 432; x_wconf 87' lang='lat' dir='ltr'>hiis</span> <span class='ocrx_word' id='word_1_9' title='bbox 913 406 997 433; x_wconf 89' lang='lat' dir='ltr'>una</span> <span class='ocrx_word' id='word_1_10' title='bbox 1016 393 1187 435; x_wconf 86' lang='lat' dir='ltr'>videtur.</span> 
     </span>
     <span class='ocr_line' id='line_1_4' title="bbox 242 465 1187 517; baseline -0.007 -4"><span class='ocrx_word' id='word_1_11' title='bbox 242 472 361 513; x_wconf 82' lang='lat' dir='ltr'>Atria</span> <span class='ocrx_word' id='word_1_12' title='bbox 378 468 547 516; x_wconf 83' lang='lat' dir='ltr'>vorsari,</span> <span class='ocrx_word' id='word_1_13' title='bbox 570 475 611 508; x_wconf 88' lang='lat' dir='ltr'>et</span> <span class='ocrx_word' id='word_1_14' title='bbox 631 467 949 507; x_wconf 82' lang='lat' dir='ltr'>circumcursare</span> <span class='ocrx_word' id='word_1_15' title='bbox 969 465 1187 517; x_wconf 88' lang='lat' dir='ltr'>columnae,</span> 
     </span>
    </p>
   </div>
   <div class='ocr_carea' id='block_1_4' title="bbox 186 540 1247 599">
    <p class='ocr_par' dir='ltr' id='par_1_4' title="bbox 186 540 1247 599">
     <span class='ocr_line' id='line_1_5' title="bbox 186 540 1247 599; baseline -0.007 -12"><span class='ocrx_word' id='word_1_16' title='bbox 186 545 326 599; x_wconf 85' lang='lat' dir='ltr'>Usque</span> <span class='ocrx_word' id='word_1_17' title='bbox 345 541 448 583; x_wconf 87' lang='lat' dir='ltr'>adeo</span> <span class='ocrx_word' id='word_1_18' title='bbox 468 541 515 582; x_wconf 82' lang='lat' dir='ltr'>fit</span> <span class='ocrx_word' id='word_1_19' title='bbox 534 541 617 582; x_wconf 88' lang='lat' dir='ltr'>utei</span> <span class='ocrx_word' id='word_1_20' title='bbox 636 541 774 595; x_wconf 87' lang='lat' dir='ltr'>pueris</span> <span class='ocrx_word' id='word_1_21' title='bbox 793 540 1024 590; x_wconf 89' lang='lat' dir='ltr'>videantur,</span> <span class='ocrx_word' id='word_1_22' title='bbox 1056 540 1128 581; x_wconf 93' lang='lat' dir='ltr'>ubi</span> <span class='ocrx_word' id='word_1_23' title='bbox 1148 541 1247 595; x_wconf 87' lang='lat' dir='ltr'>ipsei</span> 
     </span>
    </p>
   </div>
   <div class='ocr_carea' id='block_1_5' title="bbox 181 615 1180 670">
    <p class='ocr_par' dir='ltr' id='par_1_5' title="bbox 181 615 1180 670">
     <span class='ocr_line' id='line_1_6' title="bbox 181 615 1180 670; baseline -0.003 -12"><span class='ocrx_word' id='word_1_24' title='bbox 181 617 404 660; x_wconf 85' lang='lat' dir='ltr'>Desierunt</span> <span class='ocrx_word' id='word_1_25' title='bbox 422 616 543 666; x_wconf 88' lang='lat' dir='ltr'>vorti,</span> <span class='ocrx_word' id='word_1_26' title='bbox 565 616 634 656; x_wconf 87' lang='lat' dir='ltr'>vix</span> <span class='ocrx_word' id='word_1_27' title='bbox 654 622 700 656; x_wconf 89' lang='lat' dir='ltr'>ut</span> <span class='ocrx_word' id='word_1_28' title='bbox 712 616 801 670; x_wconf 88' lang='lat' dir='ltr'>jam</span> <span class='ocrx_word' id='word_1_29' title='bbox 821 615 987 656; x_wconf 88' lang='lat' dir='ltr'>credere</span> <span class='ocrx_word' id='word_1_30' title='bbox 1007 615 1180 669; x_wconf 85' lang='lat' dir='ltr'>possint,</span> 
     </span>
    </p>
   </div>
   <div class='ocr_carea' id='block_1_6' title="bbox 70 689 1132 744">
    <p class='ocr_par' dir='ltr' id='par_1_6' title="bbox 70 689 1132 744">
     <span class='ocr_line' id='line_1_7' title="bbox 70 689 1132 744; baseline -0.004 -11"><span class='ocrx_word' id='word_1_31' title='bbox 70 696 151 734; x_wconf 77' lang='lat'>405</span> <span class='ocrx_word' id='word_1_32' title='bbox 183 691 280 732; x_wconf 89' lang='lat' dir='ltr'>Non</span> <span class='ocrx_word' id='word_1_33' title='bbox 301 704 424 744; x_wconf 88' lang='lat' dir='ltr'>supra</span> <span class='ocrx_word' id='word_1_34' title='bbox 444 704 528 731; x_wconf 89' lang='lat' dir='ltr'>sese</span> <span class='ocrx_word' id='word_1_35' title='bbox 547 704 665 730; x_wconf 90' lang='lat' dir='ltr'>ruere</span> <span class='ocrx_word' id='word_1_36' title='bbox 685 690 826 730; x_wconf 88' lang='lat' dir='ltr'>omnia</span> <span class='ocrx_word' id='word_1_37' title='bbox 845 696 952 730; x_wconf 89' lang='lat' dir='ltr'>tecta</span> <span class='ocrx_word' id='word_1_38' title='bbox 971 689 1132 729; x_wconf 83' lang='lat' dir='ltr'>minari.</span> 
     </span>
    </p>
   </div>
   <div class='ocr_carea' id='block_1_7' title="bbox 237 762 1401 820">
    <p class='ocr_par' dir='ltr' id='par_1_7' title="bbox 237 762 1401 820">
     <span class='ocr_line' id='line_1_8' title="bbox 237 762 1401 820; baseline 0.002 -16"><span class='ocrx_word' id='word_1_39' title='bbox 237 764 412 820; x_wconf 85' lang='lat' dir='ltr'>Jamque</span> <span class='ocrx_word' id='word_1_40' title='bbox 431 764 603 805; x_wconf 87' lang='lat' dir='ltr'>rubrum</span> <span class='ocrx_word' id='word_1_41' title='bbox 623 763 804 805; x_wconf 80' lang='lat' dir='ltr'>tremulis</span> <span class='ocrx_word' id='word_1_42' title='bbox 817 763 941 819; x_wconf 85' lang='lat' dir='ltr'>jubar</span> <span class='ocrx_word' id='word_1_43' title='bbox 961 762 1126 819; x_wconf 80' lang='lat' dir='ltr'>ignibus</span> <span class='ocrx_word' id='word_1_44' title='bbox 1147 763 1303 820; x_wconf 83' lang='lat' dir='ltr'>erigere</span> <span class='ocrx_word' id='word_1_45' title='bbox 1323 764 1401 806; x_wconf 74' lang='lat' dir='ltr'>alte</span> 
     </span>
    </p>
   </div>
   <div class='ocr_carea' id='block_1_8' title="bbox 39 922 767 1164">
    <p class='ocr_par' dir='ltr' id='par_1_8' title="bbox 40 922 766 1013">
     <span class='ocr_line' id='line_1_9' title="bbox 40 922 766 963; baseline 0 -10"><span class='ocrx_word' id='word_1_46' title='bbox 40 922 160 960; x_wconf 79' lang='lat' dir='ltr'>montis,</span> <span class='ocrx_word' id='word_1_47' title='bbox 176 931 233 960; x_wconf 86' lang='lat' dir='ltr'>pro</span> <span class='ocrx_word' id='word_1_48' title='bbox 249 922 435 963; x_wconf 77' lang='lat' dir='ltr'>conjunctis:</span> <span class='ocrx_word' id='word_1_49' title='bbox 453 922 473 952; x_wconf 87' lang='lat' dir='ltr'>i.</span> <span class='ocrx_word' id='word_1_50' title='bbox 489 932 517 953; x_wconf 90' lang='lat' dir='ltr'>e.</span> <span class='ocrx_word' id='word_1_51' title='bbox 534 933 615 960; x_wconf 88' lang='lat' dir='ltr'>cum,</span> <span class='ocrx_word' id='word_1_52' title='bbox 631 932 688 962; x_wconf 88' lang='lat' dir='ltr'>pro</span> <span class='ocrx_word' id='word_1_53' title='bbox 703 933 766 957; x_wconf 83' lang='lat' dir='ltr'>con,</span> 
     </span>
     <span class='ocr_line' id='line_1_10' title="bbox 41 973 628 1013; baseline 0.003 -11"><span class='ocrx_word' id='word_1_54' title='bbox 41 978 77 1003; x_wconf 87' lang='lat' dir='ltr'>ut</span> <span class='ocrx_word' id='word_1_55' title='bbox 91 973 218 1012; x_wconf 81' lang='lat' dir='ltr'>saepius3</span> <span class='ocrx_word' id='word_1_56' title='bbox 241 979 272 1003; x_wconf 90' lang='lat' dir='ltr'>et</span> <span class='ocrx_word' id='word_1_57' title='bbox 286 975 408 1011; x_wconf 74' lang='lat' dir='ltr'>montis,</span> <span class='ocrx_word' id='word_1_58' title='bbox 431 973 628 1013; x_wconf 79' lang='lat' dir='ltr'>vicejonctz&#39;s.</span> 
     </span>
    </p>

    <p class='ocr_par' dir='ltr' id='par_1_9' title="bbox 39 1024 763 1115">
     <span class='ocr_line' id='line_1_11' title="bbox 83 1024 763 1061; baseline 0 -7"><span class='ocrx_word' id='word_1_59' title='bbox 83 1024 162 1054; x_wconf 83' lang='lat' dir='ltr'>Ver.</span> <span class='ocrx_word' id='word_1_60' title='bbox 178 1027 250 1055; x_wconf 80' lang='lat'>402.</span> <span class='ocrx_word' id='word_1_61' title='bbox 272 1027 439 1056; x_wconf 64' lang='lat' dir='ltr'>columnae:</span> <span class='ocrx_word' id='word_1_62' title='bbox 471 1030 506 1055; x_wconf 91' lang='grc' dir='ltr'>Δ.</span> <span class='ocrx_word' id='word_1_63' title='bbox 523 1027 674 1061; x_wconf 63' lang='lat' dir='ltr'>columem-</span> <span class='ocrx_word' id='word_1_64' title='bbox 701 1030 763 1055; x_wconf 88' lang='lat' dir='ltr'>tra-</span> 
     </span>
     <span class='ocr_line' id='line_1_12' title="bbox 39 1074 250 1115; baseline -0.005 -9"><span class='ocrx_word' id='word_1_65' title='bbox 39 1074 131 1115; x_wconf 76' lang='lat' dir='ltr'>jectis</span> <span class='ocrx_word' id='word_1_66' title='bbox 145 1075 250 1106; x_wconf 88' lang='lat' dir='ltr'>literis.</span> 
     </span>
    </p>

    <p class='ocr_par' dir='ltr' id='par_1_10' title="bbox 85 1127 767 1164">
     <span class='ocr_line' id='line_1_13' title="bbox 85 1127 767 1164; baseline 0.001 -7"><span class='ocrx_word' id='word_1_67' title='bbox 85 1127 168 1158; x_wconf 89' lang='lat' dir='ltr'>Ibid.</span> <span class='ocrx_word' id='word_1_68' title='bbox 191 1129 286 1158; x_wconf 76' lang='lat' dir='ltr'>Atria</span> <span class='ocrx_word' id='word_1_69' title='bbox 302 1130 426 1159; x_wconf 72' lang='lat' dir='ltr'>versari.</span> <span class='ocrx_word' id='word_1_70' title='bbox 449 1128 473 1159; x_wconf 86' lang='lat' dir='ltr'><strong>J</strong></span> <span class='ocrx_word' id='word_1_71' title='bbox 474 1128 621 1164; x_wconf 86' lang='lat' dir='ltr'>uvenalis,</span> <span class='ocrx_word' id='word_1_72' title='bbox 638 1129 678 1158; x_wconf 85' lang='lat' dir='ltr'>vi.</span> <span class='ocrx_word' id='word_1_73' title='bbox 693 1131 767 1159; x_wconf 76' lang='lat'>504.</span> 
     </span>
    </p>
   </div>
   <div class='ocr_carea' id='block_1_9' title="bbox 71 1221 225 1228">
    <p class='ocr_par' dir='ltr' id='par_1_11' title="bbox 71 1221 225 1228">
     <span class='ocr_line' id='line_1_14' title="bbox 71 1221 225 1228; baseline 0 0"><span class='ocrx_word' id='word_1_74' title='bbox 71 1221 225 1228; x_wconf 95' lang='lat' dir='ltr'> </span> 
     </span>
    </p>
   </div>
   <div class='ocr_carea' id='block_1_10' title="bbox 229 1222 317 1229">
    <p class='ocr_par' dir='ltr' id='par_1_12' title="bbox 229 1222 317 1229">
     <span class='ocr_line' id='line_1_15' title="bbox 229 1222 317 1229; baseline 0 0"><span class='ocrx_word' id='word_1_75' title='bbox 229 1222 317 1229; x_wconf 95' lang='lat' dir='ltr'> </span> 
     </span>
    </p>
   </div>
   <div class='ocr_carea' id='block_1_11' title="bbox 74 1209 710 1273">
    <p class='ocr_par' dir='ltr' id='par_1_13' title="bbox 74 1209 710 1273">
     <span class='ocr_line' id='line_1_16' title="bbox 326 1209 710 1242; baseline 0.003 -9"><span class='ocrx_word' id='word_1_76' title='bbox 326 1215 390 1233; x_wconf 89' lang='lat' dir='ltr'>cum</span> <span class='ocrx_word' id='word_1_77' title='bbox 399 1209 454 1240; x_wconf 85' lang='lat' dir='ltr'>jam</span> <span class='ocrx_word' id='word_1_78' title='bbox 466 1209 594 1242; x_wconf 79' lang='lat' dir='ltr'>vertigine</span> <span class='ocrx_word' id='word_1_79' title='bbox 604 1212 710 1234; x_wconf 86' lang='lat' dir='ltr'>tectum</span> 
     </span>
     <span class='ocr_line' id='line_1_17' title="bbox 74 1248 205 1273; baseline -0.008 0"><span class='ocrx_word' id='word_1_80' title='bbox 74 1248 205 1273; x_wconf 75' lang='lat' dir='ltr'>Ambulat.</span> 
     </span>
    </p>
   </div>
   <div class='ocr_carea' id='block_1_12' title="bbox 42 1318 772 1563">
    <p class='ocr_par' dir='ltr' id='par_1_14' title="bbox 42 1318 772 1563">
     <span class='ocr_line' id='line_1_18' title="bbox 42 1318 768 1359; baseline 0.004 -11"><span class='ocrx_word' id='word_1_81' title='bbox 42 1318 141 1355; x_wconf 88' lang='lat' dir='ltr'>Hinc,</span> <span class='ocrx_word' id='word_1_82' title='bbox 157 1319 279 1358; x_wconf 87' lang='lat' dir='ltr'>opinor,</span> <span class='ocrx_word' id='word_1_83' title='bbox 303 1325 429 1359; x_wconf 86' lang='lat' dir='ltr'>etymon</span> <span class='ocrx_word' id='word_1_84' title='bbox 445 1319 528 1350; x_wconf 88' lang='lat' dir='ltr'>vocis</span> <span class='ocrx_word' id='word_1_85' title='bbox 542 1321 660 1351; x_wconf 82' lang='lat' dir='ltr'>ambulo</span> <span class='ocrx_word' id='word_1_86' title='bbox 680 1319 768 1351; x_wconf 82' lang='lat' dir='ltr'>inda-</span> 
     </span>
     <span class='ocr_line' id='line_1_19' title="bbox 43 1370 770 1411; baseline 0.003 -11"><span class='ocrx_word' id='word_1_87' title='bbox 43 1370 110 1410; x_wconf 85' lang='lat' dir='ltr'>gari</span> <span class='ocrx_word' id='word_1_88' title='bbox 124 1370 232 1409; x_wconf 88' lang='lat' dir='ltr'>possit;</span> <span class='ocrx_word' id='word_1_89' title='bbox 248 1381 348 1411; x_wconf 91' lang='lat' dir='ltr'>quum</span> <span class='ocrx_word' id='word_1_90' title='bbox 363 1371 530 1401; x_wconf 82' lang='lat' dir='ltr'>certissime</span> <span class='ocrx_word' id='word_1_91' title='bbox 545 1371 644 1402; x_wconf 90' lang='lat' dir='ltr'>valeat</span> <span class='ocrx_word' id='word_1_92' title='bbox 660 1372 694 1401; x_wconf 93' lang='lat' dir='ltr'>in</span> <span class='ocrx_word' id='word_1_93' title='bbox 710 1373 770 1402; x_wconf 93' lang='lat' dir='ltr'>hoc</span> 
     </span>
     <span class='ocr_line' id='line_1_20' title="bbox 42 1419 772 1460; baseline 0.003 -10"><span class='ocrx_word' id='word_1_94' title='bbox 42 1419 113 1450; x_wconf 89' lang='lat' dir='ltr'>loco</span> <span class='ocrx_word' id='word_1_95' title='bbox 127 1423 308 1460; x_wconf 81' lang='lat' dir='ltr'>circumagi,</span> <span class='ocrx_word' id='word_1_96' title='bbox 336 1421 384 1451; x_wconf 92' lang='lat' dir='ltr'>vel</span> <span class='ocrx_word' id='word_1_97' title='bbox 398 1424 599 1453; x_wconf 81' lang='lat' dir='ltr'>circumvolvi.</span> <span class='ocrx_word' id='word_1_98' title='bbox 642 1423 772 1453; x_wconf 84' lang='lat' dir='ltr'>Constat</span> 
     </span>
     <span class='ocr_line' id='line_1_21' title="bbox 43 1469 771 1513; baseline 0.007 -13"><span class='ocrx_word' id='word_1_99' title='bbox 43 1470 142 1512; x_wconf 89' lang='lat' dir='ltr'>igitur</span> <span class='ocrx_word' id='word_1_100' title='bbox 157 1469 194 1501; x_wconf 65' lang='lat' dir='ltr'>el}</span> <span class='ocrx_word' id='word_1_101' title='bbox 213 1472 330 1502; x_wconf 89' lang='lat' dir='ltr'>Graecis</span> <span class='ocrx_word' id='word_1_102' title='bbox 352 1480 428 1513; x_wconf 73' lang='grc' dir='ltr'>αμφι</span> <span class='ocrx_word' id='word_1_103' title='bbox 453 1478 484 1503; x_wconf 91' lang='lat' dir='ltr'>et</span> <span class='ocrx_word' id='word_1_104' title='bbox 513 1481 601 1510; x_wconf 71' lang='grc' dir='ltr'><em>ειλεω,</em></span> <span class='ocrx_word' id='word_1_105' title='bbox 624 1473 674 1504; x_wconf 88' lang='lat' dir='ltr'>vel</span> <span class='ocrx_word' id='word_1_106' title='bbox 696 1481 771 1505; x_wconf 74' lang='grc' dir='ltr'><strong>ιλεω.</strong></span> 
     </span>
     <span class='ocr_line' id='line_1_22' title="bbox 46 1521 458 1563; baseline 0.005 -11"><span class='ocrx_word' id='word_1_107' title='bbox 46 1521 210 1563; x_wconf 86' lang='lat' dir='ltr'>Virgilius,</span> <span class='ocrx_word' id='word_1_108' title='bbox 226 1524 301 1554; x_wconf 86' lang='lat' dir='ltr'>AEn.</span> <span class='ocrx_word' id='word_1_109' title='bbox 318 1523 370 1555; x_wconf 89' lang='lat' dir='ltr'>vii.</span> <span class='ocrx_word' id='word_1_110' title='bbox 388 1526 458 1555; x_wconf 91' lang='lat'>784.</span> 
     </span>
    </p>
   </div>
   <div class='ocr_carea' id='block_1_13' title="bbox 73 1604 718 1675">
    <p class='ocr_par' dir='ltr' id='par_1_15' title="bbox 73 1604 718 1675">
     <span class='ocr_line' id='line_1_23' title="bbox 74 1604 718 1638; baseline 0.005 -9"><span class='ocrx_word' id='word_1_111' title='bbox 74 1605 133 1636; x_wconf 87' lang='lat' dir='ltr'>Ipse</span> <span class='ocrx_word' id='word_1_112' title='bbox 143 1604 214 1630; x_wconf 86' lang='lat' dir='ltr'>inter</span> <span class='ocrx_word' id='word_1_113' title='bbox 224 1605 324 1636; x_wconf 74' lang='lat' dir='ltr'>primos</span> <span class='ocrx_word' id='word_1_114' title='bbox 334 1606 476 1637; x_wconf 78' lang='lat' dir='ltr'>praestanti</span> <span class='ocrx_word' id='word_1_115' title='bbox 487 1612 599 1638; x_wconf 84' lang='lat' dir='ltr'>corpore</span> <span class='ocrx_word' id='word_1_116' title='bbox 609 1608 718 1632; x_wconf 84' lang='lat' dir='ltr'>Turnus</span> 
     </span>
     <span class='ocr_line' id='line_1_24' title="bbox 73 1644 400 1675; baseline 0.006 -7"><span class='ocrx_word' id='word_1_117' title='bbox 73 1644 196 1675; x_wconf 80' lang='lat' dir='ltr'>Vertitur,</span> <span class='ocrx_word' id='word_1_118' title='bbox 209 1651 285 1670; x_wconf 85' lang='lat' dir='ltr'>arma</span> <span class='ocrx_word' id='word_1_119' title='bbox 296 1648 400 1670; x_wconf 81' lang='lat' dir='ltr'>tenens.</span> 
     </span>
    </p>
   </div>
   <div class='ocr_carea' id='block_1_14' title="bbox 46 1723 776 1909">
    <p class='ocr_par' dir='ltr' id='par_1_16' title="bbox 46 1723 776 1909">
     <span class='ocr_line' id='line_1_25' title="bbox 46 1723 776 1766; baseline 0.003 -13"><span class='ocrx_word' id='word_1_120' title='bbox 46 1723 67 1753; x_wconf 90' lang='lat' dir='ltr'>i.</span> <span class='ocrx_word' id='word_1_121' title='bbox 82 1733 108 1754; x_wconf 90' lang='lat' dir='ltr'>e.</span> <span class='ocrx_word' id='word_1_122' title='bbox 131 1732 347 1766; x_wconf 65' lang='grc' dir='ltr'>αναστρεφεται,</span> <span class='ocrx_word' id='word_1_123' title='bbox 366 1725 502 1755; x_wconf 81' lang='lat' dir='ltr'>ambulat</span> <span class='ocrx_word' id='word_1_124' title='bbox 508 1741 518 1761; x_wconf 92' lang='lat'><em>;</em></span> <span class='ocrx_word' id='word_1_125' title='bbox 546 1724 600 1755; x_wconf 88' lang='lat' dir='ltr'>sed</span> <span class='ocrx_word' id='word_1_126' title='bbox 615 1731 650 1755; x_wconf 86' lang='lat' dir='ltr'>ut</span> <span class='ocrx_word' id='word_1_127' title='bbox 665 1725 776 1755; x_wconf 85' lang='lat' dir='ltr'>innuat</span> 
     </span>
     <span class='ocr_line' id='line_1_26' title="bbox 50 1776 770 1816; baseline 0.003 -11"><span class='ocrx_word' id='word_1_128' title='bbox 50 1779 157 1805; x_wconf 87' lang='lat' dir='ltr'>tamen</span> <span class='ocrx_word' id='word_1_129' title='bbox 172 1776 312 1816; x_wconf 76' lang='lat' dir='ltr'>vigorem</span> <span class='ocrx_word' id='word_1_130' title='bbox 331 1776 444 1813; x_wconf 86' lang='lat' dir='ltr'>Turni,</span> <span class='ocrx_word' id='word_1_131' title='bbox 461 1782 554 1816; x_wconf 89' lang='lat' dir='ltr'>atque</span> <span class='ocrx_word' id='word_1_132' title='bbox 569 1777 770 1807; x_wconf 82' lang='lat' dir='ltr'>habilitatem:</span> 
     </span>
     <span class='ocr_line' id='line_1_27' title="bbox 51 1826 775 1863; baseline 0.004 -8"><span class='ocrx_word' id='word_1_133' title='bbox 51 1836 90 1855; x_wconf 87' lang='lat' dir='ltr'>ex</span> <span class='ocrx_word' id='word_1_134' title='bbox 107 1826 276 1857; x_wconf 85' lang='lat' dir='ltr'>Maeonidis</span> <span class='ocrx_word' id='word_1_135' title='bbox 290 1827 466 1857; x_wconf 80' lang='lat' dir='ltr'>imitatione</span> <span class='ocrx_word' id='word_1_136' title='bbox 482 1826 658 1863; x_wconf 70' lang='lat' dir='ltr'>manifesta,</span> <span class='ocrx_word' id='word_1_137' title='bbox 681 1827 720 1858; x_wconf 90' lang='lat' dir='ltr'>ad</span> <span class='ocrx_word' id='word_1_138' title='bbox 736 1827 775 1858; x_wconf 95' lang='lat' dir='ltr'>Il.</span> 
     </span>
     <span class='ocr_line' id='line_1_28' title="bbox 51 1880 156 1909; baseline 0 -2"><span class='ocrx_word' id='word_1_139' title='bbox 51 1883 90 1907; x_wconf 91' lang='lat' dir='ltr'>M.</span> <span class='ocrx_word' id='word_1_140' title='bbox 106 1880 156 1909; x_wconf 86' lang='lat'>49.</span> 
     </span>
    </p>
   </div>
   <div class='ocr_carea' id='block_1_15' title="bbox 86 1956 724 1994">
    <p class='ocr_par' dir='ltr' id='par_1_17' title="bbox 86 1956 724 1994">
     <span class='ocr_line' id='line_1_29' title="bbox 86 1956 724 1994; baseline 0.008 -14"><span class='ocrx_word' id='word_1_141' title='bbox 86 1956 136 1984; x_wconf 83' lang='grc' dir='ltr'>Ὠς</span> <span class='ocrx_word' id='word_1_142' title='bbox 150 1957 248 1994; x_wconf 77' lang='grc' dir='ltr'><em>Ἕκτωρ</em></span> <span class='ocrx_word' id='word_1_143' title='bbox 263 1958 302 1984; x_wconf 82' lang='grc' dir='ltr'><em>οιν’</em></span> <span class='ocrx_word' id='word_1_144' title='bbox 314 1958 407 1993; x_wconf 72' lang='grc' dir='ltr'>ὅμιλον,</span> <span class='ocrx_word' id='word_1_145' title='bbox 428 1969 474 1989; x_wconf 65' lang='grc' dir='ltr'>κων,</span> <span class='ocrx_word' id='word_1_146' title='bbox 495 1958 724 1985; x_wconf 71' lang='grc' dir='ltr'>ΕΙΛΙΣΣΕΘ’-τ</span> 
     </span>
    </p>
   </div>
   <div class='ocr_carea' id='block_1_16' title="bbox 51 2024 778 2171">
    <p class='ocr_par' dir='ltr' id='par_1_18' title="bbox 51 2024 778 2171">
     <span class='ocr_line' id='line_1_30' title="bbox 51 2024 778 2069; baseline 0.008 -16"><span class='ocrx_word' id='word_1_147' title='bbox 51 2024 96 2054; x_wconf 85' lang='lat' dir='ltr'>ita</span> <span class='ocrx_word' id='word_1_148' title='bbox 117 2024 204 2055; x_wconf 87' lang='lat' dir='ltr'>locus</span> <span class='ocrx_word' id='word_1_149' title='bbox 228 2032 294 2057; x_wconf 87' lang='lat' dir='ltr'>erat</span> <span class='ocrx_word' id='word_1_150' title='bbox 319 2028 598 2069; x_wconf 87' lang='lat' dir='ltr'>interpungendus.</span> <span class='ocrx_word' id='word_1_151' title='bbox 642 2029 778 2059; x_wconf 81' lang='lat' dir='ltr'>Pulchre</span> 
     </span>
     <span class='ocr_line' id='line_1_31' title="bbox 52 2075 777 2120; baseline 0.008 -15"><span class='ocrx_word' id='word_1_152' title='bbox 52 2075 184 2116; x_wconf 82' lang='lat' dir='ltr'>vestigia</span> <span class='ocrx_word' id='word_1_153' title='bbox 205 2079 335 2109; x_wconf 81' lang='lat' dir='ltr'>maximi</span> <span class='ocrx_word' id='word_1_154' title='bbox 352 2080 450 2118; x_wconf 82' lang='lat' dir='ltr'>po&#39;etae</span> <span class='ocrx_word' id='word_1_155' title='bbox 471 2080 643 2120; x_wconf 90' lang='lat' dir='ltr'>Dionysius</span> <span class='ocrx_word' id='word_1_156' title='bbox 656 2081 777 2111; x_wconf 90' lang='lat' dir='ltr'>insecu-</span> 
     </span>
     <span class='ocr_line' id='line_1_32' title="bbox 51 2130 398 2171; baseline 0.012 -13"><span class='ocrx_word' id='word_1_157' title='bbox 51 2132 102 2158; x_wconf 90' lang='lat' dir='ltr'>tus</span> <span class='ocrx_word' id='word_1_158' title='bbox 115 2134 170 2164; x_wconf 85' lang='lat' dir='ltr'>est,</span> <span class='ocrx_word' id='word_1_159' title='bbox 193 2130 309 2171; x_wconf 86' lang='lat' dir='ltr'>perieg.</span> <span class='ocrx_word' id='word_1_160' title='bbox 327 2133 398 2162; x_wconf 83' lang='lat'>546.</span> 
     </span>
    </p>
   </div>
   <div class='ocr_carea' id='block_1_17' title="bbox 71 2215 764 2300">
    <p class='ocr_par' dir='ltr' id='par_1_19' title="bbox 71 2215 764 2300">
     <span class='ocr_line' id='line_1_33' title="bbox 71 2215 689 2252; baseline 0.003 -10"><span class='ocrx_word' id='word_1_161' title='bbox 71 2217 134 2243; x_wconf 67' lang='grc' dir='ltr'><strong><em>Κειθι</em></strong></span> <span class='ocrx_word' id='word_1_162' title='bbox 148 2215 171 2240; x_wconf 79' lang='grc' dir='ltr'>δ’</span> <span class='ocrx_word' id='word_1_163' title='bbox 184 2216 313 2250; x_wconf 72' lang='grc' dir='ltr'>Αχιλληος</span> <span class='ocrx_word' id='word_1_164' title='bbox 328 2225 354 2242; x_wconf 71' lang='grc' dir='ltr'>τε</span> <span class='ocrx_word' id='word_1_165' title='bbox 367 2227 414 2243; x_wconf 64' lang='grc' dir='ltr'>και</span> <span class='ocrx_word' id='word_1_166' title='bbox 428 2217 504 2252; x_wconf 77' lang='grc' dir='ltr'><strong><em>ἦρωων</em></strong></span> <span class='ocrx_word' id='word_1_167' title='bbox 519 2225 592 2250; x_wconf 55' lang='lat' dir='ltr'>voc-ng</span> <span class='ocrx_word' id='word_1_168' title='bbox 606 2223 689 2244; x_wconf 72' lang='grc' dir='ltr'><em>αλλων</em></span> 
     </span>
     <span class='ocr_line' id='line_1_34' title="bbox 73 2263 764 2300; baseline 0.006 -13"><span class='ocrx_word' id='word_1_169' title='bbox 73 2265 172 2298; x_wconf 72' lang='grc' dir='ltr'><strong><em>Ψυχας</em></strong></span> <span class='ocrx_word' id='word_1_170' title='bbox 183 2263 419 2290; x_wconf 80' lang='grc' dir='ltr'><strong>ΕῙΛῙΣΣΕΣΘΑῙ</strong></span> <span class='ocrx_word' id='word_1_171' title='bbox 435 2273 558 2300; x_wconf 70' lang='grc' dir='ltr'>ερῆμαιιαις</span> <span class='ocrx_word' id='word_1_172' title='bbox 571 2266 642 2290; x_wconf 81' lang='grc' dir='ltr'>ΑΝΑ</span> <span class='ocrx_word' id='word_1_173' title='bbox 658 2267 764 2296; x_wconf 64' lang='grc' dir='ltr'>βησσικς.</span> 
     </span>
    </p>
   </div>
   <div class='ocr_carea' id='block_1_18' title="bbox 54 2337 783 2477">
    <p class='ocr_par' dir='ltr' id='par_1_20' title="bbox 54 2337 783 2477">
     <span class='ocr_line' id='line_1_35' title="bbox 57 2337 783 2376; baseline 0.003 -9"><span class='ocrx_word' id='word_1_174' title='bbox 57 2337 129 2367; x_wconf 83' lang='lat' dir='ltr'>Prae</span> <span class='ocrx_word' id='word_1_175' title='bbox 144 2346 279 2376; x_wconf 88' lang='lat' dir='ltr'>quorum</span> <span class='ocrx_word' id='word_1_176' title='bbox 295 2347 441 2367; x_wconf 84' lang='lat' dir='ltr'>versuum</span> <span class='ocrx_word' id='word_1_177' title='bbox 453 2338 601 2368; x_wconf 86' lang='lat' dir='ltr'>suavitate</span> <span class='ocrx_word' id='word_1_178' title='bbox 612 2339 660 2369; x_wconf 85' lang='lat' dir='ltr'>vel</span> <span class='ocrx_word' id='word_1_179' title='bbox 671 2340 783 2369; x_wconf 83' lang='lat' dir='ltr'>acescit</span> 
     </span>
     <span class='ocr_line' id='line_1_36' title="bbox 54 2387 781 2425; baseline 0.006 -9"><span class='ocrx_word' id='word_1_180' title='bbox 54 2393 168 2417; x_wconf 84' lang='lat' dir='ltr'>nectar.</span> <span class='ocrx_word' id='word_1_181' title='bbox 213 2387 314 2417; x_wconf 84' lang='lat' dir='ltr'>Docte</span> <span class='ocrx_word' id='word_1_182' title='bbox 351 2388 508 2418; x_wconf 81' lang='lat' dir='ltr'>transtulit</span> <span class='ocrx_word' id='word_1_183' title='bbox 539 2389 690 2425; x_wconf 85' lang='lat' dir='ltr'>Avienus,</span> <span class='ocrx_word' id='word_1_184' title='bbox 719 2400 781 2420; x_wconf 87' lang='lat' dir='ltr'>ver.</span> 
     </span>
     <span class='ocr_line' id='line_1_37' title="bbox 61 2437 648 2477; baseline 0.002 -9"><span class='ocrx_word' id='word_1_185' title='bbox 61 2440 134 2468; x_wconf 81' lang='lat'>724.</span> <span class='ocrx_word' id='word_1_186' title='bbox 152 2438 194 2467; x_wconf 91' lang='lat' dir='ltr'>sic</span> <span class='ocrx_word' id='word_1_187' title='bbox 209 2437 449 2477; x_wconf 86' lang='lat' dir='ltr'>distinguendus</span> <span class='ocrx_word' id='word_1_188' title='bbox 464 2440 648 2469; x_wconf 76' lang='lat' dir='ltr'>accuratius:</span> 
     </span>
    </p>
   </div>
   <div class='ocr_carea' id='block_1_19' title="bbox 86 2517 736 2582">
    <p class='ocr_par' dir='ltr' id='par_1_21' title="bbox 86 2517 736 2582">
     <span class='ocr_line' id='line_1_38' title="bbox 89 2517 736 2551; baseline 0.003 -9"><span class='ocrx_word' id='word_1_189' title='bbox 89 2520 168 2548; x_wconf 79' lang='lat' dir='ltr'>Nam,</span> <span class='ocrx_word' id='word_1_190' title='bbox 179 2521 238 2550; x_wconf 86' lang='lat' dir='ltr'>post</span> <span class='ocrx_word' id='word_1_191' title='bbox 249 2517 315 2548; x_wconf 82' lang='lat' dir='ltr'>fata,</span> <span class='ocrx_word' id='word_1_192' title='bbox 327 2519 416 2544; x_wconf 71' lang='lat' dir='ltr'>virum</span> <span class='ocrx_word' id='word_1_193' title='bbox 428 2526 532 2551; x_wconf 82' lang='lat' dir='ltr'>semper</span> <span class='ocrx_word' id='word_1_194' title='bbox 543 2520 675 2545; x_wconf 77' lang='lat' dir='ltr'>versarier</span> <span class='ocrx_word' id='word_1_195' title='bbox 684 2520 736 2545; x_wconf 84' lang='lat' dir='ltr'>illic</span> 
     </span>
     <span class='ocr_line' id='line_1_39' title="bbox 86 2557 478 2582; baseline 0 -1"><span class='ocrx_word' id='word_1_196' title='bbox 86 2559 206 2582; x_wconf 86' lang='lat' dir='ltr'>Insontes</span> <span class='ocrx_word' id='word_1_197' title='bbox 217 2558 293 2581; x_wconf 82' lang='lat' dir='ltr'>aiunt</span> <span class='ocrx_word' id='word_1_198' title='bbox 307 2557 478 2582; x_wconf 77' lang='lat' dir='ltr'>animas——.</span> 
     </span>
    </p>
   </div>
   <div class='ocr_carea' id='block_1_20' title="bbox 55 2630 790 2987">
    <p class='ocr_par' dir='ltr' id='par_1_22' title="bbox 55 2630 790 2987">
     <span class='ocr_line' id='line_1_40' title="bbox 55 2630 782 2671; baseline 0.001 -9"><span class='ocrx_word' id='word_1_199' title='bbox 55 2630 78 2662; x_wconf 82' lang='lat' dir='ltr'>J</span> <span class='ocrx_word' id='word_1_200' title='bbox 80 2630 219 2662; x_wconf 88' lang='lat' dir='ltr'>uvenalis</span> <span class='ocrx_word' id='word_1_201' title='bbox 234 2630 351 2669; x_wconf 86' lang='lat' dir='ltr'>locum,</span> <span class='ocrx_word' id='word_1_202' title='bbox 367 2631 451 2671; x_wconf 90' lang='lat' dir='ltr'>quod</span> <span class='ocrx_word' id='word_1_203' title='bbox 465 2642 551 2662; x_wconf 84' lang='lat' dir='ltr'>serus</span> <span class='ocrx_word' id='word_1_204' title='bbox 566 2632 782 2669; x_wconf 85' lang='lat' dir='ltr'>intellexerim,</span> 
     </span>
     <span class='ocr_line' id='line_1_41' title="bbox 56 2682 784 2725; baseline 0.001 -12"><span class='ocrx_word' id='word_1_205' title='bbox 56 2682 226 2722; x_wconf 83' lang='lat' dir='ltr'>Preigerus</span> <span class='ocrx_word' id='word_1_206' title='bbox 244 2683 338 2712; x_wconf 88' lang='lat' dir='ltr'>etiam</span> <span class='ocrx_word' id='word_1_207' title='bbox 353 2683 507 2714; x_wconf 82' lang='lat' dir='ltr'>attulerat.</span> <span class='ocrx_word' id='word_1_208' title='bbox 534 2685 556 2715; x_wconf 91' lang='lat' dir='ltr'>J</span> <span class='ocrx_word' id='word_1_209' title='bbox 558 2695 650 2715; x_wconf 90' lang='lat' dir='ltr'>ocum</span> <span class='ocrx_word' id='word_1_210' title='bbox 669 2685 784 2725; x_wconf 83' lang='lat' dir='ltr'>Corydi</span> 
     </span>
     <span class='ocr_line' id='line_1_42' title="bbox 55 2733 782 2777; baseline 0.006 -13"><span class='ocrx_word' id='word_1_211' title='bbox 55 2733 91 2764; x_wconf 91' lang='lat' dir='ltr'>in</span> <span class='ocrx_word' id='word_1_212' title='bbox 109 2735 273 2774; x_wconf 79' lang='lat' dir='ltr'>Athenaeo,</span> <span class='ocrx_word' id='word_1_213' title='bbox 298 2747 392 2777; x_wconf 90' lang='lat' dir='ltr'>quem</span> <span class='ocrx_word' id='word_1_214' title='bbox 415 2737 462 2766; x_wconf 88' lang='lat' dir='ltr'>vir</span> <span class='ocrx_word' id='word_1_215' title='bbox 483 2737 678 2768; x_wconf 90' lang='lat' dir='ltr'>doctissimus</span> <span class='ocrx_word' id='word_1_216' title='bbox 696 2738 782 2768; x_wconf 88' lang='lat' dir='ltr'>insu-</span> 
     </span>
     <span class='ocr_line' id='line_1_43' title="bbox 59 2785 785 2830; baseline 0.006 -15"><span class='ocrx_word' id='word_1_217' title='bbox 59 2795 115 2823; x_wconf 85' lang='lat' dir='ltr'>per</span> <span class='ocrx_word' id='word_1_218' title='bbox 129 2785 276 2824; x_wconf 85' lang='lat' dir='ltr'>admovit,</span> <span class='ocrx_word' id='word_1_219' title='bbox 300 2797 400 2826; x_wconf 92' lang='lat' dir='ltr'>quum</span> <span class='ocrx_word' id='word_1_220' title='bbox 415 2798 516 2828; x_wconf 88' lang='lat' dir='ltr'>neque</span> <span class='ocrx_word' id='word_1_221' title='bbox 531 2789 569 2819; x_wconf 89' lang='lat' dir='ltr'>ab</span> <span class='ocrx_word' id='word_1_222' title='bbox 583 2789 661 2828; x_wconf 90' lang='lat' dir='ltr'>ipso,</span> <span class='ocrx_word' id='word_1_223' title='bbox 685 2799 785 2830; x_wconf 89' lang='lat' dir='ltr'>neque</span> 
     </span>
     <span class='ocr_line' id='line_1_44' title="bbox 62 2839 784 2881; baseline 0.008 -15"><span class='ocrx_word' id='word_1_224' title='bbox 62 2846 187 2868; x_wconf 86' lang='lat' dir='ltr'>summo</span> <span class='ocrx_word' id='word_1_225' title='bbox 204 2839 401 2878; x_wconf 90' lang='lat' dir='ltr'>Casaubono,</span> <span class='ocrx_word' id='word_1_226' title='bbox 424 2842 518 2879; x_wconf 88' lang='lat' dir='ltr'>probe</span> <span class='ocrx_word' id='word_1_227' title='bbox 540 2847 718 2881; x_wconf 90' lang='lat' dir='ltr'>perceptum</span> <span class='ocrx_word' id='word_1_228' title='bbox 739 2842 784 2872; x_wconf 89' lang='lat' dir='ltr'>vi-</span> 
     </span>
     <span class='ocr_line' id='line_1_45' title="bbox 58 2886 789 2925; baseline 0.01 -8"><span class='ocrx_word' id='word_1_229' title='bbox 58 2886 164 2925; x_wconf 79' lang='lat' dir='ltr'>deam,</span> <span class='ocrx_word' id='word_1_230' title='bbox 188 2889 221 2919; x_wconf 89' lang='lat' dir='ltr'>in</span> <span class='ocrx_word' id='word_1_231' title='bbox 236 2891 369 2922; x_wconf 83' lang='lat' dir='ltr'>transitu</span> <span class='ocrx_word' id='word_1_232' title='bbox 392 2892 552 2923; x_wconf 78' lang='lat' dir='ltr'>clar10rem</span> <span class='ocrx_word' id='word_1_233' title='bbox 569 2894 691 2924; x_wconf 85' lang='lat' dir='ltr'>faciam.</span> <span class='ocrx_word' id='word_1_234' title='bbox 728 2894 789 2924; x_wconf 89' lang='lat' dir='ltr'>Le-</span> 
     </span>
     <span class='ocr_line' id='line_1_46' title="bbox 61 2939 790 2987; baseline 0.011 -18"><span class='ocrx_word' id='word_1_235' title='bbox 61 2939 148 2979; x_wconf 78' lang='lat' dir='ltr'>gitur</span> <span class='ocrx_word' id='word_1_236' title='bbox 162 2940 196 2971; x_wconf 79' lang='lat' dir='ltr'>in</span> <span class='ocrx_word' id='word_1_237' title='bbox 211 2941 348 2982; x_wconf 82' lang='lat' dir='ltr'>deipnos,</span> <span class='ocrx_word' id='word_1_238' title='bbox 371 2944 410 2975; x_wconf 78' lang='lat' dir='ltr'>vi.</span> <span class='ocrx_word' id='word_1_239' title='bbox 429 2949 477 2976; x_wconf 78' lang='lat'>12.</span> <span class='ocrx_word' id='word_1_240' title='bbox 508 2952 595 2987; x_wconf 67' lang='lat' dir='ltr'>napa</span> <span class='ocrx_word' id='word_1_241' title='bbox 611 2953 790 2986; x_wconf 76' lang='grc' dir='ltr'><strong><em>Πτολεμαιῳ</em></strong></span> 
     </span>
    </p>
   </div>
   <div class='ocr_carea' id='block_1_21' title="bbox 807 922 1548 2193">
    <p class='ocr_par' dir='ltr' id='par_1_23' title="bbox 807 922 1540 1415">
     <span class='ocr_line' id='line_1_47' title="bbox 812 922 1536 964; baseline -0.001 -11"><span class='ocrx_word' id='word_1_242' title='bbox 812 922 847 959; x_wconf 72' lang='grc' dir='ltr'>δε,</span> <span class='ocrx_word' id='word_1_243' title='bbox 869 935 1006 963; x_wconf 57' lang='grc' dir='ltr'>ματα-11ης</span> <span class='ocrx_word' id='word_1_244' title='bbox 1031 928 1247 964; x_wconf 66' lang='grc' dir='ltr'>περιφερομενης,</span> <span class='ocrx_word' id='word_1_245' title='bbox 1272 935 1322 952; x_wconf 71' lang='grc' dir='ltr'>και</span> <span class='ocrx_word' id='word_1_246' title='bbox 1349 922 1418 951; x_wconf 69' lang='grc' dir='ltr'>κατ’</span> <span class='ocrx_word' id='word_1_247' title='bbox 1442 934 1536 952; x_wconf 64' lang='lat' dir='ltr'>extruo-a</span> 
     </span>
     <span class='ocr_line' id='line_1_48' title="bbox 810 980 1537 1015; baseline -0.003 -9"><span class='ocrx_word' id='word_1_248' title='bbox 810 988 851 1006; x_wconf 70' lang='lat' dir='ltr'>aet</span> <span class='ocrx_word' id='word_1_249' title='bbox 878 982 1027 1009; x_wconf 65' lang='grc' dir='ltr'><em>λειπεσπς,</em></span> <span class='ocrx_word' id='word_1_250' title='bbox 1054 980 1232 1013; x_wconf 50' lang='lat' dir='ltr'>sle-onum,</span> <span class='ocrx_word' id='word_1_251' title='bbox 1261 981 1324 1013; x_wconf 73' lang='grc' dir='ltr'><em>εφη,</em></span> <span class='ocrx_word' id='word_1_252' title='bbox 1349 985 1461 1015; x_wconf 68' lang='grc' dir='ltr'>ποτ-ερον</span> <span class='ocrx_word' id='word_1_253' title='bbox 1478 986 1537 1013; x_wconf 74' lang='grc' dir='ltr'>εγω</span> 
     </span>
     <span class='ocr_line' id='line_1_49' title="bbox 813 1026 1538 1068; baseline -0.004 -10"><span class='ocrx_word' id='word_1_254' title='bbox 813 1030 918 1068; x_wconf 48' lang='lat' dir='ltr'>‘affluam</span> <span class='ocrx_word' id='word_1_255' title='bbox 943 1033 967 1056; x_wconf 85' lang='lat' dir='ltr'>H</span> <span class='ocrx_word' id='word_1_256' title='bbox 981 1026 1053 1057; x_wconf 74' lang='grc' dir='ltr'><em>δοκει</em></span> <span class='ocrx_word' id='word_1_257' title='bbox 1068 1038 1114 1064; x_wconf 80' lang='grc' dir='ltr'>μοι</span> <span class='ocrx_word' id='word_1_258' title='bbox 1131 1038 1230 1055; x_wconf 66' lang='grc' dir='ltr'>«ταν-τοι</span> <span class='ocrx_word' id='word_1_259' title='bbox 1247 1028 1444 1066; x_wconf 69' lang='grc' dir='ltr'>περιφερεσθαιῑ</span> <span class='ocrx_word' id='word_1_260' title='bbox 1475 1026 1495 1056; x_wconf 86' lang='lat' dir='ltr'>i.</span> <span class='ocrx_word' id='word_1_261' title='bbox 1512 1037 1538 1056; x_wconf 87' lang='lat' dir='ltr'>e.</span> 
     </span>
     <span class='ocr_line' id='line_1_50' title="bbox 815 1076 1538 1109; baseline -0.004 0"><span class='ocrx_word' id='word_1_262' title='bbox 815 1083 838 1098; x_wconf 88' lang='lat'><strong><em>“</em></strong></span> <span class='ocrx_word' id='word_1_263' title='bbox 854 1080 949 1109; x_wconf 90' lang='lat' dir='ltr'>Anne</span> <span class='ocrx_word' id='word_1_264' title='bbox 965 1077 1068 1108; x_wconf 90' lang='lat' dir='ltr'>ebrius</span> <span class='ocrx_word' id='word_1_265' title='bbox 1082 1076 1171 1107; x_wconf 89' lang='lat' dir='ltr'>sum?</span> <span class='ocrx_word' id='word_1_266' title='bbox 1191 1077 1282 1107; x_wconf 83' lang='lat' dir='ltr'>Certe</span> <span class='ocrx_word' id='word_1_267' title='bbox 1302 1078 1367 1107; x_wconf 91' lang='lat' dir='ltr'>haec</span> <span class='ocrx_word' id='word_1_268' title='bbox 1385 1077 1538 1109; x_wconf 80' lang='lat' dir='ltr'>mihicir-</span> 
     </span>
     <span class='ocr_line' id='line_1_51' title="bbox 815 1127 1538 1168; baseline -0.003 -8"><span class='ocrx_word' id='word_1_269' title='bbox 815 1134 837 1150; x_wconf 85' lang='lat'><strong>“</strong></span> <span class='ocrx_word' id='word_1_270' title='bbox 853 1129 1000 1161; x_wconf 87' lang='lat' dir='ltr'>cumferri</span> <span class='ocrx_word' id='word_1_271' title='bbox 1025 1128 1208 1159; x_wconf 82' lang='lat' dir='ltr'>videntur:”</span> <span class='ocrx_word' id='word_1_272' title='bbox 1233 1138 1290 1157; x_wconf 92' lang='lat' dir='ltr'>nec</span> <span class='ocrx_word' id='word_1_273' title='bbox 1313 1133 1431 1165; x_wconf 82' lang='lat' dir='ltr'>tamen,</span> <span class='ocrx_word' id='word_1_274' title='bbox 1455 1127 1538 1168; x_wconf 89' lang='lat' dir='ltr'>quod</span> 
     </span>
     <span class='ocr_line' id='line_1_52' title="bbox 811 1177 1538 1217; baseline -0.004 -6"><span class='ocrx_word' id='word_1_275' title='bbox 811 1181 942 1217; x_wconf 84' lang='lat' dir='ltr'>mireris,</span> <span class='ocrx_word' id='word_1_276' title='bbox 957 1180 997 1210; x_wconf 91' lang='lat' dir='ltr'>ad</span> <span class='ocrx_word' id='word_1_277' title='bbox 1012 1190 1063 1209; x_wconf 88' lang='lat' dir='ltr'>me</span> <span class='ocrx_word' id='word_1_278' title='bbox 1077 1179 1218 1209; x_wconf 85' lang='lat' dir='ltr'>veniunt.</span> <span class='ocrx_word' id='word_1_279' title='bbox 1265 1177 1383 1217; x_wconf 84' lang='lat' dir='ltr'>Vulgo,</span> <span class='ocrx_word' id='word_1_280' title='bbox 1405 1188 1461 1217; x_wconf 89' lang='lat' dir='ltr'>per</span> <span class='ocrx_word' id='word_1_281' title='bbox 1475 1179 1538 1208; x_wconf 84' lang='lat' dir='ltr'>dis-</span> 
     </span>
     <span class='ocr_line' id='line_1_53' title="bbox 807 1229 1538 1274; baseline -0.004 -11"><span class='ocrx_word' id='word_1_282' title='bbox 807 1232 1004 1274; x_wconf 87' lang='lat' dir='ltr'>junctionem</span> <span class='ocrx_word' id='word_1_283' title='bbox 1019 1230 1241 1260; x_wconf 85' lang='lat' dir='ltr'>clausularum:</span> <span class='ocrx_word' id='word_1_284' title='bbox 1271 1232 1293 1247; x_wconf 92' lang='lat'><strong>“</strong></span> <span class='ocrx_word' id='word_1_285' title='bbox 1310 1230 1362 1259; x_wconf 88' lang='lat' dir='ltr'>An</span> <span class='ocrx_word' id='word_1_286' title='bbox 1388 1229 1467 1258; x_wconf 87' lang='lat' dir='ltr'>mihi</span> <span class='ocrx_word' id='word_1_287' title='bbox 1493 1231 1538 1260; x_wconf 87' lang='lat' dir='ltr'>vi-</span> 
     </span>
     <span class='ocr_line' id='line_1_54' title="bbox 813 1280 1540 1320; baseline -0.004 -7"><span class='ocrx_word' id='word_1_288' title='bbox 813 1287 836 1302; x_wconf 87' lang='lat'><strong>“</strong></span> <span class='ocrx_word' id='word_1_289' title='bbox 851 1283 964 1313; x_wconf 85' lang='lat' dir='ltr'>dentur</span> <span class='ocrx_word' id='word_1_290' title='bbox 979 1280 1170 1311; x_wconf 85' lang='lat' dir='ltr'>circumferri</span> <span class='ocrx_word' id='word_1_291' title='bbox 1181 1280 1217 1311; x_wconf 84' lang='lat'>?’&#39;</span> <span class='ocrx_word' id='word_1_292' title='bbox 1239 1289 1416 1318; x_wconf 87' lang='lat' dir='ltr'>perperam;</span> <span class='ocrx_word' id='word_1_293' title='bbox 1441 1290 1540 1320; x_wconf 91' lang='lat' dir='ltr'>quum</span> 
     </span>
     <span class='ocr_line' id='line_1_55' title="bbox 814 1329 1540 1372; baseline -0.004 -7"><span class='ocrx_word' id='word_1_294' title='bbox 814 1334 943 1365; x_wconf 82' lang='lat' dir='ltr'>ebrietas</span> <span class='ocrx_word' id='word_1_295' title='bbox 955 1333 994 1363; x_wconf 88' lang='lat' dir='ltr'>sit</span> <span class='ocrx_word' id='word_1_296' title='bbox 1003 1332 1158 1372; x_wconf 85' lang='lat' dir='ltr'>ipsissima</span> <span class='ocrx_word' id='word_1_297' title='bbox 1168 1329 1376 1362; x_wconf 71' lang='lat' dir='ltr'>circumactus</span> <span class='ocrx_word' id='word_1_298' title='bbox 1390 1341 1540 1370; x_wconf 85' lang='lat' dir='ltr'>apparen-</span> 
     </span>
     <span class='ocr_line' id='line_1_56' title="bbox 813 1385 983 1415; baseline -0.006 0"><span class='ocrx_word' id='word_1_299' title='bbox 813 1385 852 1415; x_wconf 88' lang='lat' dir='ltr'>tis</span> <span class='ocrx_word' id='word_1_300' title='bbox 868 1395 983 1415; x_wconf 86' lang='lat' dir='ltr'>caussa.</span> 
     </span>
    </p>

    <p class='ocr_par' dir='ltr' id='par_1_24' title="bbox 814 1435 1539 1525">
     <span class='ocr_line' id='line_1_57' title="bbox 857 1435 1539 1475; baseline -0.003 -7"><span class='ocrx_word' id='word_1_301' title='bbox 857 1438 931 1468; x_wconf 90' lang='lat' dir='ltr'>Ver.</span> <span class='ocrx_word' id='word_1_302' title='bbox 946 1439 1018 1467; x_wconf 78' lang='lat'>403.</span> <span class='ocrx_word' id='word_1_303' title='bbox 1041 1437 1121 1467; x_wconf 82' lang='lat' dir='ltr'>utei:</span> <span class='ocrx_word' id='word_1_304' title='bbox 1144 1435 1184 1465; x_wconf 90' lang='lat' dir='ltr'>B.</span> <span class='ocrx_word' id='word_1_305' title='bbox 1201 1436 1407 1474; x_wconf 55' lang='lat' dir='ltr'>uzu—pueris.-</span> <span class='ocrx_word' id='word_1_306' title='bbox 1428 1441 1468 1466; x_wconf 85' lang='grc' dir='ltr'>Π.</span> <span class='ocrx_word' id='word_1_307' title='bbox 1480 1445 1539 1475; x_wconf 66' lang='grc' dir='ltr'>ριιὃ</span> 
     </span>
     <span class='ocr_line' id='line_1_58' title="bbox 814 1487 1398 1525; baseline -0.007 -6"><span class='ocrx_word' id='word_1_308' title='bbox 814 1491 858 1519; x_wconf 84' lang='lat' dir='ltr'>ris</span> <span class='ocrx_word' id='word_1_309' title='bbox 864 1504 874 1525; x_wconf 90' lang='lat'>,·</span> <span class='ocrx_word' id='word_1_310' title='bbox 900 1488 969 1518; x_wconf 89' lang='lat' dir='ltr'>vide</span> <span class='ocrx_word' id='word_1_311' title='bbox 985 1497 1045 1518; x_wconf 87' lang='lat' dir='ltr'>ver.</span> <span class='ocrx_word' id='word_1_312' title='bbox 1064 1488 1269 1517; x_wconf 79' lang='lat' dir='ltr'>lO20.—ubz&#39;:</span> <span class='ocrx_word' id='word_1_313' title='bbox 1295 1490 1330 1516; x_wconf 90' lang='grc' dir='ltr'>Δ.</span> <span class='ocrx_word' id='word_1_314' title='bbox 1346 1487 1398 1515; x_wconf 79' lang='lat' dir='ltr'>ibi.</span> 
     </span>
    </p>

    <p class='ocr_par' dir='ltr' id='par_1_25' title="bbox 816 1537 1542 1621">
     <span class='ocr_line' id='line_1_59' title="bbox 858 1537 1542 1569; baseline -0.003 0"><span class='ocrx_word' id='word_1_315' title='bbox 858 1539 934 1569; x_wconf 89' lang='lat' dir='ltr'>Ver.</span> <span class='ocrx_word' id='word_1_316' title='bbox 957 1542 1028 1569; x_wconf 89' lang='lat'>404.</span> <span class='ocrx_word' id='word_1_317' title='bbox 1058 1539 1243 1568; x_wconf 75' lang='lat' dir='ltr'>Desierunt.-</span> <span class='ocrx_word' id='word_1_318' title='bbox 1269 1537 1307 1567; x_wconf 93' lang='lat' dir='ltr'>P.</span> <span class='ocrx_word' id='word_1_319' title='bbox 1330 1538 1542 1568; x_wconf 79' lang='lat' dir='ltr'>Desierz&#39;nt.-—-</span> 
     </span>
     <span class='ocr_line' id='line_1_60' title="bbox 816 1588 1207 1621; baseline -0.005 0"><span class='ocrx_word' id='word_1_320' title='bbox 816 1592 894 1621; x_wconf 82' lang='lat' dir='ltr'>vorti</span> <span class='ocrx_word' id='word_1_321' title='bbox 909 1591 994 1620; x_wconf 89' lang='lat' dir='ltr'>abest</span> <span class='ocrx_word' id='word_1_322' title='bbox 1011 1600 1029 1619; x_wconf 86' lang='lat' dir='ltr'>a</span> <span class='ocrx_word' id='word_1_323' title='bbox 1043 1588 1149 1619; x_wconf 88' lang='lat' dir='ltr'>codice</span> <span class='ocrx_word' id='word_1_324' title='bbox 1166 1595 1207 1619; x_wconf 90' lang='grc' dir='ltr'>Π.</span> 
     </span>
    </p>

    <p class='ocr_par' dir='ltr' id='par_1_26' title="bbox 808 1639 1548 2089">
     <span class='ocr_line' id='line_1_61' title="bbox 860 1639 1541 1680; baseline -0.003 -8"><span class='ocrx_word' id='word_1_325' title='bbox 860 1642 936 1671; x_wconf 91' lang='lat' dir='ltr'>Ver.</span> <span class='ocrx_word' id='word_1_326' title='bbox 947 1643 1018 1672; x_wconf 87' lang='lat'>405.</span> <span class='ocrx_word' id='word_1_327' title='bbox 1031 1651 1124 1680; x_wconf 80' lang='lat' dir='ltr'>supra</span> <span class='ocrx_word' id='word_1_328' title='bbox 1134 1654 1144 1670; x_wconf 90' lang='lat'><em>:</em></span> <span class='ocrx_word' id='word_1_329' title='bbox 1160 1639 1197 1670; x_wconf 91' lang='lat' dir='ltr'>P.</span> <span class='ocrx_word' id='word_1_330' title='bbox 1208 1650 1431 1679; x_wconf 82' lang='lat' dir='ltr'>supera.-sese</span> <span class='ocrx_word' id='word_1_331' title='bbox 1440 1650 1541 1671; x_wconf 83' lang='lat' dir='ltr'>ruere:</span> 
     </span>
     <span class='ocr_line' id='line_1_62' title="bbox 822 1690 1544 1731; baseline -0.003 -9"><span class='ocrx_word' id='word_1_332' title='bbox 822 1692 862 1722; x_wconf 87' lang='lat' dir='ltr'>V.</span> <span class='ocrx_word' id='word_1_333' title='bbox 878 1692 926 1722; x_wconf 87' lang='lat' dir='ltr'>ed.</span> <span class='ocrx_word' id='word_1_334' title='bbox 942 1692 979 1722; x_wconf 87' lang='lat' dir='ltr'>B.</span> <span class='ocrx_word' id='word_1_335' title='bbox 995 1702 1024 1722; x_wconf 86' lang='lat' dir='ltr'>se</span> <span class='ocrx_word' id='word_1_336' title='bbox 1039 1697 1153 1722; x_wconf 82' lang='lat' dir='ltr'>struere</span> <span class='ocrx_word' id='word_1_337' title='bbox 1161 1706 1171 1726; x_wconf 88' lang='grc'>,-</span> <span class='ocrx_word' id='word_1_338' title='bbox 1190 1697 1230 1721; x_wconf 88' lang='grc' dir='ltr'>Π.</span> <span class='ocrx_word' id='word_1_339' title='bbox 1246 1690 1418 1731; x_wconf 81' lang='lat' dir='ltr'>sefervere;</span> <span class='ocrx_word' id='word_1_340' title='bbox 1442 1702 1455 1721; x_wconf 89' lang='lat' dir='ltr'>s</span> <span class='ocrx_word' id='word_1_341' title='bbox 1471 1700 1544 1720; x_wconf 90' lang='lat' dir='ltr'>cum</span> 
     </span>
     <span class='ocr_line' id='line_1_63' title="bbox 808 1741 1544 1784; baseline 0.001 -12"><span class='ocrx_word' id='word_1_342' title='bbox 808 1743 839 1784; x_wconf 85' lang='lat' dir='ltr'><em>s</em></span> <span class='ocrx_word' id='word_1_343' title='bbox 855 1747 987 1778; x_wconf 83' lang='lat' dir='ltr'>mutato,</span> <span class='ocrx_word' id='word_1_344' title='bbox 1004 1747 1036 1772; x_wconf 86' lang='lat' dir='ltr'>et</span> <span class='ocrx_word' id='word_1_345' title='bbox 1049 1741 1186 1772; x_wconf 87' lang='lat' dir='ltr'>confusis</span> <span class='ocrx_word' id='word_1_346' title='bbox 1201 1741 1333 1781; x_wconf 87' lang='lat' dir='ltr'>syllabis.</span> <span class='ocrx_word' id='word_1_347' title='bbox 1378 1741 1475 1772; x_wconf 90' lang='lat' dir='ltr'>Istius</span> <span class='ocrx_word' id='word_1_348' title='bbox 1488 1753 1544 1773; x_wconf 90' lang='lat' dir='ltr'>au·</span> 
     </span>
     <span class='ocr_line' id='line_1_64' title="bbox 823 1792 1548 1833; baseline 0.001 -9"><span class='ocrx_word' id='word_1_349' title='bbox 823 1800 887 1824; x_wconf 90' lang='lat' dir='ltr'>tem</span> <span class='ocrx_word' id='word_1_350' title='bbox 912 1793 1150 1833; x_wconf 85' lang='lat' dir='ltr'>permutationis</span> <span class='ocrx_word' id='word_1_351' title='bbox 1174 1793 1263 1833; x_wconf 88' lang='lat' dir='ltr'>origo</span> <span class='ocrx_word' id='word_1_352' title='bbox 1285 1793 1319 1822; x_wconf 90' lang='lat' dir='ltr'>in</span> <span class='ocrx_word' id='word_1_353' title='bbox 1344 1792 1548 1825; x_wconf 88' lang='lat' dir='ltr'>similitudine</span> 
     </span>
     <span class='ocr_line' id='line_1_65' title="bbox 823 1844 1547 1885; baseline 0.001 -10"><span class='ocrx_word' id='word_1_354' title='bbox 823 1845 980 1875; x_wconf 89' lang='lat' dir='ltr'>ductuum</span> <span class='ocrx_word' id='word_1_355' title='bbox 995 1844 1026 1884; x_wconf 88' lang='lat' dir='ltr'><em>s</em></span> <span class='ocrx_word' id='word_1_356' title='bbox 1046 1850 1076 1874; x_wconf 88' lang='lat' dir='ltr'>et</span> <span class='ocrx_word' id='word_1_357' title='bbox 1091 1844 1121 1885; x_wconf 89' lang='lat' dir='ltr'><em>s</em></span> <span class='ocrx_word' id='word_1_358' title='bbox 1136 1844 1286 1884; x_wconf 84' lang='lat' dir='ltr'>longioris</span> <span class='ocrx_word' id='word_1_359' title='bbox 1309 1844 1418 1874; x_wconf 85' lang='lat' dir='ltr'>formae</span> <span class='ocrx_word' id='word_1_360' title='bbox 1443 1846 1547 1876; x_wconf 89' lang='lat' dir='ltr'>statim</span> 
     </span>
     <span class='ocr_line' id='line_1_66' title="bbox 820 1894 1545 1937; baseline 0 -11"><span class='ocrx_word' id='word_1_361' title='bbox 820 1897 970 1926; x_wconf 89' lang='lat' dir='ltr'>cernitur:</span> <span class='ocrx_word' id='word_1_362' title='bbox 996 1895 1034 1925; x_wconf 88' lang='lat' dir='ltr'>de</span> <span class='ocrx_word' id='word_1_363' title='bbox 1056 1895 1118 1936; x_wconf 73' lang='lat' dir='ltr'>qua</span> <span class='ocrx_word' id='word_1_364' title='bbox 1132 1895 1284 1925; x_wconf 86' lang='lat' dir='ltr'>videndus</span> <span class='ocrx_word' id='word_1_365' title='bbox 1306 1894 1390 1925; x_wconf 88' lang='lat' dir='ltr'>idem</span> <span class='ocrx_word' id='word_1_366' title='bbox 1413 1895 1545 1937; x_wconf 85' lang='lat' dir='ltr'>diligen-</span> 
     </span>
     <span class='ocr_line' id='line_1_67' title="bbox 820 1946 1547 1984; baseline 0 -7"><span class='ocrx_word' id='word_1_367' title='bbox 820 1947 968 1983; x_wconf 83' lang='lat' dir='ltr'>tissimus,</span> <span class='ocrx_word' id='word_1_368' title='bbox 984 1953 1014 1977; x_wconf 91' lang='lat' dir='ltr'>et</span> <span class='ocrx_word' id='word_1_369' title='bbox 1024 1947 1112 1977; x_wconf 88' lang='lat' dir='ltr'>omni</span> <span class='ocrx_word' id='word_1_370' title='bbox 1122 1946 1216 1976; x_wconf 86' lang='lat' dir='ltr'>laude</span> <span class='ocrx_word' id='word_1_371' title='bbox 1230 1946 1450 1984; x_wconf 89' lang='lat' dir='ltr'>cumulandus,</span> <span class='ocrx_word' id='word_1_372' title='bbox 1464 1947 1547 1977; x_wconf 88' lang='lat' dir='ltr'>Dra-</span> 
     </span>
     <span class='ocr_line' id='line_1_68' title="bbox 821 1998 1546 2037; baseline 0.001 -8"><span class='ocrx_word' id='word_1_373' title='bbox 821 1999 1040 2037; x_wconf 86' lang='lat' dir='ltr'>kenborchius,</span> <span class='ocrx_word' id='word_1_374' title='bbox 1062 1998 1102 2028; x_wconf 90' lang='lat' dir='ltr'>ad</span> <span class='ocrx_word' id='word_1_375' title='bbox 1127 1998 1194 2028; x_wconf 88' lang='lat' dir='ltr'>Liv.</span> <span class='ocrx_word' id='word_1_376' title='bbox 1219 2008 1245 2028; x_wconf 90' lang='lat' dir='ltr'>v.</span> <span class='ocrx_word' id='word_1_377' title='bbox 1267 2001 1298 2028; x_wconf 81' lang='grc'>5.</span> <span class='ocrx_word' id='word_1_378' title='bbox 1326 1998 1482 2028; x_wconf 70' lang='grc' dir='ltr'><strong>8.-ΜοΧ</strong></span> <span class='ocrx_word' id='word_1_379' title='bbox 1506 2006 1546 2030; x_wconf 89' lang='grc' dir='ltr'>Π.</span> 
     </span>
     <span class='ocr_line' id='line_1_69' title="bbox 825 2052 990 2089; baseline 0 -9"><span class='ocrx_word' id='word_1_380' title='bbox 825 2052 990 2089; x_wconf 78' lang='lat' dir='ltr'>Quamque.</span> 
     </span>
    </p>

    <p class='ocr_par' dir='ltr' id='par_1_27' title="bbox 822 2104 1546 2193">
     <span class='ocr_line' id='line_1_70' title="bbox 865 2104 1546 2143; baseline 0 -9"><span class='ocrx_word' id='word_1_381' title='bbox 865 2105 944 2135; x_wconf 87' lang='lat' dir='ltr'>Ver.</span> <span class='ocrx_word' id='word_1_382' title='bbox 959 2108 1031 2135; x_wconf 82' lang='lat'>406.</span> <span class='ocrx_word' id='word_1_383' title='bbox 1055 2105 1208 2135; x_wconf 80' lang='lat' dir='ltr'>tremulis.-</span> <span class='ocrx_word' id='word_1_384' title='bbox 1236 2104 1254 2133; x_wconf 94' lang='lat' dir='ltr'>i.</span> <span class='ocrx_word' id='word_1_385' title='bbox 1278 2114 1306 2134; x_wconf 89' lang='lat' dir='ltr'>e.</span> <span class='ocrx_word' id='word_1_386' title='bbox 1334 2105 1478 2143; x_wconf 85' lang='lat' dir='ltr'>coruscis,</span> <span class='ocrx_word' id='word_1_387' title='bbox 1501 2105 1546 2134; x_wconf 90' lang='lat' dir='ltr'>vi-</span> 
     </span>
     <span class='ocr_line' id='line_1_71' title="bbox 822 2154 1503 2193; baseline 0 -7"><span class='ocrx_word' id='word_1_388' title='bbox 822 2155 992 2186; x_wconf 89' lang='lat' dir='ltr'>brantibus.</span> <span class='ocrx_word' id='word_1_389' title='bbox 1037 2155 1126 2186; x_wconf 90' lang='lat' dir='ltr'>Hinc</span> <span class='ocrx_word' id='word_1_390' title='bbox 1144 2154 1271 2193; x_wconf 84' lang='lat' dir='ltr'>Statius,</span> <span class='ocrx_word' id='word_1_391' title='bbox 1287 2155 1384 2186; x_wconf 87' lang='lat' dir='ltr'>Theb.</span> <span class='ocrx_word' id='word_1_392' title='bbox 1400 2156 1419 2186; x_wconf 88' lang='lat' dir='ltr'>i.</span> <span class='ocrx_word' id='word_1_393' title='bbox 1431 2159 1503 2187; x_wconf 79' lang='lat'>553.</span> 
     </span>
    </p>
   </div>
   <div class='ocr_carea' id='block_1_22' title="bbox 850 2251 974 2258">
    <p class='ocr_par' dir='ltr' id='par_1_28' title="bbox 850 2251 974 2258">
     <span class='ocr_line' id='line_1_72' title="bbox 850 2251 974 2258; baseline 0 0"><span class='ocrx_word' id='word_1_394' title='bbox 850 2251 974 2258; x_wconf 95' lang='lat' dir='ltr'> </span> 
     </span>
    </p>
   </div>
   <div class='ocr_carea' id='block_1_23' title="bbox 973 2250 1130 2258">
    <p class='ocr_par' dir='ltr' id='par_1_29' title="bbox 973 2250 1130 2258">
     <span class='ocr_line' id='line_1_73' title="bbox 973 2250 1130 2258; baseline 0 0"><span class='ocrx_word' id='word_1_395' title='bbox 973 2250 1130 2258; x_wconf 95' lang='lat' dir='ltr'> </span> 
     </span>
    </p>
   </div>
   <div class='ocr_carea' id='block_1_24' title="bbox 852 2237 1532 2309">
    <p class='ocr_par' dir='ltr' id='par_1_30' title="bbox 852 2237 1532 2309">
     <span class='ocr_line' id='line_1_74' title="bbox 1139 2237 1532 2269; baseline 0.003 -7"><span class='ocrx_word' id='word_1_396' title='bbox 1139 2244 1189 2263; x_wconf 89' lang='lat' dir='ltr'>nec</span> <span class='ocrx_word' id='word_1_397' title='bbox 1200 2244 1254 2262; x_wconf 91' lang='lat' dir='ltr'>non</span> <span class='ocrx_word' id='word_1_398' title='bbox 1264 2238 1378 2269; x_wconf 85' lang='lat' dir='ltr'>abrupta</span> <span class='ocrx_word' id='word_1_399' title='bbox 1387 2237 1532 2263; x_wconf 79' lang='lat' dir='ltr'>tremiscunt</span> 
     </span>
     <span class='ocr_line' id='line_1_75' title="bbox 852 2277 980 2309; baseline 0 -8"><span class='ocrx_word' id='word_1_400' title='bbox 852 2277 961 2309; x_wconf 84' lang='lat' dir='ltr'>Fulgura</span> <span class='ocrx_word' id='word_1_401' title='bbox 971 2286 980 2302; x_wconf 91' lang='grc'>.-</span> 
     </span>
    </p>
   </div>
   <div class='ocr_carea' id='block_1_25' title="bbox 826 2348 1262 2385">
    <p class='ocr_par' dir='ltr' id='par_1_31' title="bbox 826 2348 1262 2385">
     <span class='ocr_line' id='line_1_76' title="bbox 826 2348 1262 2385; baseline 0 -7"><span class='ocrx_word' id='word_1_402' title='bbox 826 2354 856 2378; x_wconf 88' lang='lat' dir='ltr'>et</span> <span class='ocrx_word' id='word_1_403' title='bbox 874 2348 992 2385; x_wconf 88' lang='lat' dir='ltr'>Cicero,</span> <span class='ocrx_word' id='word_1_404' title='bbox 1010 2348 1048 2379; x_wconf 88' lang='lat' dir='ltr'>de</span> <span class='ocrx_word' id='word_1_405' title='bbox 1063 2348 1160 2379; x_wconf 90' lang='lat' dir='ltr'>divin.</span> <span class='ocrx_word' id='word_1_406' title='bbox 1175 2348 1196 2379; x_wconf 89' lang='lat' dir='ltr'>i.</span> <span class='ocrx_word' id='word_1_407' title='bbox 1214 2352 1262 2379; x_wconf 92' lang='lat' dir='ltr'>ll.</span> 
     </span>
    </p>
   </div>
   <div class='ocr_carea' id='block_1_26' title="bbox 1049 2418 1474 2443">
    <p class='ocr_par' dir='ltr' id='par_1_32' title="bbox 1049 2418 1474 2443">
     <span class='ocr_line' id='line_1_77' title="bbox 1049 2418 1474 2443; baseline -0.005 0"><span class='ocrx_word' id='word_1_408' title='bbox 1049 2418 1120 2443; x_wconf 87' lang='lat' dir='ltr'>claro</span> <span class='ocrx_word' id='word_1_409' title='bbox 1130 2418 1247 2443; x_wconf 81' lang='lat' dir='ltr'>tremulos</span> <span class='ocrx_word' id='word_1_410' title='bbox 1258 2418 1351 2442; x_wconf 83' lang='lat' dir='ltr'>ardore</span> <span class='ocrx_word' id='word_1_411' title='bbox 1361 2420 1474 2442; x_wconf 80' lang='lat' dir='ltr'>cometas.</span> 
     </span>
    </p>
   </div>
   <div class='ocr_carea' id='block_1_27' title="bbox 885 2430 1039 2437">
    <p class='ocr_par' dir='ltr' id='par_1_33' title="bbox 885 2430 1039 2437">
     <span class='ocr_line' id='line_1_78' title="bbox 885 2430 1039 2437; baseline 0 0"><span class='ocrx_word' id='word_1_412' title='bbox 885 2430 1039 2437; x_wconf 95' lang='lat' dir='ltr'> </span> 
     </span>
    </p>
   </div>
   <div class='ocr_carea' id='block_1_28' title="bbox 827 2475 1552 2618">
    <p class='ocr_par' dir='ltr' id='par_1_34' title="bbox 827 2475 1552 2618">
     <span class='ocr_line' id='line_1_79' title="bbox 828 2475 1550 2516; baseline 0 -9"><span class='ocrx_word' id='word_1_413' title='bbox 828 2477 968 2508; x_wconf 87' lang='lat' dir='ltr'>Accedat</span> <span class='ocrx_word' id='word_1_414' title='bbox 983 2477 1128 2507; x_wconf 87' lang='lat' dir='ltr'>Valerius</span> <span class='ocrx_word' id='word_1_415' title='bbox 1143 2476 1282 2512; x_wconf 82' lang='lat' dir='ltr'>Flaccus,</span> <span class='ocrx_word' id='word_1_416' title='bbox 1298 2476 1316 2506; x_wconf 88' lang='lat' dir='ltr'>i.</span> <span class='ocrx_word' id='word_1_417' title='bbox 1333 2479 1403 2506; x_wconf 71' lang='lat'>427.</span> <span class='ocrx_word' id='word_1_418' title='bbox 1420 2481 1455 2505; x_wconf 90' lang='lat' dir='ltr'>ut</span> <span class='ocrx_word' id='word_1_419' title='bbox 1464 2475 1550 2516; x_wconf 60' lang='lat' dir='ltr'>justa</span> 
     </span>
     <span class='ocr_line' id='line_1_80' title="bbox 829 2527 1552 2567; baseline 0.001 -9"><span class='ocrx_word' id='word_1_420' title='bbox 829 2534 964 2558; x_wconf 86' lang='lat' dir='ltr'>mactem</span> <span class='ocrx_word' id='word_1_421' title='bbox 979 2528 1070 2559; x_wconf 89' lang='lat' dir='ltr'>illum</span> <span class='ocrx_word' id='word_1_422' title='bbox 1086 2527 1350 2567; x_wconf 86' lang='lat' dir='ltr'>interpretatione,</span> <span class='ocrx_word' id='word_1_423' title='bbox 1366 2537 1440 2557; x_wconf 86' lang='lat' dir='ltr'>nam</span> <span class='ocrx_word' id='word_1_424' title='bbox 1456 2528 1552 2559; x_wconf 85' lang='lat' dir='ltr'>falsus</span> 
     </span>
     <span class='ocr_line' id='line_1_81' title="bbox 827 2579 1326 2618; baseline -0.002 -10"><span class='ocrx_word' id='word_1_425' title='bbox 827 2584 873 2608; x_wconf 86' lang='lat' dir='ltr'>est</span> <span class='ocrx_word' id='word_1_426' title='bbox 884 2579 1095 2618; x_wconf 83' lang='lat' dir='ltr'>explicationis</span> <span class='ocrx_word' id='word_1_427' title='bbox 1110 2579 1326 2609; x_wconf 84' lang='lat' dir='ltr'>Burmannus:</span> 
     </span>
    </p>
   </div>
   <div class='ocr_carea' id='block_1_29' title="bbox 889 2658 1437 2733">
    <p class='ocr_par' dir='ltr' id='par_1_35' title="bbox 889 2658 1437 2733">
     <span class='ocr_line' id='line_1_82' title="bbox 889 2658 1437 2691; baseline 0.002 -8"><span class='ocrx_word' id='word_1_428' title='bbox 889 2659 942 2683; x_wconf 84' lang='lat' dir='ltr'>Illis</span> <span class='ocrx_word' id='word_1_429' title='bbox 952 2659 1080 2684; x_wconf 82' lang='lat' dir='ltr'>Taenario</span> <span class='ocrx_word' id='word_1_430' title='bbox 1090 2659 1188 2691; x_wconf 86' lang='lat' dir='ltr'>pariter</span> <span class='ocrx_word' id='word_1_431' title='bbox 1198 2658 1281 2683; x_wconf 81' lang='lat' dir='ltr'>tremit</span> <span class='ocrx_word' id='word_1_432' title='bbox 1290 2658 1362 2690; x_wconf 84' lang='lat' dir='ltr'>ignea</span> <span class='ocrx_word' id='word_1_433' title='bbox 1374 2658 1437 2684; x_wconf 82' lang='lat' dir='ltr'>fuco</span> 
     </span>
     <span class='ocr_line' id='line_1_83' title="bbox 889 2703 1025 2733; baseline -0.007 -7"><span class='ocrx_word' id='word_1_434' title='bbox 889 2703 1008 2733; x_wconf 82' lang='lat' dir='ltr'>Purpura</span> <span class='ocrx_word' id='word_1_435' title='bbox 1016 2710 1025 2726; x_wconf 89' lang='lat'>.-</span> 
     </span>
    </p>
   </div>
   <div class='ocr_carea' id='block_1_30' title="bbox 828 2775 1555 2913">
    <p class='ocr_par' dir='ltr' id='par_1_36' title="bbox 828 2775 1555 2913">
     <span class='ocr_line' id='line_1_84' title="bbox 828 2775 1553 2817; baseline 0 -12"><span class='ocrx_word' id='word_1_436' title='bbox 828 2776 847 2805; x_wconf 91' lang='lat' dir='ltr'>i.</span> <span class='ocrx_word' id='word_1_437' title='bbox 864 2786 891 2805; x_wconf 88' lang='lat' dir='ltr'>e.</span> <span class='ocrx_word' id='word_1_438' title='bbox 909 2775 1010 2806; x_wconf 85' lang='lat' dir='ltr'>fluitat</span> <span class='ocrx_word' id='word_1_439' title='bbox 1031 2776 1130 2817; x_wconf 88' lang='lat' dir='ltr'>quasi,</span> <span class='ocrx_word' id='word_1_440' title='bbox 1155 2775 1314 2814; x_wconf 88' lang='lat' dir='ltr'>tremiscit,</span> <span class='ocrx_word' id='word_1_441' title='bbox 1336 2780 1486 2812; x_wconf 88' lang='lat' dir='ltr'>coruscat,</span> <span class='ocrx_word' id='word_1_442' title='bbox 1509 2776 1553 2805; x_wconf 86' lang='lat' dir='ltr'>vi-</span> 
     </span>
     <span class='ocr_line' id='line_1_85' title="bbox 829 2827 1555 2868; baseline 0.001 -11"><span class='ocrx_word' id='word_1_443' title='bbox 829 2829 906 2864; x_wconf 86' lang='lat' dir='ltr'>brat,</span> <span class='ocrx_word' id='word_1_444' title='bbox 923 2828 1062 2868; x_wconf 85' lang='lat' dir='ltr'>ignibus;</span> <span class='ocrx_word' id='word_1_445' title='bbox 1079 2834 1115 2858; x_wconf 92' lang='lat' dir='ltr'>ut</span> <span class='ocrx_word' id='word_1_446' title='bbox 1129 2827 1212 2859; x_wconf 88' lang='lat' dir='ltr'>idem</span> <span class='ocrx_word' id='word_1_447' title='bbox 1223 2827 1352 2867; x_wconf 88' lang='lat' dir='ltr'>scriptor</span> <span class='ocrx_word' id='word_1_448' title='bbox 1366 2827 1555 2858; x_wconf 88' lang='lat' dir='ltr'>cultissimus</span> 
     </span>
     <span class='ocr_line' id='line_1_86' title="bbox 831 2882 1003 2913; baseline 0 -1"><span class='ocrx_word' id='word_1_449' title='bbox 831 2882 870 2912; x_wconf 87' lang='lat' dir='ltr'>ad</span> <span class='ocrx_word' id='word_1_450' title='bbox 885 2882 916 2913; x_wconf 81' lang='lat' dir='ltr'>ii.</span> <span class='ocrx_word' id='word_1_451' title='bbox 931 2885 1003 2912; x_wconf 83' lang='lat'>542.</span> 
     </span>
    </p>
   </div>
   <div class='ocr_carea' id='block_1_31' title="bbox 866 2958 1548 2991">
    <p class='ocr_par' dir='ltr' id='par_1_37' title="bbox 866 2958 1548 2991">
     <span class='ocr_line' id='line_1_87' title="bbox 866 2958 1548 2991; baseline -0.006 -7"><span class='ocrx_word' id='word_1_452' title='bbox 866 2970 1021 2979; x_wconf 91' lang='lat'>——</span> <span class='ocrx_word' id='word_1_453' title='bbox 1031 2958 1118 2991; x_wconf 82' lang='lat' dir='ltr'>Tyrio</span> <span class='ocrx_word' id='word_1_454' title='bbox 1129 2958 1221 2984; x_wconf 75' lang='lat' dir='ltr'>vibrat</span> <span class='ocrx_word' id='word_1_455' title='bbox 1232 2961 1306 2984; x_wconf 82' lang='lat' dir='ltr'>torus</span> <span class='ocrx_word' id='word_1_456' title='bbox 1316 2958 1403 2990; x_wconf 86' lang='lat' dir='ltr'>igneus</span> <span class='ocrx_word' id='word_1_457' title='bbox 1412 2960 1493 2982; x_wconf 75' lang='lat' dir='ltr'>ostro.</span> <span class='ocrx_word' id='word_1_458' title='bbox 1546 2975 1548 2977; x_wconf 59' lang='grc'><strong>,</strong></span> 
     </span>
    </p>
   </div>
  </div>
 </body>
</html>
