1912 3292
373 189 463 229 122

404 314 485 353 785

515 384 657 427 Nubes
672 398 756 425 esse
775 390 946 439 queunt,
966 397 1043 425 nec
1061 383 1190 438 pisces
1208 383 1343 424 vivere
1362 384 1405 424 in
1425 383 1547 433 arvis,

515 459 605 501 Nec
625 473 746 500 cruor
766 458 809 498 in
828 457 963 514 lignis,
984 471 1118 514 neque
1137 458 1244 499 saxis
1264 472 1398 508 sucus,
1420 458 1563 501 inesse:

514 533 686 575 Certum
706 547 754 574 ac
772 532 1013 587 dispositum
1034 539 1108 581 est,
1129 531 1201 572 ubi
1221 531 1421 586 quidquid
1440 540 1608 582 crescat,
1630 538 1672 572 et
1690 530 1800 572 insit:

516 608 583 649 Sic
603 608 730 648 animi
750 615 897 648 natura
916 606 1058 662 nequit
1076 605 1163 646 sine
1182 620 1355 660 corpore
1375 606 1474 646 oriri

401 685 482 724 790
516 682 626 732 Sola,
647 696 780 738 neque
800 696 825 722 a
845 681 978 722 nervis
998 687 1039 721 et
1058 680 1256 736 sanguine
1274 679 1437 736 longius
1456 683 1565 720 esse.'

515 755 643 804 Quod
664 756 696 796 si
716 764 852 811 posset
871 756 997 805 enim,
1020 754 1150 796 multo
1169 755 1282 809 prius
1301 754 1390 809 ipsa
1409 754 1536 795 animi
1556 754 1615 794 vis

517 829 568 869 In
589 829 736 884 capite,
758 838 830 871 aut
848 830 1045 880 humeris,
1068 837 1139 870 aut
1158 829 1250 870 imis
1269 828 1461 879 calcibus,
1483 843 1568 870 esse

515 902 674 953 Posset,
696 910 737 943 et
756 903 912 945 innasci
933 904 1012 959 quii
1033 904 1093 945 vis
1112 904 1155 944 in
1175 911 1293 959 parte
1312 903 1476 953 soleret;

385 1075 508 1105 Namque
518 1073 578 1098 aliae
591 1073 665 1098 victu
681 1073 834 1105 invigilant,
848 1077 876 1098 et
886 1073 986 1105 foedere
994 1077 1068 1106 pacto

383 1115 552 1138 Exercentur
563 1112 641 1145 agris.

369 1182 560 1212 Exercentur
575 1185 694 1217 autem,
710 1190 740 1211 se
753 1186 889 1211 exercent
897 1194 907 1215 ,·
931 1179 971 1210 ad
986 1179 1098 1210 mediae

371 1232 557 1262 Graecorum
568 1231 650 1261 vocis
661 1236 858 1270 potestatem:
878 1230 963 1271 quod
974 1237 1098 1271 tyrones

367 1282 627 1318 animadvertant,
643 1282 757 1320 velim;
781 1281 875 1312 clavis
895 1282 982 1313 enim
997 1289 1043 1313 est
1057 1283 1097 1313 ad

369 1335 552 1365 innumeras
566 1335 751 1374 scriptorum
766 1340 907 1365 veterum
921 1341 1097 1366 venustates

369 1387 569 1424 reserandas,
584 1386 658 1416 viris
678 1385 728 1416 vel
750 1385 935 1417 doctissimis
956 1386 990 1417 in
1013 1387 1097 1417 hunc

368 1449 469 1480 usque
480 1439 564 1469 diem
581 1439 799 1476 inobservatas,
811 1438 1054 1479 incognitasque.

409 1489 485 1520 Ver.
503 1493 574 1521 785.
597 1491 722 1521 volans.-
747 1489 815 1520 redi
840 1495 947 1520 notata
975 1490 1016 1521 ad
1037 1500 1098 1521 ver.

372 1543 443 1573 732.

412 1593 494 1624 Ibid.
516 1595 620 1625 volans
633 1596 801 1625 advenerit.
849 1594 955 1633 Maro,
967 1594 1041 1625 AEn.
1058 1594 1097 1624 vi.

371 1647 441 1676 190.

626 1718 744 1751 geminae
755 1725 841 1750 quum
855 1719 928 1753 forte
938 1720 1075 1745 columba:

396 1759 456 1789 Ipsa
465 1758 514 1782 sub
525 1764 572 1783 ora
583 1758 632 1781 viri
643 1758 715 1783 coelo
727 1765 824 1783 venere
835 1758 964 1784 volantes.

406 1828 482 1859 Ver.
507 1832 578 1860 784.
600 1841 712 1871 neque:
741 1833 775 1861 Δ.
799 1832 1025 1862 nea—hilum.-
1051 1837 1094 1862 Π.

369 1881 465 1911 illum.

406 1932 482 1962 Ver.
502 1935 573 1965 787.
596 1943 710 1974 neque:
736 1934 780 1963 sie
796 1934 832 1964 L.
850 1935 898 1964 M.
925 1939 959 1966 Σ.
978 1941 1023 1965 Ω..
1045 1944 1094 1965 re-

368 1982 458 2023 liqui,
475 1993 540 2014 nec.
818 2020 822 2024 ⁸

411 2034 486 2064 Ver.
505 2037 576 2065 788.
599 2037 795 2075 dispositum:
819 2042 858 2066 Π.
875 2038 1097 2077 depositum.—

369 2089 537 2128 quz'dquid:
566 2088 602 2118 P.
618 2088 662 2118 V.
675 2088 723 2119 ed.
740 2088 776 2118 B.
800 2091 972 2130 quicquam.

403 2139 475 2169 Ver.
493 2143 565 2171 789.
589 2142 655 2170 sine
677 2151 800 2180 corpore
820 2143 896 2171 Sola.
946 2141 1098 2173 Similiter

370 2191 537 2232 Virgilius,
554 2190 608 2221 ecl.
625 2201 653 2222 x.
670 2194 721 2222 48.

398 2274 517 2306 Alpinas,
529 2275 564 2299 ah
575 2275 642 2300 dura
653 2276 659 2299 ἔ
679 2275 763 2306 nives,
776 2280 803 2302 et
815 2276 914 2309 frigora
923 2277 1019 2308 Rheni,

400 2317 444 2339 Me
453 2314 518 2345 sine,
527 2315 591 2344 sola,
601 2315 684 2340 vides.

371 2385 412 2415 In
424 2395 513 2416 versu
528 2393 687 2427 sequente,
712 2391 747 2418 Δ.
773 2388 994 2426 nea-Porro,
1018 2399 1097 2428 pene

369 2436 485 2468 oblitus
499 2449 570 2468 sum
598 2438 780 2478 admonere,
808 2440 976 2471 certissime
991 2440 1098 2482 legen-

369 2487 447 2518 dum
461 2499 527 2519 esse
538 2491 663 2527 animae,
679 2500 735 2529 pro
749 2493 859 2527 animi,
875 2491 907 2521 in
923 2492 982 2522 hoc
996 2502 1098 2531 versu,

370 2539 459 2571 sicuti
475 2540 534 2571 loci
550 2541 645 2572 totius
667 2541 788 2572 indoles
815 2542 1018 2575 demonstrat:
1046 2544 1100 2575 sed

371 2599 436 2619 non
465 2601 558 2621 ausus
584 2603 655 2622 sum
684 2603 846 2632 reponere,
880 2594 1010 2635 ingenio
1034 2595 1100 2626 solo

371 2641 453 2671 fisus.
497 2643 581 2674 Vide
610 2646 841 2677 enarrationem
873 2653 1023 2686 nostram,
1059 2647 1100 2678 ad

371 2700 553 2733 sequentem
567 2706 700 2728 versum.

418 2743 490 2775 Ver.
522 2749 592 2777 791.
622 2750 726 2782 Quod:
751 2749 848 2781 vind.
872 2751 909 2781 P.
938 2752 1023 2787 Hoc;
1047 2750 1100 2782 sed

370 2793 450 2824 illud
462 2794 555 2835 longe
568 2797 753 2829 familiarius
764 2806 810 2830 est
818 2801 1100 2834 Lucretia—›mul-

374 2851 403 2875 εο
419 2849 538 2877 animi:
566 2854 606 2878 Π.
634 2852 729 2881 multa
745 2854 861 2884 anima.

884 176 946 224 T.
986 175 1364 226 LUCRETII

574 310 782 365 Denique,
803 309 847 349 in
867 308 1021 349 aethere
1039 322 1125 350 non
1145 308 1284 358 arbor,
1306 322 1392 350 non
1412 322 1578 364 aequore
1598 307 1642 350 in
1662 309 1744 351 alto

1128 1849 1349 1890 >perfunctorie
1396 1849 1592 1881 intuentibus
1627 1849 1893 1891 distinguenda,

1189 1075 1269 1105 Ibid.
1296 1077 1382 1109 Quod
1409 1076 1437 1105 si
1459 1080 1554 1114 posset
1578 1077 1677 1105 enim:
1712 1074 1732 1105 i.
1748 1085 1776 1105 e.
1801 1077 1824 1093 ‘⁶
1839 1075 1866 1106 si

1145 1129 1167 1146 “
1183 1136 1231 1156 res
1245 1128 1371 1165 possent
1386 1132 1473 1156 extra
1487 1125 1631 1157 ordinem
1655 1136 1748 1156 suum
1770 1126 1867 1164 nasci.

1146 1180 1168 1196 “
1182 1179 1289 1208 anima
1305 1176 1371 1207 sine
1387 1186 1513 1216 corpore
1528 1176 1601 1207 oriri
1615 1182 1730 1216 posset:
1746 1182 1777 1208 et
1785 1177 1870 1208 mul·

1142 1231 1165 1248 “
1181 1235 1214 1259 to
1228 1228 1329 1268 magis
1340 1229 1476 1264 animus,
1502 1238 1723 1270 quemcunque
1737 1227 1869 1260 demum

1143 1283 1166 1299 “
1181 1280 1318 1319 corporis
1333 1280 1439 1310 locum
1452 1285 1629 1319 occuparet,
1644 1282 1794 1318 humeros,
1808 1290 1868 1319 pu-

1141 1335 1164 1351 “
1179 1339 1222 1370 ta,
1248 1332 1295 1363 vel
1318 1334 1430 1369 calces,·
1454 1342 1556 1372 neque
1579 1343 1611 1362 se
1633 1332 1716 1363 intra
1734 1333 1868 1372 pectoris

1141 1387 1163 1403 “
1180 1384 1313 1415 claustra
1337 1384 1417 1426 (redi
1439 1384 1479 1414 ad
1504 1394 1565 1414 ver.
1591 1388 1660 1415 141.
1682 1385 1741 1414 hoc
1769 1383 1866 1425 libro)

1141 1438 1164 1454 “
1180 1435 1362 1471 contineret,
1379 1435 1411 1465 in
1427 1435 1536 1466 eadem
1552 1441 1638 1475 parte
1653 1435 1769 1467 scilicet
1782 1436 1866 1476 ejus-

1141 1491 1165 1507 “
1181 1487 1255 1519 dem
1271 1487 1438 1519 hominis.”

1183 1541 1258 1571 Ver.
1274 1542 1345 1571 792.
1366 1541 1517 1571 calcibus.-
1536 1541 1578 1570 V.
1594 1539 1642 1570 ed.
1657 1541 1793 1578 talabux‚·
1811 1550 1866 1572 ω-

1137 1591 1191 1632 jus
1204 1591 1406 1622 aberrationis
1419 1591 1574 1630 perfacilis
1588 1597 1635 1622 est
1644 1591 1804 1623 reddenda
1816 1602 1866 1623 ran·
1892 1597 1893 1603 ¹

1141 1643 1193 1674 tio.
1237 1642 1407 1674 Elementa
1424 1643 1576 1674 nimirum
1597 1649 1656 1674 tet
1677 1654 1693 1674 c
1715 1643 1749 1674 in
1763 1644 1868 1681 mino,
1892 1684 1893 1687 Ἴ

1140 1706 1211 1726 rum
1238 1696 1402 1727 literarum
1426 1696 1537 1727 formis
1551 1701 1625 1727 sunt
1639 1695 1814 1735 simillima;
1836 1701 1872 1738 eq,

1140 1746 1237 1778 literae
1247 1759 1262 1778 c
1273 1749 1285 1778 i
1287 1770 1297 1786 ,
1306 1747 1331 1778 si
1341 1747 1468 1787 propius
1476 1747 1713 1786 admoveantur,
1723 1747 1757 1778 in
1766 1757 1874 1789 unuxqr

1139 1810 1158 1828 α
1173 1798 1290 1829 sensim
1304 1798 1492 1836 coalescunt,
1515 1804 1548 1829 et
1569 1799 1609 1829 ab
1630 1798 1686 1830 illo
1706 1808 1772 1830 non
1794 1802 1887 1834 sunt

1141 1902 1214 1933 Hoc
1229 1908 1335 1933 autem
1350 1902 1501 1934 solicitius
1514 1902 1680 1941 inculcavi,
1689 1913 1731 1934 ne
1744 1903 1814 1944 quis
1828 1903 1871 1935 do·

1141 1955 1252 1985 latibus
1267 1953 1413 1991 somniet,
1427 1954 1515 1994 quasi
1529 1954 1704 1995 antiquiore
1714 1954 1816 1986 formfi
1829 1964 1873 1989 ‘rt
1888 1948 1892 1956 ’

1140 2007 1212 2037 talis
1217 2021 1227 2041 ,·
1245 2005 1335 2045 cujus
1347 2005 1426 2036 adeo
1440 2005 1551 2036 fuisset
1558 2005 1723 2046 vulgatum
1734 2009 1868 2042 calc-ibam
1889 2014 1892 2043 f

1140 2057 1242 2098 glossa
1257 2057 1447 2098 marginalis.
1494 2058 1535 2088 In
1558 2059 1704 2090 Juvenal.
1728 2059 1766 2090 vi.
1796 2063 1869 2103 1514
1890 2071 1892 2077 ’

1140 2118 1196 2147 pro
1210 2110 1296 2139 habet
1318 2111 1449 2146 vicinus,
1472 2109 1569 2139 codex
1591 2109 1653 2140 bib.
1669 2111 1741 2149 pub.
1766 2110 1866 2144 Acad.

1144 2160 1407 2200 Cantabrigicnsis
1421 2162 1536 2200 praebet
1550 2163 1615 2193 haec
1627 2173 1752 2194 manus:
1771 2162 1866 2201 nimi->

1141 2221 1224 2246 rum.
1248 2211 1281 2240 in
1297 2213 1346 2242 Ιιέι
1361 2213 1492 2250 vicinus,
1517 2211 1672 2243 elementa
1684 2219 1697 2244 t
1712 2219 1806 2255 atque
1824 2215 1865 2252 σι’,
1889 2209 1891 2214 ’

1141 2261 1285 2292 librarius
1298 2272 1355 2301 pro
1369 2273 1386 2293 c
1401 2268 1432 2292 et
1445 2274 1464 2293 a
1481 2263 1562 2302 cepit
1567 2275 1577 2301 ;
1592 2269 1625 2294 et
1634 2263 1709 2295 inde
1719 2264 1866 2296 facillime

1141 2313 1289 2344 inductus
1299 2314 1387 2344 estin
1396 2314 1613 2346 crassissimam
1622 2316 1769 2347 omnium
1779 2317 1866 2353 abel*-
1889 2334 1891 2338 ·

1140 2366 1302 2397 rationem.
1864 2391 1866 2394 >
1888 2401 1890 2405 .

1185 2417 1260 2447 Ver.
1277 2420 1349 2448 793.
1363 2424 1391 2448 et
1404 2419 1542 2450 innasci.-
1561 2419 1598 2450 L.
1611 2419 1659 2450 Μ.
1674 2422 1755 2451 enim
1766 2421 1870 2454 nasdl
1888 2418 1891 2420 ’

1186 2468 1258 2499 Ver.
1276 2472 1294 2500 7
1299 2472 1348 2500 94.
1373 2469 1413 2499 In
1428 2470 1556 2501 vetustis
1569 2471 1797 2511 exemplaribus
1806 2472 1866 2502 hou

1142 2526 1232 2559 pacto
1245 2531 1351 2551 versus
1364 2522 1539 2561 propositus
1553 2529 1695 2555 exaratus
1710 2530 1768 2555 est:

1175 2593 1284 2618 Tandem
1297 2593 1323 2618 in
1336 2594 1432 2620 eodem
1445 2595 1555 2621 homine
1566 2599 1649 2628 atque
1658 2597 1686 2622 in
1697 2597 1794 2623 eodem
1804 2602 1866 2623 vane
1888 2597 1889 2630 j

1265 2643 1390 2663 manere:

1143 2708 1217 2729 nam
1256 2714 1289 2731 ‘ro
1315 2708 1450 2732 maneret
1479 2701 1656 2743 vulgarium
1692 2699 1889 2742 editionum

1144 2751 1327 2782 auctoritate
1341 2751 1529 2784 destituitur.
1575 2753 1660 2789 Quid
1679 2760 1786 2785 autem
1799 2755 1864 2787 hee

1145 2802 1202 2833 sibi
1218 2803 1323 2840 velint,
1334 2811 1389 2835 aut
1399 2815 1461 2846 quo
1473 2805 1568 2837 modo
1578 2805 1618 2837 ad
1627 2817 1755 2847 scopum
1767 2807 1864 2847 poeta
1885 2835 1889 2855 1

1144 2853 1271 2893 faciant,
1296 2865 1396 2896 neque
1411 2863 1536 2888 exortus
1549 2863 1595 2888 est
1614 2858 1788 2900 quisquam,
1809 2855 1864 2899 qui
