1912 3292
325 226 419 267 322

829 219 891 270 T.
943 221 1325 271 LUCRETII

468 350 536 392 Ex
556 351 638 393 alto
656 351 837 407 primum
858 354 954 410 quia
974 355 1044 396 vix
1064 355 1264 398 emittitur
1283 370 1336 397 ex
1355 370 1418 397 re:

470 424 581 466 Nam
601 427 764 481 penitus
782 427 912 470 fluere
931 436 1055 485 atque
1073 429 1266 471 recedere
1285 429 1406 472 rebus
1426 430 1573 473 odores

338 503 436 545 '700
468 504 696 561 Significat,
719 506 831 562 quod
851 506 980 549 fracta
999 508 1130 565 magis
1150 507 1335 550 redolere
1353 507 1547 550 videntur

467 578 638 630 Omnia,
660 580 772 636 quod
793 581 984 631 contrita,
1007 582 1119 637 quod
1139 582 1227 638 igni
1247 582 1536 625 conlabefacta.

465 652 646 703 Deinde,
671 654 811 696 videre
830 655 924 696 licet
943 655 1165 710 majoribus
1186 671 1270 698 esse
1291 666 1473 698 creatum

469 726 702 782 PrincipiiS‚
727 743 852 783 quam
872 743 974 779 vox3
1009 730 1204 785 quoniam
1224 745 1299 786 per
1320 745 1443 772 saxea
1463 739 1592 787 saepta

466 800 564 840 Non
585 809 788 854 penetrat,
811 801 892 857 qua
916 817 996 843 vox
1015 803 1137 860 volgo
1157 803 1393 860 sonitusque
1410 805 1610 847 feruntur.

351 874 432 914 705
466 873 562 922 Qua
583 889 628 914 re
648 874 771 915 etiam
792 875 905 931 quod
927 875 1021 926 olet,
1045 891 1130 917 non
1152 886 1236 919 tarn
1256 877 1372 919 facile
1391 893 1475 920 esse
1495 878 1650 920 videbis

463 945 732 1006 Investigare,
753 949 798 989 in
819 949 900 1006 qua
921 950 972 992 sit
991 951 1160 1008 regione
1179 951 1374 992 locatum:

319 1132 402 1162 vero,
432 1121 509 1163 quid
531 1121 600 1153 loco
626 1122 851 1163 congruentius
880 1122 1049 1154 desiderari

319 1180 431 1216 potest,
446 1184 541 1216 quam
547 1174 663 1216 faciles
677 1186 784 1211 auras,
799 1175 847 1206 vel
862 1177 902 1206 ob
913 1177 1048 1207 tenuita-

321 1233 386 1258 tem
402 1226 495 1258 facile
510 1226 654 1257 cedentes
668 1227 831 1265 odoribus;
854 1227 928 1258 inde
952 1228 1048 1258 nimi-

318 1288 391 1310 rum
417 1277 555 1319 undique
585 1277 740 1317 dispersis,
778 1288 814 1309 ac
851 1278 1047 1319 disperditis?

319 1330 427 1361 Po'e'tae
442 1340 553 1369 scopus
567 1330 653 1360 hunc
667 1340 794 1361 sensum
803 1330 930 1371 flagitat,
946 1342 1048 1373 neque

318 1382 472 1422 patienter
486 1381 628 1412 tolerabit
642 1381 749 1413 alium.
783 1382 951 1420 Martialis,
962 1394 1048 1423 spec.

317 1441 377 1466 tac.
394 1435 474 1466 xxvi.
491 1439 519 1466 2.

409 1503 442 1526 Et
453 1501 526 1526 vario
528 1501 623 1533 faciles
634 1501 727 1527 ordine
737 1502 828 1534 pinxit
839 1510 933 1536 aquas.-

315 1568 336 1599 i.
351 1577 377 1598 e.
400 1566 519 1602 molles,
539 1566 648 1597 leviter
661 1567 818 1606 impressae
838 1568 867 1598 vi
883 1567 1040 1599 cedentes:

316 1619 423 1651 redeas
439 1625 544 1650 autem
560 1619 656 1649 velim
671 1619 711 1649 ad
726 1620 746 1650 i.
760 1623 916 1651 282375.
932 1620 1043 1651 ii.575.

318 1671 447 1707 Quanto
458 1670 588 1700 demum
600 1670 725 1699 mollior
735 1676 782 1707 est
791 1672 864 1701 αἰέν-,Ρ
883 1671 915 1700 N
916 1681 957 1701 on
970 1671 1044 1701 alie-

316 1734 376 1754 nus
391 1722 512 1753 videtur
530 1721 674 1760 Ovidius,
689 1722 779 1761 epist.
797 1722 882 1752 xviii.
900 1725 950 1754 45.

343 1807 433 1835 Parce,
444 1810 552 1836 prccor3
562 1802 724 1835 facilemque
735 1810 816 1829 move
826 1803 990 1829 moderatius
998 1811 1045 1828 au-

436 1850 505 1870 ram.-

314 1918 334 1949 i.
348 1928 374 1948 e.
390 1917 501 1953 levem,
517 1921 660 1953 tenuem3
676 1920 720 1950 ut,
732 1916 772 1945 ob
783 1925 891 1945 voce-m
902 1918 1040 1947 modera-

314 1972 385 2005 tius,
409 1969 453 1999 ibi
476 1978 531 2008 pro
553 1972 702 2007 perpetuo
727 1967 866 2006 epitheto
892 1967 1040 2006 capiatur.

316 2020 472 2060 Denique,
510 2019 550 2049 ad
580 2018 743 2059 vulgarem
778 2019 1042 2049 constructionem

314 2069 494 2103 Lucretiani
509 2069 668 2107 carminis,
681 2068 814 2099 viderint
829 2068 921 2105 docti,
938 2079 977 2099 an
994 2069 1043 2100 vel

315 2124 382 2164 ipsa
398 2122 573 2154 Latinitatis
588 2121 667 2152 ratio
682 2122 777 2160 probe
791 2127 925 2152 constet:
941 2132 998 2152 nos
1007 2121 1041 2152 in

314 2174 420 2206 medio
435 2183 499 2204 rem
514 2173 730 2213 reliiiquimus.

361 2227 436 2257 Ver.
460 2230 529 2258 598.
551 2236 602 2256 re.-
628 2225 667 2256 P.
691 2225 730 2256 V.
754 2224 801 2256 ed.
825 2225 863 2256 B.
892 2235 931 2257 se.
966 2225 1042 2256 Non

315 2278 420 2318 probo.

355 2338 431 2368 Ver.
457 2341 530 2370 699.
560 2344 650 2378 aeque
671 2339 826 2368 recedere:
854 2336 891 2368 P.
924 2337 964 2368 O.
996 2341 1035 2368 A.

310 2401 347 2422 ac
358 2391 528 2430 praecedere
537 2403 547 2424 ;
573 2389 613 2419 V.
631 2388 678 2419 ed.
696 2389 733 2419 B.
748 2389 785 2419 L.
804 2394 837 2419 Σ.
853 2395 944 2429 atque
954 2399 1039 2428 pra·-

311 2443 430 2477 cedere,-
455 2447 497 2471 Ω..
520 2452 557 2472 ac
573 2442 746 2481 procedere.
790 2439 838 2470 Te
854 2439 982 2479 recipias
997 2440 1037 2471 ad

311 2494 344 2524 ii.
370 2495 640 2524 1127.——recedere
664 2498 772 2523 autem
799 2492 931 2523 omnino
954 2492 1040 2524 deest

314 2551 355 2576 Π.

351 2603 427 2634 Ver.
444 2605 515 2634 700.
537 2605 701 2646 Signfficat
722 2606 821 2645 quod:
848 2608 883 2635 Δ.
910 2605 1038 2645 δίςηξίῖ-

311 2661 382 2685 cant
413 2657 685 2695 quw—videntur:
719 2656 761 2687 V.
791 2655 838 2687 ed.
867 2657 1018 2687 violentur
1023 2669 1035 2691 ;

309 2704 462 2735 distractis
483 2715 595 2747 nempe
616 2707 757 2746 partibus
781 2707 881 2737 literae
903 2709 936 2745 d,
966 2716 1036 2747 quae

309 2756 474 2786 conficitur
487 2768 523 2788 ex
539 2770 555 2789 ο
571 2764 602 2789 et
615 2761 627 2789 l
642 2760 818 2801 conjunctis
829 2758 1000 2791 elementis.

311 2808 481 2847 Caeterum,
499 2809 537 2839 de
548 2810 665 2851 ⁴fractis
681 2818 712 2843 et
723 2814 873 2849 contritis,
884 2811 1034 2853 quemad·

306 2859 438 2890 modum
454 2863 552 2901 magis
567 2865 731 2900 redoleant,
748 2874 805 2894 nos
821 2864 945 2904 egimus
959 2865 1034 2894 ube-

305 2911 371 2942 rius
386 2911 419 2942 in
438 2911 510 2943 Silv.
540 2913 616 2944 Crit.
641 2920 726 2946 sectt.
741 2915 803 2946 lvii.
820 2921 851 2946 et
865 2914 949 2946 ccvii.
965 2914 1031 2946 init.

1094 1123 1155 1155 Illa
1178 1129 1297 1162 autem,
1320 1133 1358 1154 ac
1375 1123 1565 1154 Lucretiana
1585 1133 1692 1154 coram
1714 1123 1824 1164 posita,

1092 1176 1150 1206 sibi
1176 1176 1311 1206 vicissim
1336 1182 1484 1206 mutuam
1509 1185 1636 1215 operam
1656 1177 1823 1208 navabant.

1091 1228 1269 1268 Josephum
1297 1227 1447 1258 Iscanum
1477 1233 1661 1266 nostratem,
1691 1227 1732 1259 de
1753 1227 1824 1261 bell.

1093 1279 1180 1320 Troj.
1192 1279 1236 1310 iii.
1250 1282 1300 1311 19.
1315 1279 1373 1310 hac
1389 1279 1553 1310 occasione
1568 1278 1757 1311 emendabo:

1287 1361 1383 1386 veneri
1393 1361 1467 1392 quod
1477 1360 1567 1390 dulce,
1579 1361 1705 1393 propinat

1123 1402 1238 1431 Ductor,
1249 1401 1376 1426 Aristaeos
1387 1401 1488 1431 latices,
1501 1400 1629 1426 Mel'iboea
1639 1400 1754 1432 fluenta,

1122 1442 1220 1467 Icarios
1228 1441 1350 1472 haustus,
1353 1441 1455 1473 fractos
1466 1441 1600 1466 Phoenicis
1610 1441 1714 1467 odores.

1090 1521 1181 1552 Libri
1204 1520 1291 1559 dant,
1305 1520 1418 1561 fracti.
1463 1520 1507 1551 Et
1519 1530 1576 1560 per
1591 1522 1734 1551 Meliboea
1750 1523 1821 1563 flu-

1087 1578 1157 1603 enta
1174 1573 1353 1614 intelligam
1365 1583 1440 1602 sane
1445 1574 1613 1612 pastorales
1628 1574 1746 1611 latices,
1759 1573 1823 1605 sive

1088 1624 1144 1654 lac.
1192 1623 1325 1654 Ovidius
1340 1633 1404 1653 non
1420 1623 1547 1654 aliunde
1563 1623 1729 1655 admittere
1749 1635 1822 1665 pro·

1088 1677 1162 1706 bam
1184 1676 1473 1715 inter-pretationem
1497 1676 1633 1715 videtur,
1665 1677 1706 1708 de
1731 1678 1824 1718 cujus

1089 1727 1224 1757 lectione
1259 1726 1398 1757 multum
1435 1727 1590 1758 Heinsius
1626 1728 1822 1769 ambigebat.

1089 1785 1162 1809 met.
1178 1789 1226 1809 xv.
1242 1783 1315 1810 599.

1407 1852 1496 1881 casias,
1508 1855 1535 1877 et
1547 1851 1622 1876 nardi
1633 1850 1698 1876 lenis
1709 1851 1812 1882 aristas,

1118 1892 1274 1924 Quassaque
1290 1898 1355 1916 curn
1367 1890 1442 1915 fulva
1454 1892 1597 1916 substravit
1608 1891 1727 1917 cinnama
1744 1898 1821 1924 myr-

1208 1930 1268 1956 rba.

1129 2002 1202 2033 Ver.
1230 2005 1303 2033 701.
1326 2002 1552 2043 conlabefacta:
1592 2001 1629 2032 P.
1651 2012 1712 2032 non
1737 2002 1819 2033 tabe-

1074 2053 1184 2095 facta;
1208 2055 1316 2094 quiex
1330 2053 1472 2093 pluribus
1496 2053 1604 2092 priscis
1628 2052 1817 2092 exemplari-

1085 2107 1143 2136 bus
1156 2105 1377 2145 corrigendum
1390 2105 1479 2146 jubet
1494 2106 1711 2146 concalefacta.
1751 2105 1817 2135 Re-

1084 2163 1173 2196 cepta
1188 2156 1280 2187 lectio
1294 2156 1396 2186 multo
1408 2156 1568 2186 venustior
1583 2162 1639 2192 est,
1661 2162 1692 2186 et
1707 2156 1817 2196 exqui-

1085 2208 1182 2240 sitior:
1210 2208 1318 2239 confer
1339 2208 1359 2238 i.
1385 2211 1460 2240 495.
1490 2206 1666 2248 gemellum
1695 2205 1812 2238 locum.

1084 2261 1241 2302 Virgilius
1255 2261 1330 2291 hinc
1344 2261 1471 2291 fortasse
1486 2259 1631 2290 nonnihil
1654 2265 1817 2290 mutuatus

1083 2318 1140 2350 est,
1156 2312 1196 2342 ad
1213 2312 1288 2342 AEn.
1303 2312 1365 2342 viii.
1381 2315 1455 2343 590.

1562 2383 1609 2410 Ille
1620 2386 1734 2416 repente

1112 2425 1227 2457 Adcepit
1238 2425 1344 2450 solitam
1353 2425 1504 2456 flammam;
1516 2428 1652 2456 notusque
1662 2423 1793 2449 medullas

1112 2466 1229 2490 Intravit
1240 2465 1319 2496 calor,
1329 2469 1356 2490 et
1368 2465 1492 2496 labefacta
1507 2472 1555 2497 per
1565 2472 1619 2489 ossa
1630 2464 1764 2498 cucurrit.

1084 2544 1150 2575 Ubi
1186 2544 1334 2575 nonnulli
1363 2544 1485 2575 codices
1521 2543 1667 2574 similiter
1696 2544 1818 2575 liabent

1082 2595 1231 2638 calefacta
1239 2612 1251 2632 ,·
1275 2595 1361 2637 quod
1396 2596 1486 2626 nullo
1511 2595 1607 2626 modo
1633 2593 1810 2625 serendum.

1082 2650 1183 2680 Hunc
1199 2650 1304 2680 locum
1320 2650 1498 2680 Lambinus
1512 2649 1607 2680 etiam
1622 2646 1814 2678 admoverat.

1125 2701 1208 2732 Ibid.
1231 2704 1312 2742 quod
1326 2704 1468 2732 contrita.
1513 2701 1603 2732 Hinc
1629 2698 1708 2728 ratio
1732 2707 1812 2737 prae-

1081 2753 1184 2793 scripti
1200 2754 1338 2784 cernitur
1359 2753 1400 2784 ad
1416 2752 1559 2794 ejusdem
1574 2751 1673 2791 poe’tae
1688 2759 1756 2791 geo.
1772 2750 1812 2780 iv.

1079 2809 1130 2836 63.

1304 2887 1361 2910 Huc
1373 2889 1403 2910 tu
1411 2887 1494 2918 jussos
1506 2885 1633 2919 adsperge
1645 2889 1759 2916 sapore&

1113 2925 1183 2950 Trita
1196 2925 1407 2958 melisphylla<
