1912 3292
492 333 725 376 Discidium
744 342 916 389 possunt
942 342 1054 377 artus
1073 334 1254 391 perferre
1273 334 1444 384 relictei;

494 408 576 450 Sed
595 409 756 465 penitus
775 418 950 464 pereunt
969 409 1189 461 convolsei,
1211 423 1373 466 conque
1400 416 1652 465 putrescunt.

380 487 459 523 345
493 482 563 525 Ex
582 483 750 525 ineunte
769 498 859 525 aevo
879 485 936 526 sic
955 485 1140 540 corporis
1160 492 1284 541 atque
1303 484 1460 526 animai·

493 557 648 599 Mutua
665 557 819 600 vitaleis
838 559 1001 601 discunt
1021 559 1213 616 contagia
1233 566 1385 608 motus,

493 630 698 674 Maternis
717 633 841 674 etiam
861 634 1071 684 membris,
1094 633 1266 688 alvoque
1285 638 1471 687 reposto;

491 705 726 748 Discidium
746 714 792 748 ut
811 715 987 763 nequeat
1007 706 1096 748 fieri
1118 706 1205 747 sine
1224 712 1352 761 peste,
1375 703 1581 760 maloque:

492 779 555 821 Ut
574 780 726 830 videas,
749 781 945 837 quoniam
966 781 1186 837 conjuncta
1205 788 1266 821 est
1285 794 1429 820 caussa
1447 778 1603 828 salutis,

375 858 459 894 350
493 852 769 908 Conjunctam
789 869 955 912 quoque
973 863 1165 897 naturam
1185 855 1407 896 consistere
1427 867 1584 895 eorum.

549 927 677 976 Quod
698 943 820 984 super
839 938 914 980 est,
937 931 970 970 si
991 931 1082 986 quis
1102 944 1252 985 corpus
1272 928 1422 970 sentire
1442 927 1608 977 refutat,

343 1087 367 1103 ‘⁶
389 1088 462 1114 ante
476 1088 599 1124 tangas,
622 1087 679 1114 aut
693 1083 846 1122 fricueris,
870 1083 918 1115 lac
933 1086 1075 1120 dimittit,-

345 1139 369 1154 “
385 1146 423 1166 ex
439 1134 536 1166 altera
550 1140 656 1166 autem
671 1141 760 1175 parte
777 1135 920 1166 similiter
933 1137 959 1167 si
974 1137 1076 1174 frices,

345 1193 370 1208 “
385 1201 420 1221 ez·
434 1201 465 1222 se
479 1189 669 1230 sanguinem
682 1188 843 1220 remittit.”
879 1189 1000 1231 Vulgo,
1023 1193 1075 1222 de-

345 1242 439 1272 mittit
445 1257 456 1278 ;
488 1247 592 1282 atque,
623 1252 661 1272 ac
682 1242 718 1271 si.
764 1240 932 1281 Virgilius,
954 1251 1022 1282 geo.
1046 1242 1077 1273 ii.

345 1296 420 1323 218.

344 1369 377 1394 Et
386 1367 455 1394 bibit
464 1368 620 1399 humorem,
628 1371 666 1399 et,
674 1375 738 1394 cum
747 1368 818 1399 vult,
824 1374 858 1394 ex
866 1376 891 1394 se
898 1368 953 1402 ipsa
960 1369 1077 1395 remittit.-

344 1448 440 1484 atque
455 1443 633 1473 committas
648 1448 803 1482 nostrum,
819 1442 858 1473 ad
876 1442 914 1474 vi.
931 1447 981 1475 67.

387 1495 464 1526 Ver.
479 1498 554 1526 541.
569 1494 623 1526 ed:
651 1495 747 1526 vind.
760 1495 801 1525 V.
817 1494 864 1526 ed.
883 1500 918 1526 Δ.
930 1502 970 1526 Π.
984 1500 1018 1528 Σ.
1033 1503 1077 1528 Ω.

344 1559 382 1579 a:
399 1546 512 1588 'editur
534 1546 730 1588 plerumque,
757 1548 796 1578 ab
811 1549 869 1579 ltac
879 1562 890 1583 ;
917 1553 1026 1579 contra
1040 1548 1076 1579 li-

345 1602 553 1642 bros—ipse:
581 1602 628 1633 M.
644 1604 721 1642 ipsa.

390 1654 464 1684 Ver.
478 1657 552 1685 545.
574 1655 772 1686 Discidium:
799 1655 836 1686 P.
854 1661 889 1686 Δ.
907 1662 947 1686 Π.
970 1657 1076 1687 Dissi-

345 1708 445 1744 dium,
471 1711 508 1736 ut
521 1715 608 1744 mox,
634 1706 668 1736 in
684 1717 745 1737 ver.
761 1710 834 1738 548.
861 1707 931 1738 vide
948 1707 979 1738 ii.
1006 1711 1075 1740 119.

346 1758 442 1790 male:
484 1758 536 1789 Pii
568 1758 698 1799 quidam
727 1758 860 1798 codices,
898 1762 1074 1800 disligium;

344 1810 431 1854 quod
445 1819 510 1841 non
527 1810 811 1851 capio.—-possunt.·
837 1811 878 1842 V.
893 1811 942 1842 ed.
960 1814 1049 1843 inter.

387 1863 463 1893 Ver.
478 1865 551 1893 544.
575 1863 738 1893 convolsei:
765 1867 800 1893 Δ.
816 1863 961 1894 conclusi.
996 1863 1076 1894 Mox

345 1919 453 1946 autem
469 1914 511 1944 V.
530 1913 578 1944 ed.
593 1925 711 1954 corpus.

387 1965 464 1995 Ver.
479 1967 554 1995 546.
570 1966 710 1996 discunt.-
739 1964 778 1995 Ο.
796 1969 830 1995 Δ.
845 1967 970 1996 distant.
996 1965 1074 1996 Sen-

344 2027 398 2048 sus
411 2021 518 2047 autem
534 2021 593 2046 est:
621 2018 644 2032 ‘⁶
661 2016 712 2046 Ex
727 2021 873 2046 contactu
892 2021 985 2057 atque
999 2027 1074 2047 con-

346 2073 370 2089 “
381 2068 547 2110 junctione
572 2067 689 2098 similes
714 2067 843 2098 affectus
868 2068 1015 2105 nancisci,
1039 2079 1075 2100 ac

345 2124 370 2140 “
385 2120 524 2151 motibus
538 2119 683 2153 vitalibus
697 2129 809 2159 corpus
823 2124 855 2149 et
876 2119 1016 2150 animam
1033 2120 1073 2150 si-

345 2175 368 2192 “
384 2172 502 2203 militer
515 2171 582 2203 una
595 2171 706 2212 fungi;
729 2171 774 2202 ita
788 2177 824 2202 ut
842 2171 1000 2202 indiscreti
1021 2183 1073 2203 co-

344 2227 367 2243 “
383 2224 475 2255 mites
489 2223 633 2263 evadant,
658 2233 716 2254 nec
732 2223 795 2254 sint
815 2223 882 2254 sine
897 2229 1010 2254 mutuo
1024 2224 1073 2254 in-

345 2278 370 2295 “
385 2275 482 2306 tei-itu
496 2274 724 2307 dissolubiles.”

385 2328 461 2358 Ver.
475 2330 549 2359 547.
564 2333 696 2368 reposto:
724 2327 761 2358 P.
775 2326 814 2358 Ο.
828 2331 863 2358 Δ.
882 2333 926 2358 Ω.
941 2333 1074 2367 reposta,-

344 2385 382 2412 ut
391 2379 534 2421 vulgares
545 2378 632 2418 editi,
646 2379 736 2410 docte
747 2379 854 2410 minus
866 2385 898 2410 et
911 2379 1072 2421 exquisite.

343 2431 511 2473 Virgilius,
528 2431 603 2462 AEn.
619 2430 662 2462 iii.
677 2434 750 2462 564.

665 2507 746 2530 terras
756 2507 862 2530 tentare
872 2507 990 2537 repostas.

343 2568 437 2600 {dem
452 2579 559 2600 rursus
580 2567 654 2600 ibid.
669 2568 708 2600 vi.
724 2572 775 2601 59.
797 2578 892 2609 quem
907 2577 965 2608 pro
984 2576 1073 2599 more

344 2619 441 2651 Silius
455 2620 614 2660 exprimit,
631 2620 714 2651 Pun.
729 2619 772 2651 iii.
786 2622 862 2652 325.

389 2679 471 2710 Ibid.
497 2682 562 2712 alvo
582 2687 707 2722 reposto.
754 2680 804 2712 Sic
830 2680 996 2720 HoratiuS,
1021 2679 1072 2712 od.

348 2730 386 2763 iv.
402 2735 430 2763 6.
445 2735 494 2764 19.

695 2807 779 2833 etiam
789 2807 921 2834 latentem

560 2846 652 2871 Matris
663 2846 690 2871 in
701 2846 774 2872 alvo.

350 2909 474 2951 Reposeo
490 2915 608 2947 autern,
623 2912 778 2942 recondito
788 2910 881 2949 valet,
897 2916 928 2942 et
942 2912 981 2942 ab
997 2920 1071 2942 ocu·

870 200 931 250 T.
972 199 1352 252 LUCRETII

1120 1083 1160 1114 lis
1181 1088 1311 1114 remoto.
1356 1083 1447 1113 Hinc
1469 1082 1596 1113 miseret
1617 1091 1670 1113 me
1685 1081 1810 1122 Heynii
1825 1086 1856 1112 et

1120 1135 1254 1167 aliorum
1269 1135 1310 1167 ad
1328 1136 1516 1177 Virgilium,
1531 1146 1601 1177 geo.
1615 1136 1659 1167 iii.
1679 1138 1751 1169 527.

1287 1218 1342 1236 non
1353 1211 1402 1236 illis
1413 1211 1494 1244 epulae
1504 1217 1623 1236 nocuere
1633 1212 1750 1243 repone.-

1120 1274 1140 1304 i.
1156 1285 1184 1305 e.
1213 1280 1296 1306 retro
1321 1275 1446 1314 positae3
1470 1284 1586 1314 nempe
1608 1273 1809 1305 conclavibus
1826 1278 1859 1305 et

1122 1326 1268 1357 thalamis
1287 1326 1417 1365 aedium,
1446 1331 1703 1364 ΑΠΟΘΗΚΑΙΣ,
1727 1326 1762 1356 in
1783 1335 1862 1356 usus
1880 1330 1883 1333 '

1122 1378 1318 1419 equisitiores
1334 1381 1590 1419 τεθησαυριηιεναι.
1628 1376 1720 1408 Nihil
1734 1377 1808 1408 novi
1824 1377 1859 1408 in

1123 1435 1189 1461 toto
1204 1431 1296 1462 Latio
1310 1430 1517 1467 manifestius,
1535 1435 1592 1460 aut
1606 1429 1692 1471 quod
1707 1429 1859 1469 interpre-

1122 1487 1188 1513 tem
1202 1481 1311 1512 minus
1326 1482 1442 1513 morari
1461 1481 1620 1512 debuerat.
1669 1479 1857 1520 Innumera,

1121 1543 1192 1574 quae
1207 1538 1281 1563 sunt
1295 1532 1335 1564 ad
1351 1542 1495 1569 manum,
1511 1531 1609 1572 pudet
1630 1541 1808 1573 congerere.
1880 1521 1881 1530 ¹

1164 1584 1237 1615 Ver.
1252 1587 1325 1616 548.
1357 1583 1441 1623 ¹Cum
1465 1583 1622 1614 editorum
1648 1581 1757 1623 vulgo,
1785 1580 1857 1613 reli-

1122 1636 1249 1677 quimus
1264 1643 1308 1672 ιιι,
1325 1642 1394 1676 post
1404 1637 1598 1673 Discidium,
1610 1633 1698 1665 libris
1711 1633 1860 1665 omnibus

1121 1686 1195 1717 iicet
1220 1686 1480 1724 reclamantibus3
1503 1692 1536 1716 et
1561 1695 1637 1717 sane
1661 1686 1703 1716 ob
1717 1684 1859 1725 persimi-

1119 1740 1183 1770 lem
1209 1740 1356 1772 dictionis
1385 1739 1556 1780 praeeuntis
1589 1733 1863 1778 terminationem,

1119 1791 1232 1823 vocula
1245 1792 1338 1823 facile
1356 1791 1437 1823 elabi
1451 1797 1587 1832 poterat:
1613 1790 1726 1822 dubito
1740 1795 1860 1830 tamen,

1120 1857 1161 1878 an
1183 1857 1276 1887 super
1297 1849 1356 1879 hac
1377 1857 1411 1878 re
1436 1849 1518 1878 bene
1541 1846 1760 1877 statuerimus:
1786 1844 1858 1876 vide
1875 1867 1887 1892 ·=;

1119 1899 1160 1930 ad
1175 1910 1236 1931 ver.
1253 1902 1324 1932 255.
1369 1900 1474 1931 Locus
1496 1904 1543 1930 est
1559 1896 1690 1936 Catulli,
1712 1897 1808 1928 lxviii.
1825 1900 1857 1929 5.

1120 1951 1176 1981 ubi
1207 1952 1367 1983 sinceritas
1398 1951 1540 1982 lectionis
1569 1959 1695 1990 poscere
1723 1949 1858 1988 videtur,
1875 1942 1878 1949 Δ

1119 2003 1159 2033 ad
1175 2003 1376 2044 quorundam
1393 2002 1490 2033 MSS.
1512 2001 1621 2040 fidem,
1646 2001 1788 2042 ejusdem
1803 2011 1857 2031 vo-

1119 2053 1164 2084 cis
1178 2055 1379 2084 omissionem
1392 2065 1398 2083 :

1119 2132 1200 2163 Quod
1212 2131 1289 2162 mihi,
1299 2131 1411 2157 fortuna
1422 2137 1540 2162 casuque
1551 2130 1692 2162 obpressus
1701 2130 1810 2161 acerbo,
1858 2128 1862 2134 '
1878 2127 1879 2131 ’

1149 2172 1340 2204 Conscriptum
1353 2171 1404 2197 hoc
1418 2170 1547 2196 lacrumis
1558 2169 1644 2194 mittis
1655 2169 1824 2202 epistolium3

1120 2211 1298 2244 Naufragum,
1326 2215 1349 2235 et
1376 2212 1495 2242 ejectum
1520 2209 1708 2242 spumantibus
1738 2209 1855 2242 aequorifi

1272 2252 1361 2282 undis,
1774 2274 1776 2276 ,
1844 2263 1846 2266 -

1150 2292 1304 2323 sublevem,
1316 2295 1345 2318 et
1357 2299 1372 2317 a
1383 2291 1479 2318 mortis
1489 2291 1584 2316 limme
1595 2290 1812 2316 restituam—.

1119 2365 1216 2396 Hanc
1246 2370 1353 2396 autem
1381 2374 1438 2405 pro
1466 2363 1638 2395 certissima
1669 2358 1855 2404 scripturani

1115 2419 1227 2456 habeo,
1253 2418 1320 2449 vice
1343 2421 1367 2436 “
1385 2417 1587 2458 Naufragum
1613 2423 1647 2448 ut
1680 2411 1855 2459 ejectum:’¹

1116 2470 1187 2501 vide
1203 2470 1244 2501 ad
1258 2470 1279 2501 i.
1293 2473 1348 2501 30.

1160 2522 1235 2552 Ver.
1250 2523 1324 2553 551.
1355 2522 1443 2556 Quod
1468 2531 1558 2561 super
1582 2526 1645 2551 est.-
1662 2540 1665 2543 <
1683 2533 1717 2551 ‘ro
1742 2526 1851 2566 zomon:

1115 2573 1274 2615 reliquum
1288 2579 1342 2604 est.
1374 2573 1542 2614 Virgilius,
1557 2582 1626 2614 geo.
1641 2571 1674 2602 ii.
1689 2575 1762 2603 346.
1868 2568 1870 2570 ’

1131 2649 1206 2684 Quod
1214 2653 1289 2683 super
1299 2652 1344 2680 est,
1361 2655 1546 2682 quacumque
1555 2654 1662 2682 premee
1675 2647 1792 2681 virgulta
1802 2647 1851 2681 pet
1866 2684 1868 2686 Ι

1269 2697 1419 2723 agros—.
1875 2690 1879 2695 '

1117 2758 1140 2774 ‘⁸
1156 2755 1233 2786 Non
1262 2757 1342 2796 quod
1372 2756 1464 2791 deest,
1493 2753 1548 2786 sed
1575 2754 1656 2794 quod
1681 2750 1850 2794 sequitur?
1866 2732 1883 2767 ᾧ·

1119 2807 1251 2838 Servius.
1895 2836 1897 2838 ,

1161 2858 1241 2890 Ibid.
1272 2859 1405 2900 refutat.-
1441 2858 1462 2889 i.
1482 2869 1507 2889 e.
1543 2861 1566 2877 “
1581 2857 1738 2889 contraria
1766 2855 1847 2887 affir-
1885 2902 1896 2912 α

1117 2914 1140 2931 “
1153 2910 1274 2943 mando
1289 2911 1484 2952 repugnat;‘'
1507 2910 1557 2942 vel
1571 2916 1727 2949 accurate,
1744 2915 1848 2942 contra
1893 2913 1898 2920 '
