1912 3292
444 249 676 299 LIBER
722 245 1078 294 TERTIUS.

1413 254 1502 294 123

163 383 354 433 Quamde
373 383 415 422 in
435 380 580 421 eodem
599 378 768 419 homine
787 384 909 432 atque
928 375 972 416 in
992 374 1138 416 eodem
1157 389 1250 416 vase
1269 388 1446 417 manere.

52 458 74 496 7
79 462 131 497 95
164 457 291 506 Quod
312 455 505 512 quoniam
524 461 667 494 nostro
687 466 850 508 quoque
869 457 1029 492 constat
1049 464 1222 505 corpore
1242 457 1417 498 certum;

163 529 501 585 Dispositumque
519 527 698 578 videtur,
719 526 790 567 ubi
811 541 910 576 esse,
933 531 974 565 et
993 539 1188 574 crescere,
1209 523 1339 577 possit

164 604 356 645 Seorsum
375 602 527 652 anima,
550 609 671 658 atque
690 601 868 650 animus3
902 607 1017 640 tanto
1036 599 1166 655 magis
1185 596 1454 638 inficiandum

162 676 319 718 Totum
338 691 457 731 posse
475 684 593 717 extra
611 690 759 731 corpus
779 675 942 724 durare,
964 673 1152 730 genique.

165 749 260 799 Qua
280 765 340 800 re,
363 765 511 806 corpus
530 750 601 790 ubi
621 750 791 799 interiit,
811 749 992 804 periisse,
1014 761 1175 788 necesse
1195 754 1270 795 est,

53 829 134 864 800
166 823 400 865 Confiteare
419 825 615 875 animam,
637 824 874 865 distractam
894 824 937 863 in
957 837 1130 878 corpore
1154 829 1255 862 toto.

221 898 389 953 Quippe
409 906 449 939 et
469 899 579 939 enim
599 899 813 940 mortalem
833 905 989 939 aeterno
1002 897 1192 954 jungere,
1214 903 1255 936 et
1273 892 1358 935 una

166 971 410 1014 Consentire
428 981 589 1027 putare,
611 982 652 1014 et
669 972 787 1029 fungi
806 980 965 1022 mutua,
986 986 1119 1026 posse,

25 1138 128 1169 dicere
143 1139 287 1179 quiverit,
303 1149 416 1180 neque,
431 1144 467 1170 ut
482 1139 623 1178 arbitror,
634 1139 667 1169 in
684 1150 750 1170 aevo

26 1192 168 1222 veniente
196 1192 371 1222 exoriturus
396 1198 450 1222 est.
501 1192 751 1223 Lubentissimus

24 1244 133 1284 igitur,
156 1249 186 1273 et
201 1244 402 1283 gratissimus,
429 1245 589 1284 sagacitati
611 1244 750 1274 Bentlei-

26 1305 97 1324 anae
116 1301 277 1334 acceptum
291 1295 391 1324 refero
405 1294 486 1324 illud
505 1297 656 1328 Qnamde:
682 1293 752 1323 vide

26 1346 46 1376 i.
62 1350 134 1377 641.
151 1352 181 1375 et
200 1347 292 1376 verba
307 1349 340 1376 in
356 1348 455 1376 eodem
471 1348 590 1375 homine
604 1351 694 1384 atque
717 1347 751 1374 in

27 1399 127 1428 eodem
142 1407 210 1428 vase
219 1395 332 1426 melius
341 1395 439 1434 accipi
448 1405 536 1434 posse
546 1405 601 1434 per
611 1394 750 1434 hendya-

28 1448 100 1479 dem
114 1448 255 1486 arbitror,
271 1458 289 1477 a
303 1446 528 1477 consuetudine
538 1446 678 1476 Lucretii
686 1456 750 1476 non

28 1501 256 1538 abhorrentem,
276 1509 334 1538 pro
347 1501 447 1529 eodem
463 1509 530 1529 vase
544 1499 676 1538 ejusdem
698 1500 750 1528 ho-

28 1553 122 1582 minis
127 1567 138 1587 ;
164 1550 204 1581 ad
218 1556 368 1589 mentem,
384 1559 479 1590 quam
493 1559 594 1588 nuper
608 1549 751 1588 exposui-

29 1613 113 1641 mus,
128 1602 161 1632 in
176 1612 238 1632 ver.
259 1604 330 1633 791.
373 1600 448 1639 Vel,
472 1600 498 1630 si
512 1600 614 1638 malis,
637 1600 751 1639 planis-

32 1653 113 1684 simo
140 1663 233 1684 sensu
260 1652 399 1693 phrasim
427 1657 515 1691 potes
543 1651 755 1691 interpretari;

31 1705 118 1747 quasi
132 1716 197 1736 una
219 1705 390 1745 eademque
412 1704 529 1742 anima,
555 1714 629 1734 cum
653 1713 756 1733 unum

32 1758 194 1788 hominem
208 1757 346 1797 ingressa
371 1757 420 1794 sit,
446 1756 481 1785 in
504 1756 596 1786 variis
620 1755 758 1794 partibus

0 1820 1 1829 ¹
34 1809 172 1839 hominis
200 1809 290 1839 istius
303 1808 498 1838 domicilium
522 1808 626 1846 potius
650 1806 757 1847 figere,

34 1870 131 1901 quam
146 1866 183 1890 ut
196 1859 324 1890 alteram
338 1859 520 1899 hypothesin
534 1857 759 1888 admittendam

33 1911 240 1951 postulemus:
259 1920 385 1950 nempe,
400 1920 499 1940 unam
512 1909 652 1939 animam
665 1908 759 1940 indif-

34 1962 172 1993 ferenter
189 1972 277 2002 posse
298 1962 460 1992 hominem
483 1961 652 2001 quemlibet
673 1961 760 1990 inva-

37 2014 122 2052 dere,
148 2020 180 2044 et
200 2014 372 2054 quamlibet
391 2019 513 2053 partem
538 2012 678 2053 ejusdem
702 2012 760 2042 ho-

36 2067 145 2104 minis3
167 2076 225 2096 nec
240 2066 383 2096 homines
401 2064 631 2103 tantummodo,
654 2063 709 2094 sed
730 2069 762 2094 et

37 2119 131 2150 feras:
157 2118 209 2149 adi
230 2128 293 2148 ver.
306 2121 378 2150 749.
401 2123 432 2147 et
457 2122 627 2158 sequentes.
674 2116 759 2146 Con-

36 2170 134 2202 clusio
149 2176 255 2200 autem
269 2175 326 2208 est,
342 2179 445 2210 neque
460 2170 532 2206 hoc,
553 2178 656 2208 neque
670 2167 759 2203 illud,

38 2222 119 2253 fieri:
145 2227 262 2252 certam
283 2220 380 2261 igitur
401 2219 566 2250 stationem
588 2219 646 2249 sibi
671 2224 762 2248 nacta

38 2280 86 2304 est
110 2273 214 2303 anima
221 2284 232 2310 ;
251 2283 348 2313 quam
376 2282 450 2302 cum
472 2271 569 2302 semel
590 2270 762 2312 reliquerit,

38 2329 144 2365 pereat
153 2333 275 2354 necesse
289 2329 342 2353 est.

84 2376 160 2407 Ver.
175 2378 248 2407 795.
271 2381 343 2405 ante
363 2381 464 2406 nostro
485 2374 519 2403 in
536 2372 634 2405 Vind.
654 2372 764 2403 inseri-

41 2435 93 2459 tur
115 2430 161 2466 in,
184 2432 220 2457 ut
239 2426 355 2467 legitur
368 2426 402 2456 in
416 2424 602 2466 quibusdam
623 2423 766 2454 editis.—

41 2486 174 2512 certum:
202 2484 247 2509 Ω.
264 2484 396 2513 rectum5
421 2488 476 2516 per
493 2475 765 2515 transpositionem

42 2531 217 2562 literarum:
243 2529 313 2560 vide
327 2529 367 2560 ad
380 2539 440 2560 ver.
455 2532 528 2559 306.
562 2528 614 2558 De
639 2537 765 2567 permu-

41 2583 159 2614 tatione
173 2592 246 2612 vero
260 2591 374 2611 vocum
387 2587 486 2612 reclus
502 2586 533 2610 et
554 2585 665 2617 certus,
692 2589 765 2609 con-

41 2635 124 2666 sulas
144 2633 238 2665 velim
260 2635 497 2671 Burmannum,
520 2632 560 2663 ad
582 2632 722 2671 Propert.
748 2631 769 2661 i.

43 2686 94 2718 1⁴9.
110 2689 160 2717 24.
178 2696 235 2717 nec
250 2695 314 2716 non
330 2683 636 2722 Drakenborchium‚
648 2682 688 2713 ad
698 2682 766 2713 Liv.

45 2737 86 2770 xl.
102 2741 151 2770 15.
166 2742 196 2769 2.

83 2789 160 2820 Ver.
175 2791 246 2822 797.
270 2791 423 2820 Seorsum.-
454 2788 493 2819 O.
511 2792 545 2818 Δ.
564 2794 604 2818 Π.
627 2789 765 2822 Sursum‚·

48 2845 94 2871 Ω..
108 2841 245 2877 Sursum
272 2840 426 2871 erroribus
448 2849 486 2869 ex
509 2837 768 2878 pronunciatione

47 2889 152 2930 celeri,
175 2891 222 2922 vel
243 2890 361 2929 vitiosa,
387 2891 699 2933 prognatis.-tanto.·
728 2895 768 2920 Π.

45 2946 115 2973 toto.

751 3000 804 3030 13

837 1138 910 1169 Ver.
924 1140 996 1169 798.
1017 1139 1143 1168 Totum.-
1163 1136 1202 1166 O.
1217 1141 1262 1166 Ω.
1280 1135 1432 1169 Tannum
1448 1142 1518 1173 quae

794 1190 923 1220 nomina
933 1189 1039 1219 scribis
1049 1187 1178 1219 confusa
1188 1190 1262 1216 sunt
1271 1185 1367 1215 etiam
1376 1184 1415 1214 ad
1427 1183 1519 1214 ovid.

794 1248 866 1272 met.
891 1252 939 1271 XV.
963 1244 1034 1272 254.
1075 1239 1128 1269 Sil.
1146 1238 1218 1268 Ital.
1233 1237 1274 1267 xi.
1292 1240 1364 1267 222.
1401 1236 1468 1266 Liv.
1487 1235 1519 1265 ii.

796 1296 846 1323 57.
860 1294 1022 1331 5.·—geni:
1049 1297 1090 1321 Π.
1114 1292 1220 1329 gignz';
1245 1299 1283 1318 ex
1309 1286 1422 1328 glossa:
1449 1286 1520 1316 vide

795 1348 901 1372 notata
916 1342 1070 1381 superius,
1086 1340 1126 1370 ad
1141 1350 1201 1370 ver.
1219 1343 1292 1369 434.

836 1395 910 1424 Ver.
928 1397 1000 1425 799.
1027 1391 1095 1427 Qud
1111 1403 1143 1422 re
1159 1393 1295 1422 interiit:
1322 1396 1364 1420 Π.
1388 1387 1455 1424 Qud
1470 1391 1522 1420 in-

794 1447 1059 1485 teria—periisse:
1087 1443 1127 1479 Q.
1141 1443 1180 1473 L.
1192 1444 1318 1483 perisse.

839 1496 912 1526 Ver.
929 1500 1001 1526 800.
1023 1497 1221 1526 distractam.-
1246 1493 1266 1523 i.
1281 1503 1308 1523 e.
1330 1502 1394 1522 non
1410 1492 1444 1522 in
1459 1502 1526 1522 uno

797 1548 934 1590 quodam
948 1547 1017 1577 loco
1031 1547 1134 1581 sitam,
1148 1551 1185 1575 ut
1201 1544 1308 1584 possit,
1327 1553 1454 1583 corpore
1469 1543 1525 1573 de·

796 1601 932 1638 ficiente,
948 1598 1116 1629 incolumis
1131 1598 1223 1628 exire.

842 1654 917 1683 Ver.
948 1656 1020 1683 801.
1051 1653 1226 1682 mortalem.-
1251 1649 1272 1680 i.
1295 1660 1320 1680 e.
1343 1648 1520 1679 hominem:

799 1706 844 1735 ita
856 1705 973 1745 legitur
987 1705 1021 1734 in
1037 1704 1075 1734 P.
1090 1704 1131 1734 V.
1148 1703 1195 1733 ed.
1215 1703 1254 1733 B.
1271 1702 1311 1733 Ο.
1328 1707 1363 1731 Δ.
1380 1706 1415 1732 Σ.
1429 1707 1474 1731 Ω.
1497 1706 1529 1730 et

800 1757 928 1798 vulgare
948 1755 1115 1797 ingenium
1135 1755 1334 1785 librariorum
1348 1752 1450 1782 multo
1465 1752 1526 1782 mi-

802 1820 862 1840 nus
876 1808 965 1849 sapit,
981 1818 1078 1849 quam
1088 1807 1282 1848 reliquomm
1296 1805 1449 1835 librorum
1465 1804 1528 1834 lec-

801 1862 859 1899 tio,
885 1862 1022 1898 mortale,
1046 1869 1116 1900 quae
1138 1868 1176 1889 ex
1197 1867 1261 1888 ver.
1278 1858 1350 1887 805.
1374 1855 1465 1885 facile
1479 1865 1528 1885 re-

803 1918 959 1952 peteretur
980 1912 1013 1941 in
1035 1912 1121 1941 hunc
1134 1910 1249 1940 locum.
1294 1908 1367 1938 Has
1381 1907 1530 1937 orationis

803 1964 976 2002 varietates,
998 1968 1029 1992 et
1051 1962 1156 1992 doctas
1171 1966 1202 1991 et
1222 1958 1390 2001 jucundam,
1416 1958 1450 1988 in
1472 1967 1531 1988 suo

803 2020 942 2051 carmine
958 2018 1126 2051 Lucretius
1143 2016 1367 2048 studiosis-ime
1387 2024 1528 2053 consper-

804 2072 851 2113 git
859 2084 870 2109 ;
893 2071 977 2112 quod
991 2075 1161 2111 agnoscent
1174 2078 1295 2106 omnes,
1318 2067 1372 2108 qui
1386 2066 1532 2106 spiritum

803 2123 923 2164 ingenii
938 2121 1141 2161 praecellentis
1154 2121 1223 2161 ejus
1237 2119 1287 2150 vel
1297 2118 1406 2149 leviter
1419 2123 1530 2157 potue-

803 2175 867 2205 rint
881 2171 1149 2213 arripere—und:
1176 2173 1214 2203 P.
1228 2182 1336 2206 uncum
1355 2169 1409 2200 sed
1424 2178 1532 2208 opera—

804 2238 885 2263 rum,
900 2227 1024 2267 opinor,
1039 2226 1125 2256 vitio.

848 2280 927 2311 Ver.
952 2282 1023 2310 802.
1040 2284 1171 2319 putare:
1197 2276 1218 2307 i.
1239 2286 1266 2306 e.
1291 2278 1446 2305 “temere
1467 2282 1532 2302 cre-

807 2336 830 2352 “
846 2331 930 2369 dere,
953 2341 1018 2361 non
1040 2329 1175 2370 cogitate
1197 2333 1290 2368 atque
1305 2330 1447 2356 accurate
1461 2324 1533 2353 sub-

809 2390 831 2406 “
847 2386 948 2418 ductis
963 2382 1176 2415 rationibusz’‘
1199 2390 1301 2421 neque
1317 2378 1407 2409 aliter
1422 2377 1534 2407 Dona-

808 2445 859 2470 tus
885 2438 925 2469 ad
950 2438 1079 2468 Terent.
1105 2434 1191 2466 And.
1208 2434 1228 2464 i.
1255 2436 1280 2463 l.
1295 2435 1348 2462 86.
1374 2433 1397 2448 “
1416 2431 1535 2460 Patare

810 2495 833 2510 “
849 2496 895 2521 est
909 2491 987 2531 ejus,
1013 2488 1068 2530 qui
1081 2486 1279 2527 simplicitate
1294 2481 1425 2524 pectoris
1447 2481 1536 2510 aber-

811 2545 833 2561 “
849 2542 956 2573 ravitl'
1004 2540 1054 2571 Sic
1071 2538 1238 2571 Cornelius
1250 2537 1379 2571 Fronto,
1405 2533 1438 2562 in
1461 2537 1534 2562 vett.

811 2603 941 2634 gramm.
955 2603 985 2632 p.
1001 2595 1092 2623 1529.
1117 2593 1140 2609 “
1157 2588 1222 2624 Qui
1233 2592 1359 2628 putant,
1379 2584 1467 2615 omni
1481 2593 1537 2624 ge-

813 2651 835 2665 “
851 2655 926 2676 nere
939 2643 1075 2675 errant.”
1122 2640 1238 2672 Confer
1254 2637 1408 2673 Nonium,
1423 2636 1446 2666 i.
1466 2639 1536 2666 112.

854 2696 934 2727 Ibid.
960 2697 1062 2735 fungi
1087 2699 1204 2724 mutua.
1259 2689 1367 2720 Simile
1395 2687 1535 2728 regimen

809 2747 978 2779 habuimus
999 2755 1107 2785 nuper,
1131 2744 1172 2774 ad
1193 2752 1254 2773 ver.
1278 2744 1349 2773 754.
1371 2745 1402 2770 et
1423 2738 1538 2779 pariter

811 2799 950 2831 absolute
975 2798 1098 2829 locutus
1127 2801 1172 2826 est
1194 2792 1358 2834 Virgilius,
1387 2790 1461 2821 AEn.
1485 2789 1535 2819 vii.

812 2859 863 2887 66.

874 2943 1059 2954 —-—--—
1068 2929 1179 2963 pedibus
1189 2933 1236 2961 per
1247 2929 1336 2953 mutua
1353 2924 1438 2950 nexis.
