1912 3292
823 0 922 159 s

318 249 349 285 4
812 226 879 285 T.
933 235 1313 287 LUCRETII

460 364 682 411 consimile
701 369 755 411 ins
766 383 887 412 cursu
905 370 1078 425 possint,
1100 377 1140 411 et
1159 368 1275 410 fortis
1294 368 1388 424 equi
1407 368 1490 409 vis?

458 442 541 494 Tu,
566 443 706 485 Pater!
726 441 731 469 5
742 459 784 486 es
802 458 941 486 rerum
960 445 1168 494 inventor;
1201 450 1245 484 tu
1264 442 1398 498 patria
1416 441 1535 483 nobis

368 509 425 557 ῚΟ
458 517 705 574 Subpeditas
723 527 943 575 praecepta:
975 519 1054 560 tuis
1074 533 1144 569 ex,
1166 517 1332 567 inclute,
1355 516 1521 565 chartis,

312 686 440 713 χιμενων
461 672 651 713 αδελφων-.·
677 674 732 704 ubi
753 674 930 713 confestim,
953 681 984 705 et
998 675 1038 706 de

311 724 478 764 improviso
499 726 598 766 quasi,
623 725 657 755 in
681 725 800 757 medias
821 737 869 758 res
890 727 1036 758 lectorem

309 777 399 816 rapit.
444 777 538 812 Quod
552 784 710 817 exspectes
731 784 838 810 autem
859 781 898 809 ab
915 779 1038 810 inscitia

309 827 519 866 librariorum,
540 826 623 858 illud
639 842 696 872 γαρ
713 830 867 860 nonnulla
881 830 1037 869 exempla-

306 879 356 909 ria
369 879 526 911 omittunt.
551 879 690 910 'Tacitus
703 881 811 919 etiam,
825 881 929 912 annal.
945 882 975 911 ii.
987 885 1038 912 63.

307 932 347 961 ab
361 930 550 970 importunis
565 931 801 963 emendatorum
824 933 1036 964 emendando·

307 992 380 1012 rum
394 983 545 1012 manibus
557 982 776 1016 vindicandus:
802 986 825 1002 ‘²
839 985 937 1022 Nam,
953 986 1036 1014 mul-

307 1037 329 1052 “
345 1034 385 1063 tis
400 1034 582 1065 nationibus
591 1033 799 1064 clarissimum
814 1035 974 1074 quondam
988 1047 1035 1066 rc-

308 1088 331 1103 “
347 1095 422 1125 gem
438 1085 481 1116 ad
496 1094 529 1116 se
544 1086 736 1120 vocantibus,
762 1085 944 1116 Romanam
958 1087 1036 1116 ami-

306 1140 330 1155 “
345 1137 456 1168 citiam
469 1137 671 1177 praetulisse.”
717 1137 874 1178 Denique,
899 1138 939 1168 ad
959 1149 1036 1169 eun-

305 1188 378 1219 dem
406 1189 544 1221 randum
568 1189 711 1228 Tyrtaeus
739 1189 880 1220 animose
910 1199 1037 1221 cannen

306 1239 483 1271 exoratur:

322 1305 486 1339 Τεθναμειαι
498 1307 565 1331 ΓΑΡ
578 1311 659 1332 καλου
673 1315 710 1332 tert
724 1316 881 1339 προμαχοισι
891 1315 999 1332 ’πωπω

407 1352 480 1388 Αιδρ“
493 1353 598 1385 αγαθον,
612 1363 662 1388 περι
676 1353 691 1388 ᾗ
703 1354 804 1388 πατριδι
815 1363 982 1388 μαρναμκι.

305 1414 353 1445 Et
377 1415 518 1455 exempla
544 1426 638 1456 quam
662 1415 799 1455 plurima
821 1416 952 1456 hujusce
974 1416 1037 1446 for-

309 1466 406 1496 mulce
441 1468 654 1504 obversantur,
698 1466 819 1508 liquido
861 1467 1036 1507 probantia,

308 1517 423 1548 fmstra
438 1529 502 1549 esse
526 1518 608 1554 illos,
633 1518 687 1560 qui
701 1519 775 1549 hinc
792 1529 942 1549 mancum
957 1519 1036 1559 Tyr-

309 1569 361 1599 taei
375 1579 501 1600 carmen
516 1569 556 1600 ad
572 1579 629 1600 nos
644 1570 801 1601 devenisse
823 1571 1035 1610 suspicantur;

309 1620 364 1651 sed
392 1621 480 1662 longi
505 1631 625 1658 summ,
649 1627 680 1652 et
703 1621 850 1652 Klotzius
874 1623 908 1652 in
930 1622 1036 1652 locum

308 1671 427 1702 utiliter
440 1678 542 1711 potest
563 1673 699 1703 consuli:
725 1673 830 1714 itaque
849 1683 923 1704 cum
938 1673 1035 1704 Plau-

307 1729 340 1753 to
355 1722 452 1754 finem
466 1723 629 1762 faciamus,
648 1724 743 1755 Truc.
757 1725 777 1755 i.
793 1729 823 1756 2.
840 1729 890 1756 85.

337 1803 709 1811 ———————-
718 1792 763 1816 Aa.
782 1793 821 1816 Ut
832 1794 1006 1822 exspectatus

337 1831 448 1861 Peregre
466 1830 614 1855 advenisti!
659 1831 701 1854 Di.
729 1833 807 1861 Nam,
829 1831 939 1856 obsecro
947 1832 1034 1856 ?—As.

430 1869 563 1900 Cupiebat
573 1874 602 1895 te
613 1869 678 1894 hera
687 1869 789 1896 videre.

349 1926 425 1956 Ver.
439 1930 469 1956 8.
490 1933 536 1957 et.-
562 1927 602 1958 P.
620 1927 715 1959 Vind.
739 1929 778 1965 Q,
798 1941 853 1966 σος
879 1931 972 1967 male,
988 1938 1034 1962 at-

307 1987 368 2018 que
383 1977 468 2008 haud
484 1977 577 2008 dubie
592 1989 631 2008 ex
645 1982 877 2012 correctoribus.
919 1983 1035 2013 Sensus

307 2036 366 2068 est,
393 2035 424 2060 et
446 2031 648 2061 constructio:
676 2035 698 2050 “
716 2032 802 2068 Quid
828 2034 915 2064 enim
934 2036 1035 2065 consi-

309 2085 332 2099 “
347 2081 424 2112 mile
448 2083 481 2112 in
505 2092 598 2113 cursu
615 2084 733 2123 possint
756 2084 858 2115 facere
870 2086 980 2118 haedus
1006 2093 1035 2117 et

307 2134 330 2150 “
346 2132 488 2173 equus?''

349 2184 433 2215 Ibid.
445 2184 543 2225 fiir-tis
557 2187 618 2217 vis:
636 2199 715 2225 μενος
732 2190 779 2220 nii·
802 2187 975 2227 Homerus,
992 2189 1031 2220 11.

305 2240 333 2266 P.
349 2237 422 2267 456.
444 2246 502 2267 nec
516 2236 631 2268 imitari
649 2238 846 2270 Mantuanus
860 2240 970 2278 noluit,
991 2241 1030 2272 ad

307 2285 386 2317 AEn.
398 2286 439 2317 iv.
458 2290 528 2318 132.

321 2345 480 2378 Massylique
490 2350 573 2372 ruunt
584 2348 697 2380 equites,
708 2352 735 2374 et
747 2349 823 2374 odora
834 2357 933 2376 canum
946 2351 1004 2378 vis.-

306 2406 328 2437 i.
344 2417 372 2438 e.
389 2419 481 2440 canes
494 2410 691 2451 οάονίωφιιε,
708 2416 745 2441 ut
759 2417 805 2441 est
819 2411 853 2442 in
868 2411 951 2442 Livii
963 2414 1032 2444 An-

305 2460 426 2493 dronici
441 2463 634 2505 fragmentis
677 2468 782 2498 Fortis
803 2473 910 2498 autem
926 2467 1034 2498 Nonio

308 2513 477 2553 Marcello,
499 2517 586 2547 hunc
609 2527 732 2548 versum
757 2518 899 2550 laudanti
928 2519 969 2550 ad
993 2518 1032 2549 iv.

310 2566 381 2596 195.
403 2572 450 2596 est
463 2569 557 2598 celer:
581 2568 688 2600 minus
706 2577 857 2602 accurate.
905 2571 1034 2602 Rectius

308 2626 364 2656 per
378 2618 497 2649 robusta
520 2619 740 2661 interpreteris,
763 2629 800 2653 ut
823 2623 908 2664 quod
921 2633 1032 2654 conve-

309 2670 433 2702 nienter
442 2681 508 2711 prae
521 2672 575 2703 illa
591 2684 666 2705 voce
679 2679 817 2708 traundis
829 2678 959 2708 arwbus
973 2678 1036 2707 hae-

309 2720 437 2760 dorum,
451 2733 507 2754 seu
517 2725 663 2766 infirmis,
677 2727 717 2757 sit
732 2728 920 2768 oppositum.

354 2772 429 2804 Ver.
444 2777 472 2805 9.
485 2785 534 2806 es:
561 2775 610 2806 Μ.
624 2788 653 2814 o,
671 2777 726 2808 sed
739 2790 758 2809 a
773 2779 909 2812 secunda
922 2790 1035 2818 manu3

311 2823 398 2854 deest
420 2824 460 2856 1..
486 2825 640 2864 Edstores,
666 2827 754 2860 libris
778 2832 930 2862 universis
942 2831 1038 2863 recla-

312 2875 481 2913 mantibus,
499 2877 591 2909 solita
603 2889 676 2910 cum
690 2880 888 2920 impudentiis
900 2894 966 2915 rem
982 2883 1037 2914 ad-

310 2929 535 2972 ministrantes,
559 2943 616 2966 suo
630 2941 660 2967 et
680 2934 814 2974 intruso,
837 2936 1039 2977 deturpat-ere

1080 683 1212 704 versum.
1259 672 1360 702 Aliter
1389 671 1514 712 elegans
1541 670 1651 702 fuisset
1678 670 1806 710 locutio,

1075 732 1168 765 pater·
1182 735 1296 762 rernm,
1317 724 1363 754 uti
1380 722 1548 760 Pindarus,
1571 722 1665 763 Pyth.
1681 722 1719 753 iv.
1734 726 1809 754 514.

1081 775 1288 806 mellitissimo
1313 775 1463 811 carmine,
1492 779 1597 815 atque,
1626 780 1664 805 ut
1683 784 1741 815 pro
1764 775 1809 806 tei

1082 829 1208 859 veritate
1223 827 1343 868 loquar,
1359 837 1438 866 pene
1453 826 1572 857 divino:

1273 892 1309 921 Εξ
1323 891 1468 918 Anima
1479 890 1512 919 δε,
1532 897 1587 924 ςυρ-

1235 948 1357 971 -μικτσις,
1377 938 1514 963 ΑΟῙΔΑΝ
1528 938 1665 968 ΠΑΤΗΡ,

1275 988 1371 1019 Epom-
1384 995 1505 1014 ευαηπος
1516 987 1613 1021 Ορςευς.

1083 1047 1191 1086 Ροιτο,
1216 1047 1376 1085 Davisius,
1400 1047 1440 1077 ad
1462 1047 1647 1078 Ciceronem
1669 1046 1710 1078 de
1731 1047 1807 1078 fimi.

1081 1099 1101 1128 i.
1115 1102 1164 1129 10.
1187 1098 1358 1139 legendum
1373 1099 1545 1138 proposuit:

1134 1177 1138 1181 .
1174 1156 1220 1180 Tu
1231 1159 1308 1188 pater
1318 1159 1346 1181 et
1357 1155 1418 1180 veri
1428 1156 1564 1182 inventor.

1083 1205 1175 1241 Sane,
1199 1205 1340 1245 quamvis
1361 1215 1426 1235 non
1447 1204 1492 1236 ita
1512 1205 1553 1236 sit
1572 1215 1648 1236 cum
1662 1205 1811 1237 Lucretio

1080 1259 1249 1299 agendum,
1272 1268 1375 1298 operae
1389 1259 1526 1298 pretium
1548 1259 1645 1291 fuerit
1665 1260 1809 1293 animad-

1080 1310 1236 1340 versiones
1249 1309 1307 1339 viri
1321 1309 1494 1340 doctissimi
1509 1310 1713 1342 consuluisse.

1125 1360 1207 1391 Ibid.
1236 1363 1340 1392 Pater.
1387 1360 1486 1391 Sensu
1516 1361 1724 1403 undequaque
1753 1372 1809 1404 ge·

1081 1412 1177 1443 mello
1194 1412 1223 1443 S.
1242 1413 1424 1448 Mattboeus,
1445 1413 1529 1443 xxiii
1547 1417 1577 1445 9.
1605 1419 1662 1444 Ka«
1685 1420 1811 1445 ΠΑΤΕ.

1083 1470 1127 1495 ΡΑ
1138 1478 1181 1503 μη
1194 1466 1465 1498 καλεσητε“ΤΜ1Ν
1476 1476 1522 1495 em
1538 1477 1590 1499 orne
1601 1478 1674 1505 »γῆν
1699 1474 1810 1506 quan-

1079 1514 1252 1545 admodum
1286 1514 1429 1546 clausula
1464 1515 1505 1546 ad
1535 1515 1811 1557 exquisitissimam

1080 1567 1306 1599 nonnullorum
1335 1555 1506 1598 librorum*
1520 1567 1688 1599 lectionem
1717 1568 1809 1600 scribi

1079 1618 1182 1649 debet:
1207 1618 1279 1651 vide
1294 1629 1363 1657 nos,
1385 1618 1426 1649 ad
1440 1629 1469 1650 v.
1483 1623 1557 1650 261.
1582 1619 1700 1661 Vulgo,
1724 1621 1810 1660 ὁμου.

1082 1670 1208 1709 Statius,
1235 1671 1299 1701 siIV.
1322 1671 1343 1702 i.
1367 1675 1395 1701 2.
1410 1674 1481 1702 2²20.
1515 1671 1647 1702 Pindari
1679 1671 1810 1714 vestigia

1078 1721 1252 1762 ingressus:

1140 1785 1251 1815 Latous,
1262 1787 1360 1809 vatum
1369 1788 1453 1818 pater,
1464 1789 1492 1811 et
1503 1785 1650 1811 Semeleius
1659 1786 1744 1811 Euan.

1080 1835 1221 1875 Vulgata
1248 1835 1419 1866 bibliorum
1447 1836 1558 1873 versio,
1591 1835 1672 1866 Gen.
1695 1835 1735 1866 iv.
1756 1839 1808 1866 21.

1080 1890 1103 1905 ‘⁶
1120 1887 1164 1917 Et
1185 1896 1301 1917 nomen
1325 1886 1428 1917 fratris
1452 1886 1520 1927 ejus
1533 1886 1644 1918 Jubal:
1669 1887 1735 1926 ipse
1747 1886 1810 1919 fuit

1080 1942 1103 1957 ‘⁴
1113 1945 1205 1978 pater
1219 1939 1400 1969 canentium
1414 1938 1533 1969 cithara
1548 1945 1580 1970 et
1593 1939 1745 1980 organo.’'

1123 1989 1204 2020 Ibid.
1241 2001 1342 2020 rerum
1380 1992 1528 2021 inventor.
1573 1991 1667 2029 Mox,
1703 1991 1745 2022 ad
1779 2002 1808 2023 v.

1081 2045 1173 2072 1112.

1090 2099 1230 2130 Posterius,
1240 2107 1280 2124 res
1291 2099 1404 2124 inventa
1414 2103 1465 2130 est,
1479 2106 1633 2132 aurumque
1642 2105 1791 2134 repertum.

1118 2156 1192 2187 Ver.
1212 2160 1258 2187 10.
1296 2168 1353 2197 que
1383 2157 1469 2189 abest
1499 2161 1630 2188 Δ.-ε.τ.·
1671 2164 1712 2189 11.
1741 2165 1802 2195 eat,-

1075 2208 1193 2239 omittit
1204 2213 1238 2240 Σ.
1252 2208 1339 2245 Quid
1348 2208 1474 2240 autem?
1489 2208 1634 2240 secundis
1644 2210 1807 2251 cogitatio-

1074 2261 1177 2299 nibus,
1191 2270 1260 2301 quae
1270 2260 1371 2291 solent
1382 2270 1447 2291 esse
1455 2260 1667 2300 sapientiores,
1679 2263 1807 2294 obsecu—

1075 2312 1109 2349 ti,
1126 2311 1297 2343 delevimus
1312 2325 1345 2343 eo
1360 2323 1417 2353 que
1431 2318 1501 2351 post
1515 2314 1586 2349 tuis,
1607 2311 1649 2343 ad
1663 2312 1804 2345 edietum

1076 2365 1331 2395 membranarum
1362 2370 1397 2395 Δ.
1427 2374 1528 2405 quum
1555 2363 1643 2395 locus
1672 2364 1804 2406 integer,

1076 2416 1143 2447 sine
1158 2416 1278 2456 copulis
1293 2416 1472 2454 decurrens,
1495 2416 1634 2447 immane
1650 2423 1806 2458 quantum

1077 2469 1208 2499 erectior
1237 2468 1358 2507 evadat,
1392 2467 1534 2507 vividior,
1565 2474 1596 2499 et
1624 2468 1805 2511 elegantior.

1077 2521 1173 2552 Pares
1188 2520 1317 2562 Virgilii
1332 2520 1441 2561 gratiae
1455 2519 1661 2558 Lucretianis,
1684 2527 1721 2552 ut
1734 2521 1804 2563 dig-

1077 2584 1126 2604 nae
1141 2579 1224 2610 sunt,
1240 2572 1487 2610 committantur,
1506 2573 1581 2604 AEn.
1595 2573 1616 2604 i.
1632 2575 1682 2604 78.

1110 2643 1148 2667 Tu
1167 2641 1245 2671 mihi,
1262 2641 1454 2674 quodcumque
1474 2641 1527 2667 hoc
1548 2641 1634 2675 regni,
1653 2644 1684 2666 tu
1699 2645 1805 2676 sceptra

1200 2682 1351 2713 jovemque

1110 2721 1258 2748 concilias:
1275 2724 1303 2745 ru
1314 2721 1361 2745 das
1371 2721 1457 2753 epulis
1465 2720 1630 2746 adcumbere
1639 2720 1745 2746 divom.

1123 2780 1198 2810 Ver.
1217 2782 1264 2810 11.
1279 2780 1408 2810 limane:
1426 2779 1462 2810 P.
1476 2780 1573 2809 libant
1579 2794 1590 2815 ,·
1614 2784 1723 2810 contra
1733 2789 1806 2810 suos

1080 2832 1197 2872 priscos
1225 2831 1354 2867 codices,
1381 2837 1423 2868 et,
1447 2830 1569 2870 opinor,
1595 2840 1706 2861 omnes
1726 2830 1804 2861 alio-

1081 2894 1162 2920 rum,
1187 2893 1260 2914 cum
1285 2882 1413 2913 vetustis
1441 2881 1637 2913 editionibus.
1682 2881 1808 2912 Placuit

1081 2942 1188 2968 tamen
1207 2937 1274 2967 haee
1296 2935 1387 2967 lectio
1410 2934 1648 2973 recentioribus-»5
1669 2933 1724 2965 sed
1746 2933 1808 2966 im-
