1912 3292
426 290 663 341 LIBER
699 287 1083 347 QUARTUS.
1411 298 1437 337 3

1441 297 1469 336 01

1475 297 1507 335 §Q

157 422 276 481 Ergo
295 437 432 465 sensus
451 421 552 471 abit,
582 421 749 462 mutatis
768 421 963 470 motibus,
995 420 1085 461 alte.

159 498 231 548 Et,
263 497 457 554 quoniam
476 509 562 535 non
581 502 657 544 est,
689 494 804 549 quasi
824 493 937 549 quod
958 492 1171 534 subfulciat
1191 503 1315 545 artus,

159 571 310 613 Debile
329 569 377 610 fit
397 582 560 623 corpus,
590 567 941 624 languescuntque
960 566 1100 607 omnia
1119 567 1324 616 membra;

48 648 132 685 950
163 643 354 693 Brachia,
386 641 690 698 palpebraeque,
713 641 885 691 cadunt3
917 640 1171 696 poplitesque
1190 640 1358 681 cubanti

164 719 284 772 Saepe
303 716 414 758 tama
436 716 746 766 submittuntur,
777 716 963 771 viresque
982 715 1201 756 resolvunt.

218 791 401 842 Deinde,
433 791 572 832 cibum
592 791 774 847 sequitur
794 805 975 840 somnus,
1008 790 1118 845 quia,
1150 803 1243 845 quae
1262 789 1358 832 facit
1377 789 1462 839 ae'r,

164 865 277 907 Haec
298 865 443 906 eadem
463 865 593 915 cibus,
624 866 668 906 in
688 880 811 906 venas
831 865 932 906 dum
952 864 1107 905 diditur
1128 864 1300 914 omneis,

167 939 331 981 Ecficit:
365 948 405 981 et
424 940 554 982 multo
575 955 698 995 sopor
718 939 783 982 ille
802 941 1076 997 gravissumus
1097 946 1244 988 exstat,

63 1097 139 1127 Ver.
161 1099 231 1128 951.
253 1096 374 1126 Versus
388 1095 474 1127 deest
488 1097 587 1128 Vind.
604 1102 640 1128 Δ.
658 1105 699 1128 Π.
716 1103 751 1130 Σ.

22 1147 150 1179 -ταπιᾶ
162 1162 172 1178 .·
198 1147 279 1183 libri,
299 1153 416 1183 tamem,-
441 1147 495 1178 sed
509 1148 553 1178 ita
566 1148 673 1178 locum
688 1149 752 1179 exi-

23 1199 89 1230 mia
125 1210 200 1230 cum
236 1199 402 1240 sagacitate
444 1199 576 1230 Vossius
611 1200 754 1231 restituit.

25 1254 50 1269 “
69 1252 233 1282 Cabantem
263 1256 378 1281 tama-m
407 1250 516 1289 dicit‚'’
554 1250 693 1290 praeclari
722 1262 753 1281 e-

23 1303 217 1334 mendatoris
237 1303 338 1333 verbis
358 1308 442 1341 utor,
467 1306 489 1322 “
509 1303 594 1344 quod
608 1303 756 1334 deorsum

26 1359 50 1375 “
65 1355 103 1386 ad
130 1355 224 1395 pedes
250 1354 371 1385 tendat:
399 1355 442 1385 sic
471 1366 576 1395 supra,
602 1366 663 1386 ver.
686 1358 756 1387 5‘20.

26 1411 50 1426 “
66 1409 211 1438 cubantia
233 1413 322 1437 tecta.
371 1408 469 1437 Tama
492 1407 568 1447 quid
591 1407 642 1445 sit,
669 1407 760 1438 docet

27 1462 50 1478 “
68 1458 210 1489 Festus.''
256 1458 308 1488 Ita
329 1457 445 1488 scilicet
466 1465 556 1488 vetus
575 1459 758 1499 grammati-

26 1519 96 1540 cus:
125 1512 147 1527 “
169 1510 266 1540 Tama
296 1508 422 1546 dicitur,
462 1518 536 1538 cum
566 1508 671 1539 labore
703 1509 760 1538 viae

32 1563 61 1579 “
72 1559 201 1600 sanguis
215 1559 250 1589 in
266 1569 357 1589 crura
371 1558 542 1598 descendit,
557 1566 588 1590 et
601 1566 760 1591 tumorem

28 1615 51 1630 “
65 1611 173 1642 facit.'’
206 1611 282 1641 Non
297 1617 418 1641 certum
432 1617 479 1641 est
495 1622 603 1642 vocem
619 1612 693 1643 alibi
708 1622 760 1643 oc-

28 1672 166 1693 currere:
192 1662 271 1692 adeo
287 1662 369 1692 utin
384 1662 471 1693 tanta
485 1662 651 1694 insolentia
664 1663 758 1693 mini-

29 1724 82 1744 me
103 1714 232 1750 mirum,
259 1714 458 1753 depravatam
483 1715 574 1745 nobis
597 1725 652 1754 per
666 1715 760 1745 libra-

30 1765 150 1796 riorum
165 1776 279 1796 manus
295 1766 553 1797 devenisse—n.
570 1764 642 1796 zai—n.

74 1819 155 1850 Ibid.
186 1822 321 1860 viresque
358 1821 518 1851 resolvunt.
563 1818 764 1848 Intransitive

32 1871 155 1902 dictum
171 1877 216 1901 est
230 1881 317 1901 more
333 1870 618 1906 Lucretianissimo‚
645 1880 702 1909 pro
715 1882 762 1901 re-

33 1923 202 1960 solvuntur,
220 1921 268 1951 vel
284 1932 316 1952 se
331 1922 474 1952 solvunt:
500 1921 591 1952 aliter
605 1927 764 1951 construc-

32 1973 78 2002 tio
103 1972 164 2003 loci
190 1972 272 2002 foret
299 1974 486 2011 perturbata.
532 1972 635 2003 Miror
658 1982 763 2002 exem-

32 2023 123 2063 plum
145 2024 246 2054 simile
272 2024 460 2055 Plautinum
485 2024 635 2055 Bentleio
657 2024 763 2064 displi-

33 2075 142 2111 cuisse,
159 2075 303 2114 Amphit.
318 2075 350 2105 ii.
371 2079 400 2106 2.
417 2079 469 2106 75.

129 2149 154 2174 Si
165 2149 322 2181 obsequare,
332 2150 386 2175 una
397 2150 515 2175 resolvas
524 2151 616 2183 plaga.-

37 2229 112 2250 nam
140 2220 174 2250 in
206 2222 349 2262 margine
380 2222 575 2261 exemplaris,
606 2221 767 2262 quondam

37 2271 97 2307 sui,
116 2281 210 2310 penes
224 2282 286 2311 me,
309 2273 356 2302 vir
370 2283 505 2313 magnus
520 2273 641 2312 scripsit
660 2273 767 2313 legen-

40 2323 131 2362 dum,
153 2324 202 2354 vel
221 2336 283 2356 rem
306 2328 412 2362 solvas,
435 2326 484 2356 vel
505 2333 533 2356 te
548 2328 658 2357 solvas:
684 2326 769 2366 quod

39 2375 69 2405 ei
92 2385 157 2405 non
184 2376 342 2406 assentior.
389 2376 477 2408 Hinc
510 2377 617 2406 nullus
649 2377 768 2413 dubito,

40 2427 118 2467 quin
154 2427 304 2467 glossator
340 2434 428 2458 vetus
466 2427 682 2458 emendandus
713 2429 766 2459 sit:

41 2481 65 2496 ‘⁶
83 2479 217 2514 Resolvo,
246 2483 429 2515 ΕΚΛττοῑ,
453 2493 503 2510 και
521 2480 770 2511 ΔιΑΛτΕτΑι.”

41 2528 163 2569 Vulgo,
188 2536 301 2567 ευλυτο,
329 2544 379 2561 και
396 2530 538 2562 διαλυετε.
583 2531 705 2562 Partim
719 2542 771 2563 ve-

43 2590 116 2611 rum
130 2580 208 2611 vidit
221 2581 486 2614 vulcanus.—1n
501 2589 658 2624 sequente,
670 2584 711 2614 V.
723 2583 771 2614 ed.

44 2642 133 2672 soepe,
152 2643 210 2672 pro
224 2644 301 2673 quoe.

88 2683 164 2714 Ver.
181 2687 252 2715 955.
278 2687 350 2716 Hac
384 2688 487 2716 eadem
521 2688 604 2718 cibus
637 2688 769 2730 Ecficz't:

45 2743 172 2774 nempe,
188 2734 336 2766 inferiora
354 2737 493 2776 corporis
510 2737 610 2779 plagis
624 2745 723 2769 versat
744 2744 776 2769 et

45 2784 211 2826 defatigat3
235 2787 321 2818 unde
336 2789 531 2819 conturbatio
551 2789 776 2830 principiorum

47 2842 80 2866 et
96 2837 210 2868 animae
232 2839 391 2870 distractio
417 2843 776 2882 consequuntur.—Cae-

48 2891 164 2926 terum,
178 2889 244 2920 vice
258 2893 343 2930 dum,
362 2898 408 2922 Ω.
426 2903 504 2924 cum.

105 2937 181 2970 Ver.
212 2943 283 2972 954.
319 2949 423 2974 etstcce.
468 2943 609 2981 Vossius
650 2945 683 2975 in
720 2950 774 2976 art.

795 1108 927 1139 gramm.
943 1098 962 1129 i.
978 1102 1028 1129 45.
1048 1104 1130 1129 recte
1145 1103 1252 1128 contra
1266 1096 1435 1128 nonnullos
1449 1105 1523 1127 con-

797 1152 908 1190 tendit,
932 1153 991 1182 hoc
1018 1153 1149 1182 verbum
1177 1157 1209 1181 et
1233 1150 1348 1181 similia
1379 1150 1422 1179 sic
1451 1148 1524 1179 scri-

797 1203 900 1232 benda
915 1213 994 1239 esse3
1018 1213 1083 1232 non
1098 1208 1212 1237 autem,
1229 1208 1319 1232 ewtat.
1363 1199 1527 1230 Nimirum

798 1253 917 1291 Latini,
933 1252 1023 1282 sicuti
1033 1254 1070 1282 ab
1087 1258 1117 1282 et
1131 1254 1191 1287 abs,
1207 1254 1242 1282 di
1256 1258 1287 1281 ct
1301 1253 1359 1286 dis,
1376 1252 1409 1281 ob
1425 1256 1456 1280 et
1470 1251 1526 1285 obs,

798 1305 852 1334 sub
875 1310 906 1333 et
930 1304 1010 1342 subs,
1038 1303 1154 1342 passim
1176 1303 1367 1341 usurpabant
1375 1313 1385 1338 ;
1406 1301 1450 1330 ita
1465 1309 1531 1329 non

800 1355 907 1385 minus
927 1366 960 1386 ec
983 1361 1015 1385 et
1035 1366 1094 1392 ecs,
1117 1353 1168 1383 vel
1189 1365 1241 1384 ew:
1272 1352 1357 1393 quod
1379 1350 1531 1390 exemplis

803 1407 1084 1438 innumerabilibus
1097 1405 1137 1436 ad
1158 1405 1327 1446 liquidum,
1350 1404 1376 1434 si
1394 1403 1530 1443 postula·

803 1465 850 1489 ret
878 1470 938 1495 res,
969 1459 1097 1498 perduci
1120 1464 1229 1498 posset.
1273 1458 1391 1488 Errant
1419 1455 1534 1495 passim

807 1511 992 1541 Graecorum
1007 1511 1193 1549 scriptorum
1215 1509 1358 1545 editores,
1381 1508 1436 1548 qui
1452 1520 1533 1549 προς-

804 1574 900 1600 amm,
923 1567 956 1592 et
976 1560 1152 1592 consimilia
1174 1560 1336 1598 vocabula,
1362 1568 1437 1589 cum
1458 1558 1534 1588 sim-

803 1613 883 1652 plice
909 1613 1010 1653 sigma
1034 1617 1172 1652 pergunt
1194 1612 1346 1642 exhibere.
1392 1610 1481 1640 Hinc
1501 1620 1534 1640 e-

804 1665 881 1695 tiam
896 1664 1100 1694 manifestum
1121 1669 1178 1702 est,
1201 1663 1348 1693 nonnihil
1364 1662 1434 1692 falli
1451 1663 1535 1693 Can-

805 1722 920 1753 terum,
946 1715 1092 1745 acumine
1107 1724 1177 1744 raro
1191 1714 1307 1750 virum,
1333 1720 1364 1744 et
1387 1724 1452 1743 non
1467 1713 1536 1743 vul-

806 1768 921 1808 gariter
949 1766 1122 1804 eruditum,
1146 1766 1180 1796 in
1211 1766 1293 1796 notis
1323 1766 1363 1796 ad
1396 1765 1538 1796 Ciceron.

807 1818 893 1857 epist.
920 1817 996 1848 fam.
1011 1817 1061 1847 vii.
1081 1820 1129 1847 18.
1152 1816 1242 1856 cujus
1267 1822 1373 1846 tamen
1399 1816 1464 1855 ipse
1484 1815 1537 1855 ju-

807 1869 889 1900 dicio
904 1868 1098 1899 subscribens
1112 1868 1146 1898 in
1158 1867 1305 1897 Lucretio
1320 1866 1450 1897 mallem
1465 1877 1537 1897 exa-

807 1926 911 1950 ratum
925 1926 1032 1957 ecstat,
1053 1921 1165 1954 ecsz'lio,
1181 1921 1301 1955 ecsz'st0;
1326 1928 1361 1948 ac
1377 1918 1490 1957 pariter
1505 1918 1540 1948 in

808 1971 972 2002 similibus:
998 1981 1068 2011 quae
1083 1970 1253 2009 disputatio
1274 1980 1382 2000 vereor
1402 1980 1443 1999 ne
1458 1980 1539 1999 non-

808 2022 904 2052 nullis
927 2021 1054 2052 difficile
1088 2021 1232 2061 nugandi
1255 2031 1356 2060 genus
1383 2020 1541 2058 videatur;

809 2074 900 2104 nobis
915 2073 999 2111 licet,
1015 2073 1136 2103 diversa
1151 2072 1367 2109 sentientibus,
1384 2071 1472 2101 nulla
1487 2082 1539 2102 ve-

809 2125 894 2164 ritas,
911 2125 1007 2155 etiam
1022 2125 1056 2154 in
1078 2125 1129 2154 his
1143 2124 1187 2154 rei
1206 2123 1321 2154 criticae
1337 2124 1538 2161 tenuissimis,

809 2176 859 2207 vel
874 2181 1048 2216 spernatur,
1063 2174 1112 2204 vel
1127 2175 1231 2214 sperni
1246 2174 1349 2214 possit.

854 2237 929 2268 Ver.
948 2239 1018 2268 955.
1042 2238 1149 2276 capias
1174 2235 1259 2266 deest
1286 2237 1473 2276 n.-quz'a:
1499 2235 1542 2266 V.

812 2290 859 2321 ed.
876 2292 940 2330 qui.

856 2350 929 2381 Ver.
954 2353 1025 2382 956.
1048 2358 1192 2382 contusa:
1223 2349 1353 2390 quidam
1379 2347 1462 2378 male
1485 2357 1542 2377 vo-

812 2402 894 2438 lunt,
910 2412 1051 2432 concussa
1060 2418 1070 2439 ;
1087 2401 1174 2432 libris
1186 2400 1446 2441 repugnantibus:
1466 2409 1540 2428 con-

814 2453 862 2483 fer
890 2453 933 2483 sis
962 2463 1037 2484 verr.
1055 2457 1127 2485 952.
1150 2456 1222 2485 957.
1244 2455 1316 2483 958.
1361 2450 1544 2480 Dictionem

815 2505 944 2545 pulchre
973 2505 1131 2535 transtulit
1158 2504 1198 2535 ad
1224 2510 1351 2534 mentem
1379 2501 1542 2543 Virgilius,

816 2567 910 2589 sensu
925 2558 1175 2598 germanissimo,
1191 2567 1258 2599 geo.
1276 2556 1315 2586 iv.
1332 2559 1403 2585 240.

831 2651 1001 2681 Contusosque
1011 2651 1121 2680 animos,
1131 2654 1158 2675 et
1170 2656 1209 2675 res
1218 2649 1376 2673 miserabere
1385 2647 1526 2672 ἴωπας-η

819 2738 942 2769 Eadem
970 2748 1030 2769 vox
1052 2737 1230 2777 reponenda
1252 2735 1374 2767 videtur
1403 2735 1438 2765 in
1463 2734 1544 2775 epig.

819 2793 892 2821 249.
914 2790 965 2820 lib.
981 2790 1012 2820 ii.
1029 2789 1160 2820 Anthol.
1176 2790 1244 2819 Lat.
1260 2789 1371 2820 Burm.
1393 2797 1456 2828 quo
1477 2786 1546 2817 lau-

819 2842 882 2873 tius
896 2842 1052 2872 ferculum
1068 2842 1290 2881 delicatiusque
1310 2841 1348 2870 ab
1363 2838 1548 2879 antiquitate

819 2893 944 2933 puriore
970 2894 1119 2925 traditum
1144 2903 1209 2924 non
1234 2892 1425 2931 accepimus:
1455 2895 1547 2929 atquc

821 2945 909 2984 adeo,
937 2945 963 2976 si
979 2945 1136 2988 integrum
1163 2950 1343 2985 apponatur,
1371 2949 1402 2973 ct
1427 2939 1547 2981 potissi-
