1912 3292
487 231 723 283 LIBER
776 230 1133 281 TERTIUS.
1539 262 1550 285 ι

194 367 442 417 Discedunt,
464 371 598 407 totum
619 363 741 405 video
760 377 835 418 per
858 363 982 404 inane
1001 364 1090 421 geri
1110 378 1191 406 res:

192 443 380 498 Adparet
398 440 539 483 divom
559 454 731 489 numen,
762 438 958 494 sedesque
978 439 1129 495 quietae
1135 457 1148 489 3

191 517 308 567 Quas
328 531 463 573 neque
482 513 726 557 concutiunt
745 512 896 563 ventei,
918 527 996 555 nec
1015 513 1158 555 nubila
1177 513 1330 556 nimbis

102 673 183 705 Ibid.
220 680 371 706 coortam:
413 674 461 704 ΖΜ.
499 679 653 708 coartam;
700 670 787 702 unde

47 725 222 757 Lambinus
251 727 401 762 tentabat,
432 731 588 761 coactam;
622 724 782 763 probante,

48 784 83 807 ut
97 777 230 816 videtur,
254 777 412 818 Preigero.
437 776 542 814 Male3
564 775 620 806 sed
642 776 702 805 hoc
717 774 780 804 illis

45 829 271 868 condonemus,
295 829 430 859 rationes
456 838 543 859 veras
565 827 626 859 loci
646 837 711 857 non
732 832 777 857 te-

46 882 202 912 nentibus.

88 934 172 965 Ibid.
195 931 302 964 divina
317 938 423 963 mente.
469 931 537 962 Nec
559 931 682 961 minore
698 941 776 970 prae-

43 986 136 1017 conio
160 985 389 1026 Empedoclem
419 991 526 1015 noster
551 984 777 1022 cohonestavit,

45 1039 84 1072 ad
99 1040 119 1071 i.
136 1043 153 1071 Τ
156 1043 208 1070 52.
231 1049 289 1070 nec
303 1039 443 1070 multum
458 1037 587 1069 diversis
600 1037 714 1068 verbis:

105 1099 234 1123 Carmina
245 1099 310 1130 quin
321 1098 404 1123 etiam
415 1097 507 1122 divini
514 1096 621 1129 pectoris
631 1096 686 1128 ejus

107 1138 324 1170 Vociferantur-—.

46 1195 198 1226 Similiter
219 1201 326 1226 autem
344 1194 383 1225 de
399 1194 538 1234 Epicuro
559 1203 676 1229 rursus,
703 1203 777 1222 ean-

45 1247 118 1278 dem
134 1248 298 1278 materiam
314 1247 484 1287 ingressus,
500 1245 540 1276 ad
555 1256 582 1275 v.
599 1249 628 1275 8.

209 1315 270 1340 deus
282 1315 326 1339 ille
336 1314 400 1344 fuit,
410 1314 482 1343 deus,
492 1313 595 1337 inclute
605 1312 729 1341 Memmi,

77 1356 130 1387 Qui
140 1355 263 1387 princeps
273 1355 339 1379 vitae
350 1354 483 1378 rationem
495 1353 600 1378 invenit
611 1359 682 1383 eam,
694 1358 757 1384 quae

74 1397 152 1420 Nunc
163 1393 312 1427 adpellatur
322 1393 461 1426 sapientia.

82 1454 157 1484 Ver.
184 1456 234 1484 15.
268 1451 471 1494 Diffugiunt.-
508 1451 528 1482 i.
559 1462 585 1482 e.
620 1454 643 1470 “
660 1451 774 1482 diversi

39 1509 62 1524 “
78 1506 223 1546 fugiunt;
247 1515 288 1542 se,
315 1504 396 1535 alius
421 1504 493 1541 alio,
527 1504 714 1535 divertentes
740 1504 773 1534 in

40 1560 62 1575 ‘⁴
79 1567 299 1598 quamcunque
329 1562 466 1596 partem3
504 1555 593 1596 quasi
624 1556 773 1586 Terrores

38 1611 60 1626 “
77 1614 180 1638 essent
194 1608 253 1647 ipsi
270 1618 469 1647 summopere
485 1607 655 1643 conterriti,
679 1613 772 1647 atque

38 1663 60 1679 “
76 1660 275 1696 consternati,
295 1660 446 1690 Stentoris
456 1660 551 1701 hujus
563 1659 771 1699 philosophici

38 1715 61 1731 “
76 1711 329 1742 vociferatione.''
375 1711 493 1742 Credas
508 1718 650 1742 nostrum
666 1712 770 1743 inten-

36 1763 118 1794 disse
134 1763 240 1794 oculos
263 1764 296 1793 in
313 1763 505 1800 Homerum,
524 1763 562 1794 ll.
581 1768 615 1795 Σ.
631 1767 705 1794 222.

77 1825 109 1851 Ol
123 1825 153 1856 δ’,
167 1827 198 1854 ὡς
214 1836 240 1851 κν
255 1827 308 1851 ικίὀν
319 1835 371 1851 offae
384 1830 497 1859 χωλκεον
511 1826 651 1856 Αωικιδαω,

75 1874 159 1898 Ham
172 1872 246 1907 ορινθν,
260 1873 355 1906 θυμοί
367 1883 436 1907 κταρ
446 1877 613 1907 καλλιτριχες
623 1872 691 1898 ἵπποι

77 1920 128 1952 Axia
141 1929 207 1954 εχει
218 1929 323 1955 τρεπτέον,
337 1929 438 1945 offo'ouvo
452 1930 503 1955 γαρ
518 1924 606 1950 alym
621 1919 750 1953 &ultaqu—

79 1980 161 2011 Ibid.
196 1983 307 2011 moenz’a
339 1982 450 2011 mundi
480 1981 670 2011 Discedunt:
698 1980 718 2010 i.
741 1990 767 2010 e.

32 2034 285 2072 Dispartimztmg
301 2033 450 2064 §.iz-wm-
464 2037 643 2072 aperturam
658 2032 766 2062 lucen-

33 2092 98 2117 tem
119 2086 324 2122 ostendentia,
349 2085 411 2127 (1υᾶ
433 2086 517 2116 viam
532 2086 672 2125 perrupit
687 2085 764 2125 Epi-

34 2149 138 2176 curus,
163 2145 193 2168 et
208 2149 245 2168 ea
259 2138 354 2178 longe
369 2143 437 2177 post
452 2147 484 2167 se
508 2137 645 2178 reliquit,
670 2147 766 2168 omne

32 2191 223 2222 immensum
239 2201 421 2232 peragrans:
448 2191 468 2222 i.
485 2194 536 2222 74.
554 2194 604 2223 75.
629 2191 683 2222 Ad
698 2193 765 2223 haec

32 2243 215 2283 Dionysius,
232 2243 394 2282 episcopus
409 2242 658 2282 Alexandrinus,
682 2243 763 2274 allu-

34 2295 92 2333 dit,
104 2295 188 2335 apud
204 2295 393 2333 Eusebium,
409 2306 504 2335 praep.
516 2306 624 2336 evang.
636 2296 698 2327 xiv.
714 2299 763 2327 27.

32 2361 89 2381 -η
105 2360 142 2378 τε
157 2361 253 2388 κοσμεῖ
268 2351 426 2391 erfonis-»Iam
452 2355 605 2390 Emmpos,
637 2364 687 2381 και
718 2364 765 2382 τον

33 2411 134 2439 spoemv
151 2400 271 2442 ὅπερὲας
295 2402 449 2442 περιζολσν,
480 2414 495 2433 ‘a
522 2400 567 2431 δια
594 2414 673 2432 τινων
699 2416 763 2444 κρυ-

34 2458 111 2490 φιων,
129 2452 163 2484 ἅς
178 2464 257 2490 μενος
273 2457 407 2490 ΟῙΔΕΝ,
424 2453 538 2490 εξελθων
551 2461 660 2489 πυλων,
678 2455 722 2488 οὖ,-
741 2468 765 2485 εν

33 2515 75 2542 τῳ
91 2515 160 2542 ›cz-sq.»
176 2501 289 2533 κατειδε
305 2504 386 2541 3285,
402 2517 452 2534 και
470 2517 521 2537 τῆν
537 2511 654 2538 πολλὴν
669 2519 765 2538 auram

33 2567 187 2595 εμεικαρισε
199 2561 318 2596 uacent,-
338 2555 387 2585 Sic
395 2555 579 2595 legendum:
598 2562 629 2586 et
639 2558 684 2591 03,-
694 2559 763 2593 9⁵83

30 2610 131 2644 potest
147 2616 214 2636 suos
224 2608 292 2636 deos
298 2622 308 2642 ;
333 2606 416 2646 quod
431 2606 532 2637 editor
547 2608 679 2639 minime
695 2619 763 2647 per-

35 2662 163 2695 ceptum
177 2658 305 2693 habens,
322 2657 520 2688 scribendum
535 2660 696 2699 proposuit
712 2673 763 2695 τες

34 2710 114 2744 9ης.
141 2708 302 2750 virgilius,
322 2710 396 2740 [ΕΗ.
412 2710 453 2741 ix.
469 2714 520 2742 ρο.
694 2700 700 2707 “

260 2769 382 2794 medium
396 2769 474 2795 video
484 2770 607 2796 discedere
618 2773 720 2798 saalum:

36 2828 141 2858 tlc'visz's
155 2838 270 2868 nempe
284 2830 352 2860 cccli
366 2831 522 2869 partibus,
537 2831 584 2861 uti
603 2832 702 2864 Carus
717 2834 762 2865 lo-

36 2878 152 2917 quitur,
168 2879 201 2909 in
215 2879 255 2909 vi.
272 2884 322 2911 85.
361 2881 517 2912 Omnium
533 2890 607 2913 sunt
621 2884 764 2916 vivorum

37 2929 291 2971 invenustissimi,
315 2932 369 2977 qui
395 2930 563 2966 Maronem
587 2935 676 2967 aliter
701 2937 763 2983 legi

77 2989 166 3021 Vox..
185 2990 231 3021 Π.
750 2998 778 3030 Β

829 670 948 701 volunt.
993 671 1100 703 Julius
1116 671 1312 713 obsequens,
1338 672 1386 702 bis
1412 671 1558 712 deprava-

828 728 892 761 tuS,
913 722 952 753 de
966 723 1108 764 prodigg.
1124 734 1190 763 cap.
1207 727 1277 756 112.
1300 723 1345 753 ita
1358 723 1559 764 castigandus

827 782 884 808 est:
921 781 943 796 “
962 779 1075 809 Coelum
1103 778 1207 809 visum
1229 780 1382 810 discedere
1387 794 1398 815 ,·
1430 789 1446 809 e
1469 778 1560 818 cujus

824 832 847 848 “
861 829 949 860 hiatu
980 830 1110 861 vertices
1140 831 1277 861 flammae
1306 831 1556 871 apparuerunt:''

822 891 893 922 quae
926 880 1004 912 vidit
1027 882 1124 912 etiam
1152 882 1337 913 Schefferus.
1382 882 1494 919 Porro,
1521 881 1561 912 de

822 942 898 963 voce
912 935 1045 970 discedo,
1059 933 1099 964 ad
1114 935 1199 965 hunc
1210 934 1318 964 lecum
1333 939 1364 964 et
1373 932 1559 974 Virgilium,

822 984 969 1015 consulas
984 986 1184 1025 interpretes3
1208 986 1317 1016 omnia
1332 995 1407 1015 nam
1422 984 1558 1026 vulgata.

822 1036 942 1066 Versus
967 1037 1193 1077 elegantissimi
1218 1037 1369 1077 leguntur
1394 1036 1480 1076 apud
1503 1036 1557 1067 Ci-

820 1088 941 1117 ceronis
960 1088 1046 1119 Arat.
1063 1092 1136 1120 492.
1162 1099 1200 1119 ex
1216 1089 1330 1129 quibus
1345 1088 1501 1129 Virgilius
1515 1087 1556 1118 ad

820 1139 898 1169 AEn.
916 1139 979 1169 viii.
1005 1142 1186 1171 241—247.
1211 1141 1352 1179 profecit,
1378 1141 1421 1170 sic
1445 1150 1553 1171 emen·

821 1189 926 1220 datius
939 1190 1108 1221 scribendi:

850 1258 887 1282 At
899 1264 974 1288 vero,
985 1258 1097 1290 pedibus
1108 1259 1196 1284 subito
1206 1262 1326 1291 percussa
1337 1259 1444 1289 Dianae,

853 1296 940 1320 Insula
951 1296 1072 1327 discessit,
1084 1297 1249 1330 disjectaque
1259 1305 1325 1323 saxa
1335 1298 1476 1328 revellens,

850 1336 965 1361 Perculit
978 1340 1004 1362 et
1016 1343 1103 1362 caecas
1115 1337 1240 1362 lustravit
1250 1337 1311 1362 luce
1320 1337 1439 1362 lacunas.

821 1394 909 1425 Ordo
925 1401 982 1426 est:
1012 1399 1033 1415 “
1050 1396 1192 1426 Perculit
1206 1396 1276 1426 luce
1299 1401 1330 1426 et
1343 1395 1486 1426 lustravit
1502 1396 1553 1426 lu-

820 1449 842 1464 “
859 1449 923 1478 ce.’'
968 1447 1088 1489 Vulgo,
1106 1450 1269 1488 perculsa,·
1294 1447 1334 1478 de
1349 1447 1412 1488 quii.
1425 1458 1553 1487 permu-

817 1498 936 1529 tatione
951 1499 1073 1540 egimus
1085 1499 1126 1530 ad
1141 1499 1162 1530 i.
1176 1502 1226 1530 15.
1252 1498 1460 1537 Claudianus,
1475 1505 1553 1538 rapt.

818 1548 905 1580 Pros.
921 1550 952 1580 ii.
972 1554 1043 1582 187.
1067 1561 1133 1581 non
1149 1551 1229 1581 nihil
1244 1557 1351 1582 nostro
1365 1551 1468 1582 debet:

831 1613 903 1641 Post,
914 1619 996 1643 quam
1008 1613 1081 1638 victa
1092 1620 1188 1644 manu,
1199 1613 1280 1639 duros
1290 1614 1431 1639 Trinacria
1443 1621 1530 1640 nexus

831 1651 926 1681 Solvit,
938 1655 966 1677 et
979 1652 1113 1679 immenso
1125 1654 1180 1679 late
1191 1654 1302 1680 discessit
1312 1655 1400 1686 hiatu,

832 1692 943 1722 Apparet
955 1692 1058 1717 subitus
1069 1693 1141 1718 coelo
1152 1694 1245 1719 timor.

816 1748 900 1778 Vide
917 1749 1072 1787 Nonium,
1088 1751 1120 1782 ii.
1138 1755 1211 1783 252.
1228 1752 1262 1782 in
1278 1754 1454 1784 Discedere.
1478 1753 1550 1783 Ali—

816 1805 863 1830 ter
876 1800 1034 1840 sedulius,
1058 1812 1152 1833 carm.
1171 1803 1210 1833 iv.
1230 1807 1303 1834 284.
1327 1804 1381 1834 sed
1397 1814 1462 1834 non
1477 1815 1552 1835 cum

813 1850 902 1883 nulla
919 1858 1081 1883 venustate
1098 1854 1292 1885 variationis:

813 1927 893 1957 Ergo,
905 1924 951 1949 ubi
964 1925 1109 1953 clamantis
1120 1926 1231 1951 Domini
1242 1926 1332 1951 sonuit
1343 1927 1420 1957 tuba,
1431 1927 1533 1958 dicens,

813 1966 832 1980 ‘⁴
844 1966 958 1994 Lazare,
968 1971 1052 1996 perge
1061 1965 1132 1990 foras
1141 1966 1170 1990 !”
1181 1972 1283 1997 magno
1294 1972 1425 1991 concussa
1436 1974 1547 1998 pavore,

812 2006 928 2030 Tartara
938 2003 1068 2030 dissiliunt
1074 2012 1085 2032 ;
1105 2005 1182 2030 Erebi
1193 2009 1306 2037 patuere
1316 2012 1443 2036 recessus,

812 2046 844 2069 Et
855 2044 968 2069 tremuit
982 2043 1062 2079 letale
1073 2044 1171 2069 Chaos.

811 2104 894 2134 Haec
909 2103 959 2134 vel
980 2103 1167 2144 primarium
1185 2105 1354 2146 ingenium
1369 2116 1434 2136 non
1450 2106 1545 2139 dede-

809 2161 974 2186 corassent.

851 2207 927 2237 Ver.
945 2209 994 2238 17.
1028 2213 1124 2238 totum
1135 2221 1138 2223 ·
1149 2210 1263 2238 inane:
1290 2207 1339 2238 vel
1365 2218 1460 2239 omne
1486 2209 1546 2241 im.

808 2268 953 2288 mensum
963 2270 972 2296 3
995 2258 1039 2288 ita
1055 2265 1091 2288 ut
1110 2259 1211 2289 oculis
1226 2259 1356 2290 rationis
1371 2270 1451 2290 meae
1467 2260 1545 2290 nihil

807 2309 1028 2348 abscondatur,
1054 2310 1109 2341 sed
1125 2311 1172 2341 vel
1202 2311 1388 2351 penitissimi
1415 2312 1546 2342 Naturae

807 2372 945 2392 secessus
975 2363 1329 2402 retegantur.—Porro,
1359 2364 1419 2393 hoc
1450 2365 1545 2394 inane

808 2413 980 2453 aliquando
1009 2413 1153 2443 nominat
1186 2416 1282 2445 imme
1317 2425 1458 2450 vacuum,
1496 2414 1544 2445 vel

809 2464 992 2503 simpliciter
1015 2476 1155 2496 vacuum.
1200 2464 1315 2496 Paullo
1344 2464 1544 2495 audaciorem

807 2527 840 2546 se
862 2516 950 2547 dedit
966 2517 1161 2547 Ammianus
1189 2516 1408 2554 Marcellinus,
1435 2517 1497 2548 xxi.
1514 2522 1543 2548 (ἱ.

807 2571 874 2591 -“
891 2567 1041 2598 diffractis
1056 2567 1213 2605 cancellis,
1240 2566 1354 2607 quibus
1379 2567 1444 2598 una
1469 2578 1542 2598 cum

810 2623 831 2637 ‘⁶
847 2619 991 2659 pluribus
1005 2619 1218 2654 incumbebat,
1234 2618 1355 2650 cunctis
1369 2628 1443 2649 cum
1459 2630 1497 2651 co
1509 2623 1542 2651 ίιι

810 2674 832 2689 “
848 2683 961 2702 vanum
988 2670 1299 2707 excussis,—effiasse
1321 2671 1468 2710 spiritum
1494 2683 1542 2704 re-

1204 2723 1222 2735 '’
1254 2723 1275 2754 i.
1292 2734 1317 2754 e.
1352 2726 1386 2755 z‘n
1417 2727 1541 2756 inanem.

810 2727 832 2742 “
849 2729 955 2762 pertus
984 2729 1030 2754 est
1058 2723 1199 2754 solus—-:

806 2778 892 2806 alim.
928 2775 1018 2806 Hinc
1033 2781 1141 2805 autem
1157 2774 1320 2807 doctorum
1335 2776 1475 2807 virorum
1490 2784 1540 2807 tu-

808 2827 928 2857 multus
951 2824 991 2857 ad
1016 2827 1228 2867 Propertium,
1254 2828 1285 2859 ii.
1302 2831 1350 2860 15.
1371 2832 1424 2860 45.
1452 2829 1543 2860 nullo

807 2882 936 2923 negotio
955 2881 1161 2913 sedabuntur:

837 2950 904 2976 Haec
916 2949 1024 2989 videam
1035 2949 1138 2984 rapidas
1150 2949 1177 2976 in
1188 2956 1293 2979 vanum
1305 2949 1376 2976 ferre
1386 2948 1527 2982 procellas*
