1912 3292
342 223 436 263 258

848 213 909 261 T.
960 208 1340 260 LUCRETII

518 329 525 340 .
541 346 609 388 Fit
628 360 806 402 quoque,
833 344 886 386 de
905 343 1069 399 speculo
1089 343 1132 384 in
1153 341 1362 398 speculum
1382 349 1428 383 ut
1448 340 1634 383 tradatur
1652 340 1806 398 imago:

485 420 697 476 Quinque,
719 420 842 461 etiam
861 434 949 469 εεΧ,
970 427 1016 460 ut
1035 418 1126 459 fieri
1147 417 1366 459 simulacra
1386 417 1552 457 suerint.

370 499 451 535 305
482 495 609 544 Nam,
631 508 931 551 quaequomque
951 500 1077 542 retro,
1100 500 1218 547 parte
1240 491 1450 541 interiore,
1472 489 1628 540 latebit,

485 569 590 611 Inde
609 576 762 619 tamen,
786 582 910 624 quam
931 567 990 607 vis
1012 573 1118 607 torte
1137 566 1381 621 penitusque
1402 572 1575 614 remota,

485 642 655 693 Omnia,
677 657 751 698 per
770 642 898 683 flexos
919 641 1052 681 aditus
1072 640 1237 689 educta,
1259 639 1395 680 licebit

484 716 675 757 Pluribus
694 715 786 755 haec
805 714 976 769 speculis
996 714 1213 754 videantur
1234 714 1276 754 in
1299 713 1457 754 aedibus
1477 728 1578 754 esse:

485 789 628 844 Usque
648 788 751 829 adeo
771 803 794 828 e
814 787 977 842 speculo
998 787 1041 827 in
1062 786 1270 842 speculum
1291 786 1511 827 translucet
1531 787 1689 842 imago;

370 868 453 904 310
484 862 556 912 Et,
577 876 703 918 quom
723 862 825 903 laeva
844 861 941 903 data
960 870 1034 912 est,
1056 861 1104 902 fit
1124 876 1287 903 rursum
1309 869 1355 902 ut
1376 860 1546 902 dextera
1567 860 1654 902 fiat:

483 936 588 978 Inde
607 944 719 978 retro
739 950 902 978 rursum
922 935 1043 986 redit,
1066 944 1106 977 et
1127 935 1334 977 convortit
1354 934 1512 976 eodem.

340 1099 376 1124 ut
390 1103 463 1124 vero
476 1092 579 1124 simile
593 1098 646 1129 est,
663 1092 832 1123 substituit.
871 1091 1000 1123 Puerile
1015 1098 1069 1128 est,

341 1151 377 1176 ut
405 1145 490 1186 quod
519 1145 668 1184 maxime,
706 1151 737 1175 et
767 1145 935 1186 indignum
966 1144 1071 1184 lepore

340 1196 542 1234 Lucretiam,
569 1210 603 1228 το
617 1198 733 1234 oculus,
759 1197 932 1237 signatum,
953 1202 989 1226 ut
1004 1206 1070 1226 sus·

341 1254 430 1288 pecta
449 1247 554 1286 lectio,
583 1247 618 1278 in
651 1248 698 1278 M.
729 1249 828 1279 oculos
857 1254 964 1278 autem
989 1247 1071 1278 clare

331 1305 500 1340 ‘comparet
517 1300 551 1330 in
566 1300 603 1331 P.
618 1299 660 1330 V.
676 1299 723 1330 ed.
739 1300 776 1330 B.
795 1306 839 1330 Ω.
885 1299 973 1330 Nihil
995 1310 1071 1341 ergo

341 1359 508 1394 supererat,
535 1352 594 1383 nisi
618 1353 753 1383 mutatio
776 1365 814 1384 ‘re
828 1353 912 1384 utin
928 1360 973 1389 εις
999 1363 1071 1393 pec-

341 1405 402 1435 cati
427 1405 590 1442 nimirum,
614 1405 751 1436 solennis
776 1405 864 1446 genti
891 1405 1070 1438 scribarum.

340 1457 502 1488 correctio:
530 1457 600 1488 vide
625 1458 667 1487 sis
692 1467 768 1488 verr.
798 1460 867 1489 155.
897 1461 967 1488 220.
998 1467 1072 1487 cum

342 1508 601 1540 Drakenborchio
637 1509 678 1540 ad
713 1509 782 1540 Liv.
819 1509 880 1539 xxi.
920 1513 970 1539 28.
999 1513 1074 1539 8.-

332 1561 454 1602 fuerz't:
480 1561 521 1592 V.
537 1561 584 1592 ed.
597 1563 698 1602 fierit.

387 1612 468 1643 Ibid.
483 1615 555 1652 qui:
581 1612 734 1642 nimirum
751 1611 815 1649 ille,
831 1621 926 1652 quem
941 1621 1073 1650 persona

343 1669 446 1694 cretea
475 1668 690 1702 repraeseutat;
723 1662 786 1692 sive
815 1662 928 1692 faciem
962 1662 1072 1701 solam,

343 1724 398 1744 seu
413 1720 514 1744 totum
533 1724 654 1753 corpus,
671 1713 832 1752 exprimat.

386 1767 464 1797 Ver.
479 1769 551 1796 502.
584 1776 600 1796 ε
632 1767 723 1800 Ιιευο,·
766 1765 814 1795 Μ.
850 1766 940 1802 loevo,·
979 1778 1021 1806 τῳ
1057 1776 1073 1796 e

343 1819 459 1850 scilicet
483 1818 645 1858 deperdito
670 1820 712 1849 ob
736 1818 940 1858 praecedentis
964 1819 1074 1848 formae

345 1870 686 1910 proximitatem.—sit:
713 1870 751 1900 P.
768 1870 805 1900 B.
817 1871 880 1911 ,βίη-
905 1879 960 1909 per
975 1875 1074 1900 struc-

346 1928 424 1951 turae
438 1921 618 1952 varietatem
634 1930 691 1951 nec
710 1921 880 1961 illepidam,
908 1932 966 1952 nec
990 1922 1075 1962 inju-

345 1972 483 2003 cundam
500 1973 761 2003 Cara—mutua.-
781 1978 816 2003 Δ.
834 1979 874 2003 Π.
890 1979 1010 2004 mzuuo:
1036 1984 1073 2004 ex

344 2025 607 2064 interpretatione,
631 2024 708 2055 citra
726 2025 980 2055 controversiam:
1008 2025 1073 2056 redi

347 2076 386 2107 ad
402 2076 445 2106 iii.
463 2079 538 2107 802.

389 2127 464 2158 Ver.
478 2131 551 2158 503.
576 2127 641 2158 Hic
656 2138 771 2166 versus,
795 2133 826 2158 et
841 2139 941 2169 usque
956 2128 996 2159 ad
1011 2139 1072 2160 ver.

346 2182 419 2210 325.
441 2179 510 2209 heic
539 2179 572 2210 in
605 2179 655 2210 Pii
684 2179 820 2210 editione
846 2179 1073 2219 desiderantur,

345 2230 400 2260 sed
414 2236 575 2270 ponuntur
590 2235 659 2269 post
673 2240 734 2261 ver.
749 2234 821 2261 548.

392 2281 467 2312 Ver.
483 2285 556 2312 504.
577 2292 626 2313 sea·
655 2288 706 2312 ut:
744 2288 785 2312 Π.
815 2289 848 2313 ut
877 2293 942 2319 sexu
979 2282 1075 2314 Vind.

347 2343 417 2363 sexu
434 2339 482 2370 ut,·
509 2338 543 2364 Δ.
558 2343 640 2364 sexve
659 2339 711 2369 αι,-
733 2339 764 2363 et
786 2333 829 2364 sic
851 2333 973 2374 vulgari
988 2333 1075 2371 solet,

346 2384 452 2414 minus
482 2383 808 2425 ε19ςωιιετ.-εαὲνὶηι
817 2399 827 2415 .·
868 2385 906 2416 B.
929 2385 1072 2427 suerint,-

348 2441 382 2467 Δ.
401 2443 441 2466 Π.
457 2443 592 2468 suerunt.

390 2487 471 2518 Ibid.
498 2489 640 2528 Quinque
654 2490 747 2519 etiarn
771 2499 830 2520 sex.
875 2488 950 2519 Non
972 2488 1074 2519 multo

344 2538 434 2568 aliter
448 2539 615 2580 Virgilius,
637 2540 714 2571 AEn.
733 2540 771 2570 vi.
787 2543 860 2572 485.

346 2620 516 2652 1daeumque,
526 2620 602 2646 etiam
612 2627 716 2652 currus,
726 2621 803 2646 etiam
813 2627 900 2653 arma,
909 2625 1061 2648 tenentem.

346 2699 390 2729 Et
404 2700 579 2732 Lambinus
593 2701 733 2733 admovit
748 2702 932 2741 Horatium,
949 2704 1036 2743 epist.
1051 2703 1072 2733 i.

347 2755 375 2783 1.
392 2755 442 2783 57.
465 2754 645 2793 tempestive
660 2754 749 2786 satis:

377 2833 428 2859 Sed
439 2832 640 2868 quadringentis
651 2843 708 2868 sex,
718 2840 820 2870 septem,
830 2837 913 2863 millia
924 2838 1030 2864 desunt.

348 2885 517 2945 Apponain
534 2905 697 2946 Ovidium,
721 2908 788 2940 fast.
805 2909 826 2939 i.
844 2913 915 2941 576.

1208 1090 1264 1119 Ter,
1275 1090 1375 1121 quater,
1390 1086 1495 1112 adversi
1504 1086 1573 1112 sedit
1585 1086 1612 1110 in
1623 1092 1670 1112 ore
1679 1086 1738 1112 viri.

1115 1161 1166 1192 De
1202 1163 1320 1192 su'e'rc'nt
1350 1165 1457 1190 autem
1496 1157 1664 1198 trisyllabo,
1701 1158 1846 1190 consulas

1115 1212 1253 1244 eruditos
1269 1211 1401 1242 editores
1415 1209 1457 1240 ad
1472 1208 1597 1240 Phaedri
1611 1209 1672 1240 fab.
1687 1209 1707 1240 i.
1724 1213 1754 1240 2.
1772 1213 1801 1240 8.

1158 1273 1232 1302 Ver.
1247 1274 1320 1303 505.
1343 1272 1459 1302 latebit:
1485 1270 1528 1300 sic
1550 1279 1660 1300 omnes
1678 1275 1790 1309 praeoer
1804 1270 1843 1301 P.

1116 1330 1152 1356 Δ.
1168 1324 1235 1365 qui,
1252 1334 1326 1354 cum
1340 1321 1561 1354 communibus
1574 1321 1772 1359 editionibus,
1788 1323 1846 1353 hn-

1114 1378 1201 1415 bent,
1229 1377 1379 1412 latebunt,-
1400 1375 1455 1406 sed
1481 1374 1567 1405 haud
1591 1373 1687 1404 dubie
1711 1384 1750 1404 ex
1775 1384 1843 1404 cor-

1115 1429 1251 1459 rectione
1274 1427 1486 1457 librariorum:
1514 1435 1589 1456 nam
1604 1425 1770 1456 Lucretius
1787 1436 1843 1466 ge-

1117 1479 1301 1510 neraliorem
1316 1488 1434 1514 vocem,
1451 1480 1551 1517 imago
1567 1487 1689 1517 nempe,
1708 1477 1832 1518 respicit
1838 1488 1850 1516 ς

1116 1539 1152 1563 ut
1176 1531 1311 1573 aspergit
1335 1532 1390 1561 has
1419 1530 1580 1560 varietates
1605 1529 1733 1569 passim,
1761 1529 1846 1570 quod

1116 1585 1205 1615 nobis
1240 1595 1301 1614 usu
1331 1583 1461 1624 contigit
1490 1581 1673 1622 saepiuscule
1706 1592 1844 1613 monere.

1117 1637 1161 1667 Et
1183 1646 1332 1675 suspensa
1357 1641 1404 1666 est
1425 1634 1630 1672 constr-neum
1653 1644 1723 1674 quae
1747 1635 1846 1674 politis

1117 1699 1270 1730 perquam
1285 1688 1446 1719 familiaris
1460 1689 1625 1719 invenitur.

1161 1749 1234 1779 Ver.
1249 1751 1322 1780 506.
1356 1755 1449 1780 torte:
1478 1749 1520 1779 V.
1550 1748 1597 1778 ed.
1626 1754 1728 1784 eortae;
1760 1747 1846 1779 unde

1117 1800 1160 1830 sic
1175 1799 1286 1831 malim
1301 1809 1423 1830 versum
1440 1798 1544 1829 videre
1558 1799 1779 1831 constitutum:

1120 1882 1185 1907 Inde
1194 1886 1299 1912 tamen,
1310 1889 1392 1914 quam
1407 1882 1446 1906 vis
1457 1885 1541 1912 tort-e,
1551 1881 1710 1914 penitusque
1721 1884 1833 1907 remote.-

1119 1960 1150 1984 et
1171 1954 1214 1985 sic
1239 1960 1321 1984 certe
1336 1953 1516 1991 Lucretius3
1540 1963 1615 1984 nam
1639 1958 1715 1984 torte
1740 1952 1846 1984 minus

1117 2006 1243 2046 elegans
1257 2012 1312 2042 est,
1340 2012 1371 2036 et
1395 2017 1412 2037 e
1432 2016 1506 2036 cum
1523 2016 1551 2036 ae
1569 2004 1737 2044 saepissime
1751 2005 1845 2036 libra-

1117 2058 1155 2088 rii
1170 2063 1338 2089 mutavere.

1160 2117 1237 2147 Ver.
1253 2120 1328 2149 509.
1349 2128 1366 2148 e
1381 2116 1467 2147 deest
1481 2116 1522 2147 V.
1544 2116 1592 2146 ed.
1613 2116 1650 2146 B.
1667 2115 1715 2146 ΪΜ.
1733 2116 1773 2147 Ο.
1801 2123 1842 2148 Π.

1119 2173 1153 2200 Σ.
1181 2175 1213 2199 et
1237 2179 1343 2199 versus
1367 2169 1488 2209 integer
1511 2178 1585 2198 cum
1607 2173 1757 2208 sequente
1780 2177 1844 2198 non

1118 2219 1234 2260 legitur
1248 2220 1281 2250 in
1299 2225 1334 2251 Δ.
1349 2225 1381 2250 et
1395 2218 1473 2250 erasi
1489 2225 1563 2249 sunt
1578 2218 1675 2249 Vind.

1162 2280 1237 2310 Ver.
1252 2283 1325 2310 510.
1348 2286 1381 2310 ut
1404 2280 1489 2309 abest
1505 2279 1541 2309 B.
1565 2279 1591 2308 si
1613 2277 1690 2309 fides
1704 2278 1846 2309 habenda

1119 2331 1160 2361 sit
1188 2330 1342 2362 collatori:
1383 2330 1438 2361 sed
1474 2330 1508 2360 in
1536 2329 1665 2371 reliquis
1701 2330 1848 2363 omuibus

1118 2389 1286 2423 comparet.

1160 2443 1234 2473 Ver.
1250 2446 1322 2473 311.
1346 2441 1518 2473 Edendum
1544 2442 1721 2472 curavimus
1743 2441 1784 2472 ad
1809 2441 1846 2471 fi-

1117 2495 1189 2526 dem
1205 2496 1320 2527 codicis
1335 2496 1371 2526 L.
1387 2496 1468 2526 inter
1489 2505 1648 2526 summam
1665 2494 1845 2525 varietatem

1115 2547 1266 2578 lectionis
1313 2550 1405 2579 Retro
1428 2550 1530 2578 redire
1551 2547 1678 2585 scilicet,
1704 2553 1741 2576 ut
1765 2552 1844 2577 retro

1115 2601 1236 2637 reverti,
1253 2599 1271 2629 i.
1289 2602 1363 2630 785.
1386 2605 1466 2630 retro
1481 2600 1601 2636 residit,
1624 2597 1654 2627 ii.
1671 2599 1742 2627 283.
1764 2603 1845 2626 retro

1115 2662 1295 2687 remensum,
1327 2651 1399 2682 ibid.
1425 2654 1499 2682 515.
1528 2657 1608 2681 retro
1633 2654 1783 2685 remanat,
1814 2658 1842 2679 v.

1117 2705 1188 2733 270.
1206 2705 1263 2740 Αψ
1275 2714 1486 2739 απονοστκσειν,
1500 2701 1668 2735 Homerus
1687 2699 1727 2730 Il.
1741 2706 1776 2730 A.
1793 2703 1846 2731 60.

1116 2759 1147 2784 et
1167 2753 1221 2783 alii
1240 2763 1455 2792 saepenumero
1469 2751 1626 2782 similiter:
1652 2750 1719 2781 redi
1734 2751 1754 2781 i.
1771 2753 1845 2782 943.

1115 2807 1195 2836 Inde
1209 2811 1382 2839 retrorsum,
1396 2803 1492 2834 Vind.
1507 2802 1546 2833 V.
1562 2801 1610 2833 ed.
1627 2802 1674 2833 M.
1692 2807 1727 2832 Δ.
1744 2808 1784 2832 n.
1800 2807 1846 2832 Ω..

1116 2855 1195 2895 pede
1217 2855 1394 2892 deficiente;
1429 2853 1481 2885 cui
1509 2853 1699 2884 succurritur
1724 2853 1843 2883 incom-

1118 2907 1224 2946 modo,
1247 2907 1408 2939 scribendo
1425 2908 1570 2947 Indeque,
1595 2906 1627 2936 in
1643 2905 1680 2937 P.
1697 2905 1734 2936 B.
1752 2904 1791 2935 Ο.
1809 2909 1843 2934 Δ.
