1912 3292
502 260 736 308 LIBER
790 259 1170 316 QUARTUS.

1476 262 1570 304 329

216 390 312 439 Qua
333 398 450 432 tenus
470 389 550 429 hoc
571 390 700 430 simile
719 397 779 430 est
797 390 870 438 illi,
892 389 1004 444 quod
1024 397 1161 430 mente
1181 390 1380 439 videmus,

102 467 183 504 755
216 465 356 520 Atque
375 462 515 512 oculis,
539 461 658 502 simili
678 461 769 502 fieri
789 462 949 502 ratione
968 476 1131 503 necesse
1152 472 1222 504 est.

216 539 340 579 Nunc
359 537 499 593 igitur,
522 536 645 577 docui
665 537 862 592 quoniam
882 551 948 576 me
973 535 1079 576 forte
1098 536 1264 578 leonum

214 612 394 653 Cernere
413 626 488 666 per
508 611 738 661 simulacra,
761 611 900 652 oculos
921 625 1224 666 quaequomque
1243 611 1462 661 lacessunt3

214 685 328 726 Scire
347 685 455 735 licet,
478 693 658 726 mentem
681 685 800 726 simili
822 686 983 726 ratione
1002 685 1175 735 moveri,

210 758 293 800 Per
313 760 529 801 simulacra
548 760 730 810 leonum,
748 768 911 810 caetera,
935 775 1028 815 quae
1048 760 1159 800 videt
1179 774 1310 815 aeque,

92 835 174 874 760
205 832 296 874 Nec
316 834 467 884 minus,
490 842 612 890 atque
632 835 781 884 oculei;
815 834 893 876 nisi
915 835 1027 890 quod
1046 849 1167 892 mage
1187 835 1327 875 tenuia
1347 833 1489 875 cernit.

207 906 297 948 Nec
318 908 477 948 ratione
497 907 590 959 alifi,
613 923 741 964 quom
761 923 927 950 somnus
947 909 1133 949 membra
1152 907 1350 963 profudit,

60 1066 168 1100 oculz's;
196 1064 236 1094 ad
251 1064 492 1095 audacissimam
515 1064 663 1096 Lambini
687 1071 795 1096 contra

60 1116 156 1147 libros
167 1116 452 1155 interpolationem,
469 1127 564 1157 quam
575 1119 793 1156 obstupescen-

61 1167 102 1198 da
123 1177 198 1197 sane
223 1167 374 1206 supinitas
396 1167 562 1204 editorum,
587 1169 790 1199 constructio-

59 1228 135 1248 nem
150 1218 212 1248 loci
226 1218 275 1248 vel
291 1228 355 1248 non
370 1218 638 1248 considerantium
656 1219 705 1248 vel
727 1229 791 1249 non

58 1269 311 1311 intelligentium,
334 1270 419 1300 haud
435 1271 560 1300 erubuit
575 1281 629 1309 per
644 1271 792 1310 impressa

60 1321 249 1361 exemplaria
278 1321 432 1360 perpetim
461 1321 654 1352 continuare.
702 1321 790 1351 Ordo

59 1374 226 1403 verborum
250 1372 292 1402 sic
315 1383 347 1402 se
369 1373 475 1402 habet:
504 1376 526 1390 ‘⁴
544 1372 709 1408 Quatenus
732 1373 791 1401 hoc

56 1429 81 1445 “
97 1424 199 1454 simile
215 1429 261 1454 est
273 1423 354 1461 illi,”
375 1425 503 1465 (nempe
515 1423 621 1464 imago
636 1424 670 1453 in
684 1430 791 1453 mente

58 1475 201 1515 imagini,
224 1484 295 1514 quae
320 1473 441 1504 lacessit
467 1474 588 1514 oculos)
626 1478 647 1493 “
665 1485 790 1505 necesse

58 1531 81 1547 ‘⁴
97 1533 144 1558 est
166 1528 211 1565 id,
234 1525 319 1566 quod
340 1531 447 1556 mente
467 1526 624 1564 videmus,
647 1533 740 1566 atque
757 1529 789 1557 id

60 1583 83 1599 “
99 1582 179 1621 qnod
194 1579 293 1610 oculis
307 1581 452 1616 videmus,
475 1579 570 1609 simili
587 1579 654 1609 fieri
670 1580 789 1609 ratione

60 1636 83 1651 “
99 1633 257 1672 utrobique
269 1631 304 1662 :''
327 1630 387 1667 vel,
411 1631 436 1661 si
461 1631 560 1661 mavis
571 1635 650 1662 z—“
666 1642 790 1662 necesse

59 1687 82 1703 “
99 1690 145 1715 est
160 1687 205 1723 id,
221 1684 306 1725 quod
322 1690 429 1714 mente
443 1683 592 1720 videmus,
614 1684 709 1713 simili
724 1684 791 1714 fieri

58 1739 82 1755 ‘⁴
97 1736 226 1772 ratione,
250 1741 342 1777 atque
365 1738 398 1766 id
413 1738 492 1776 quod
515 1735 613 1765 oculis
628 1736 790 1766 videmus.”

58 1787 184 1819 Eodem
198 1788 289 1826 redit,
312 1793 418 1818 utram
441 1787 518 1817 libet
536 1787 619 1816 viam
635 1787 734 1817 ineas:
762 1793 793 1817 et

57 1839 138 1869 nihil
151 1844 238 1878 optes
252 1839 365 1868 clarius
386 1844 480 1878 atque
499 1837 682 1877 expeditius.
728 1838 787 1867 Ni-

57 1891 160 1921 mium
175 1890 261 1921 dolet
282 1889 512 1920 nobilissimum
531 1890 655 1928 poetam
670 1890 713 1919 sic
729 1890 788 1919 mi-

56 1953 124 1973 sere
146 1941 333 1972 dilaniatum
355 1940 502 1981 usquein
518 1941 603 1970 hunc
622 1940 706 1971 diem
729 1940 787 1970 cir-

57 1993 218 2031 cumferri,
248 2003 284 2023 ac
310 1994 471 2023 neminem
497 1993 677 2022 criticorum
702 1992 787 2022 labo-

58 2045 140 2076 ranti
155 2044 341 2074 subvenisse.

100 2105 177 2135 Ver.
195 2106 268 2135 756.
291 2105 456 2144 quoniam:
481 2103 524 2132 V.
542 2102 588 2133 ed.
609 2114 695 2133 cum:
722 2102 741 2132 i.
758 2113 785 2132 e.

55 2154 124 2192 qffi:
149 2154 234 2185 unde
260 2164 354 2190 error,
379 2160 413 2184 ut
442 2153 517 2184 alibi
547 2153 788 2193 saepiuscule.—

55 2208 194 2238 leonum:
222 2206 259 2237 P.
285 2208 393 2242 leones,
416 2212 447 2236 et
474 2205 570 2235 Vind.
598 2205 624 2235 si
646 2205 787 2235 collatori

54 2256 145 2288 fides:
172 2268 242 2298 quae
263 2257 355 2287 lectio
377 2257 459 2287 male
482 2256 600 2296 placuit
615 2256 787 2287 editoribus

56 2314 165 2338 contra
187 2313 307 2337 tantam
321 2307 385 2337 vim
400 2307 563 2338 librorum.
610 2307 698 2337 Ordo
721 2313 781 2337 est:

59 2363 127 2383 —-“
143 2359 294 2399 quoniam
308 2359 400 2389 docui
415 2369 467 2389 me
483 2369 537 2398 per
559 2359 726 2389 simulacra
740 2359 783 2389 le-

57 2413 80 2428 “
97 2420 196 2440 onum
213 2409 305 2447 forte,
327 2420 398 2450 quae
413 2409 569 2440 lacessunt
584 2410 702 2448 oculos,
719 2419 784 2439 cer-

56 2464 79 2479 “
95 2470 170 2490 nere
183 2460 311 2491 leones.”
337 2461 441 2491 Iidem
450 2461 595 2499 editores,
610 2460 701 2491 solita
712 2471 786 2491 cum

55 2512 229 2543 temeritate
253 2518 346 2553 atque
372 2512 507 2551 inscitia,
530 2518 788 2552 transposuerunt

56 2573 146 2594 voces
160 2565 252 2594 docui
267 2565 424 2603 quonium,
441 2563 528 2594 libris
542 2565 702 2602 omnibus,
719 2574 785 2594 om-

56 2627 97 2647 ne
112 2627 223 2657 genuS,
247 2617 500 2648 reclamantibus.

98 2676 181 2707 Ibid.
200 2677 297 2717 jin-te.
338 2677 468 2718 Adjecit
497 2676 677 2708 adverbium
689 2677 786 2718 forle,

55 2727 130 2769 quia
143 2727 250 2758 leones
264 2728 369 2767 posuit
383 2729 487 2767 potius
501 2739 597 2769 quam
620 2728 706 2758 aliud
720 2728 787 2758 ani-

57 2778 132 2808 mal.
179 2779 278 2815 Quasi
304 2779 348 2808 ita
372 2779 466 2810 dicat:
494 2783 516 2798 ‘⁴
533 2780 634 2819 Finge
657 2789 708 2809 me
731 2779 787 2809 ali·

57 2833 80 2847 “
97 2839 160 2869 quo
174 2840 250 2860 casu
264 2829 370 2860 leones
385 2830 521 2861 videre.”
545 2831 727 2861 Lambinus.

99 2880 174 2910 Ver.
192 2883 264 2912 758.
286 2884 398 2912 simili:
420 2883 468 2912 M.
483 2884 585 2913 simul.

98 2932 170 2964 Ver.
195 2938 266 2966 759.
289 2942 415 2969 caetera:
445 2937 480 2969 P.
507 2945 535 2968 et
565 2943 672 2969 coetera
685 2951 693 2968 .·
720 2946 784 2967 non

839 1077 924 1106 opus.
972 1065 1034 1097 Sed
1058 1066 1143 1097 enim
1169 1065 1231 1096 loci
1254 1075 1383 1104 scopum
1398 1075 1492 1094 nemo
1518 1063 1566 1094 vel

838 1128 893 1157 per
907 1117 1057 1148 nebulam
1073 1118 1234 1156 perspexit.
1278 1117 1330 1146 Sic
1345 1116 1439 1146 velim
1454 1115 1566 1154 accipi-

839 1181 884 1200 as:
915 1173 938 1188 “
954 1170 1031 1205 Leo,
1047 1180 1141 1210 quem
1157 1180 1248 1199 mens
1263 1168 1405 1207 concipit,
1421 1167 1505 1197 idem
1521 1173 1568 1197 est

837 1225 859 1239 “
875 1230 1000 1260 prorsus
1014 1220 1108 1255 leoni,
1131 1230 1224 1260 quem
1248 1218 1331 1248 oculi
1354 1224 1498 1248 cernunt:
1526 1227 1566 1246 ne

837 1275 860 1290 “
875 1271 998 1301 dubites
1012 1270 1119 1310 igitur,
1142 1276 1309 1310 utramque
1325 1268 1497 1308 imaginem
1512 1278 1568 1306 per

836 1325 858 1342 “
874 1322 1041 1352 simulacra
1067 1321 1239 1351 incidentia
1257 1321 1409 1361 generari.
1457 1320 1567 1360 Sequi-

836 1378 857 1392 “
875 1380 927 1404 tur
949 1384 1022 1414 ergo
1039 1384 1098 1413 per
1119 1374 1285 1403 simulacra
1306 1371 1460 1410 leonum‚''
1486 1372 1521 1413 (i.
1541 1381 1566 1401 e.

835 1436 872 1456 ex
896 1426 945 1455 his
971 1425 1101 1455 leonum
1124 1424 1308 1460 simulacris,
1341 1434 1397 1462 pro
1423 1423 1567 1462 exemplo

833 1477 995 1516 adhibitis)
1020 1480 1043 1494 ‘⁶
1060 1486 1130 1516 quae
1145 1481 1208 1505 tam
1224 1475 1341 1511 oculos,
1366 1485 1461 1515 quam
1475 1485 1566 1504 men-

835 1531 857 1546 “
874 1533 950 1565 tem,
975 1526 1094 1557 feriunt
1117 1527 1273 1556 consimili
1300 1526 1435 1566 quodam
1460 1525 1566 1561 modo,

835 1582 858 1597 “
873 1585 986 1608 caetera
1001 1578 1096 1608 etiam
1111 1578 1230 1615 omnia,
1253 1587 1324 1617 quae
1340 1587 1430 1606 mens
1456 1576 1566 1614 cernit,

835 1633 857 1647 “
875 1639 964 1670 aeque
979 1635 1073 1670 atque
1088 1628 1184 1667 oculi,
1208 1639 1273 1659 non
1289 1628 1352 1658 alio
1367 1633 1458 1667 pacto
1473 1627 1565 1662 cerui,

835 1684 858 1698 ‘⁶
874 1691 970 1720 quam
985 1690 1048 1721 quo
1063 1680 1169 1710 leones
1183 1679 1387 1710 cernuntur.''
1427 1680 1460 1709 Si
1477 1679 1566 1709 tollas

834 1736 1038 1774 hyperbaton,
1057 1744 1120 1774 quo
1136 1733 1253 1772 passim
1267 1738 1401 1763 utuntur
1415 1733 1464 1762 vel
1479 1743 1566 1763 sum·

835 1797 887 1816 me
911 1786 1040 1816 dilucidi
1069 1787 1241 1825 scriptores,
1271 1785 1374 1815 omnis
1400 1785 1567 1815 difficultas

832 1838 926 1868 simul
942 1838 1143 1868 amovebitur.

876 1890 950 1920 Ver.
968 1893 1038 1920 760.
1063 1896 1154 1930 atque
1169 1891 1284 1920 oculei:
1302 1894 1512 1928 transponunt
1528 1889 1564 1919 L.

835 1942 882 1972 M.
899 1940 1189 1980 mendose—mage
1204 1942 1288 1970 abest
1304 1940 1344 1970 V.
1361 1940 1408 1970 ed.
1429 1941 1466 1970 B.

878 1993 952 2023 Ver.
970 1996 1041 2023 761.
1065 1993 1195 2022 membra
1208 1991 1348 2031 profudit
1357 2005 1366 2021 .·
1386 1992 1405 2021 i.
1423 2001 1448 2021 c.
1464 1990 1562 2030 expli-

832 2045 898 2075 cuit
914 2051 944 2075 et
958 2044 1131 2084 prostravit,
1156 2054 1248 2082 porro
1260 2043 1400 2073 extendit
1414 2044 1562 2073 membra.

835 2096 1002 2127 Consimili
1016 2096 1112 2126 modo
1133 2095 1282 2136 loquendi
1299 2095 1464 2135 Virgilius,
1488 2096 1561 2125 AEn.

832 2152 873 2182 xi.
890 2155 961 2183 665.

923 2238 985 2245 --
995 2228 1062 2256 quot
1073 2225 1149 2249 humi
1161 2224 1305 2250 morientia
1315 2231 1426 2256 corpora
1428 2225 1526 2256 sandix
1534 2226 1547 2248 ?

833 2290 924 2320 Idem
939 2295 1032 2324 vates,
1055 2299 1123 2329 geo.
1141 2289 1178 2318 iv,
1195 2292 1267 2318 452.

875 2365 996 2387 &emunt
1009 2369 1032 2386 xe
1043 2369 1138 2392 somno,
1149 2362 1274 2391 diversae,
1286 2362 1312 2385 in
1325 2361 1401 2386 litore
1411 2361 1519 2392 phocae.

833 2427 882 2456 Ita
897 2425 1067 2456 castissime
1082 2426 1236 2462 scribitur,
1261 2435 1325 2454 non
1341 2426 1467 2455 diverso.
1494 2424 1557 2455 Ve-

830 2483 986 2507 nustatem
1001 2487 1072 2507 vero
1086 2477 1263 2513 locutionis,
1276 2476 1367 2516 juxta
1378 2485 1452 2505 cum
1468 2475 1557 2515 Hey-

831 2529 884 2558 nio
895 2535 988 2569 atque
997 2528 1065 2558 aliis
1075 2528 1255 2565 editoribus,
1267 2527 1377 2557 lector!
1392 2527 1557 2567 ignorabis,

796 2616 800 2619 η
831 2580 891 2610 nisi
920 2580 954 2609 in
979 2578 1153 2610 subsidium
1178 2589 1316 2609 accersas
1341 2577 1453 2607 mediae
1476 2578 1559 2608 vocis

831 2631 1013 2669 efficaciam,
1030 2631 1120 2661 nobis
1134 2630 1294 2661 multoties
1305 2629 1492 2660 declaratam
1504 2629 1558 2660 de-

830 2682 1079 2723 clarandamque.
1113 2685 1135 2700 “
1151 2683 1266 2712 Phocae
1291 2691 1324 2710 se
1350 2691 1462 2710 somno
1483 2686 1558 2711 ster-

833 2738 854 2752 “
871 2740 952 2763 nunt
968 2733 1002 2763 in
1018 2733 1118 2770 litore,
1140 2735 1214 2763 aliae
1229 2734 1302 2770 alio,
1326 2743 1355 2763 se
1365 2738 1509 2763 vertentes
1524 2733 1557 2761 in

832 2791 854 2805 ‘⁵
870 2797 997 2817 omnem
1013 2786 1164 2826 partem.''
1197 2786 1279 2816 Haec
1294 2791 1400 2815 autem
1411 2784 1450 2814 de
1464 2785 1558 2814 verbo

825 2839 966 2880 profudit
986 2849 1051 2868 non
1073 2847 1196 2868 necesse
1218 2837 1434 2867 habuissemus
1447 2835 1555 2866 admo-

829 2902 912 2929 nere,
929 2890 989 2921 nisi
1004 2891 1038 2920 in
1049 2900 1086 2921 eo
1097 2889 1285 2921 declarando
1299 2888 1427 2930 quidam
1442 2888 1555 2918 lexico-

830 2943 940 2985 graphi
956 2950 1020 2974 tam
1036 2942 1148 2974 misere
1165 2941 1356 2977 erravissent,
1379 2950 1437 2970 nec
1458 2938 1556 2969 edito-

790 3005 854 3034 ΥΣ.)
