1912 3292
333 219 404 261 941

835 210 896 261 T.
948 200 1330 260 LUCRETII

487 343 549 386 Ut
565 343 731 401 gravior
750 343 886 399 paullo
904 343 1033 400 possit
1050 342 1270 386 dissolvere
1290 355 1442 383 caussa.

543 417 660 467 Quid
679 417 842 460 dubitas
861 418 1045 469 tandem,
1065 417 1184 474 quin,
1205 423 1325 457 extra
1343 412 1508 470 prodita
1528 425 1693 469 corpus,

485 491 694 545 Inbecilla,
715 492 839 544 foras,
860 493 904 535 in
924 501 1084 550 aperto,
1106 492 1289 549 tegmine
1308 490 1493 544 dempto,

486 565 584 608 Non
604 567 731 609 modo
751 582 838 610 non
857 581 1025 610 omnem
1044 566 1173 622 possit
1192 565 1343 606 durare
1361 577 1436 618 per
1455 575 1606 612 aevom,

373 644 455 682 605
489 640 573 682 Sed
591 641 823 683 minumum
844 641 957 697 quod
976 640 1036 682 vis
1056 646 1233 695 nequeat
1252 637 1472 679 consistere
1491 632 1675 690 tempus?

542 714 632 755 Nec
652 713 729 755 sibi
749 715 860 755 enim
880 714 1094 770 quisquam
1116 712 1295 754 moriens
1315 711 1465 752 sentire
1481 709 1643 750 videtur

340 869 443 906 anxie,
452 867 571 898 sedulo.
597 867 716 908 Vulgo,
727 868 810 899 male
818 868 934 909 legitur
943 871 1061 900 sedula.-

341 920 395 952 sed
418 929 527 950 verum
550 918 704 949 Heinsius
726 925 800 950 ante
829 930 881 950 me
902 920 1066 959 perspexit.

344 971 408 1002 Adi
436 970 510 1001 silv.
537 969 612 1001 erit.
627 969 671 1000 iii.
687 978 716 1009 p.
732 973 783 1001 51.
827 970 918 1001 Hinc
934 970 1068 1001 Ovidius

341 1020 566 1054 emaculandus
579 1026 635 1057 est,
651 1030 749 1051 amor.
766 1020 797 1051 ii.
814 1024 843 1051 8.
860 1024 910 1052 20.

385 1101 443 1130 Tu,
453 1099 514 1131 ἀει,
524 1102 556 1124 tu
567 1099 660 1131 jubeas
670 1099 754 1124 animi
764 1099 880 1131 perjuria
890 1099 950 1131 puri

417 1140 594 1173 Carpathium
602 1139 710 1172 trepidos
722 1147 770 1172 per
780 1146 856 1166 mare
868 1140 938 1166 ferre
949 1143 1026 1165 notos
1033 1146 1042 1164 t

340 1213 360 1244 i.
387 1223 413 1244 e.
439 1222 595 1253 properos,
625 1212 765 1250 festinos,
800 1214 916 1243 celeres.
960 1208 1070 1252 Vulgo

340 1265 494 1302 scribitur,
509 1267 641 1305 cepidos‚-
665 1264 751 1306 quod
765 1264 808 1295 ibi
825 1274 900 1295 sane
914 1263 1067 1305 frigidum

341 1323 399 1356 est,
414 1323 508 1358 atque
522 1317 666 1347 otiosum.
712 1315 855 1349 Varietas
869 1315 1068 1357 quorundam

341 1369 497 1407 codicum,
523 1370 659 1408 rapidos,
683 1377 715 1397 se
729 1367 898 1398 manifesto
912 1367 1015 1406 prodit
1030 1377 1068 1397 ex

341 1419 443 1461 glossa
457 1419 605 1461 genitam.
651 1418 780 1449 Alicubi
799 1418 833 1448 in
849 1418 976 1449 Nasone
997 1418 1069 1458 plus

342 1471 440 1502 semel
468 1477 552 1501 recte
584 1469 669 1501 istud
698 1469 858 1509 epitheton
889 1469 1068 1508 adhibetur3

340 1524 436 1563 probe
451 1528 568 1558 tamen,
579 1521 699 1561 opinor,
710 1531 749 1551 ex
758 1521 887 1561 ingenio
901 1521 1071 1552 dictionem

343 1580 479 1606 nostram
495 1574 581 1614 epist.
597 1573 640 1605 xi.
659 1577 709 1604 76.
732 1573 819 1613 prius
834 1573 1071 1610 redonaveram,

341 1637 437 1668 quam
452 1625 620 1657 nonnullas
634 1626 834 1656 membranas
844 1624 1072 1656 consentientes

340 1677 563 1709 intellexerim:

373 1753 412 1777 Ut
428 1758 504 1777 mare
520 1750 552 1776 fit
571 1751 731 1782 tremulum,
750 1751 827 1777 tenui
844 1759 909 1778 cum
927 1752 1068 1786 stringitur

463 1791 545 1817 aura:

403 1833 442 1857 Ut
453 1832 575 1864 quatitur
584 1832 679 1865 trepido
690 1831 799 1857 fraxina
810 1833 886 1865 virga
896 1836 972 1858 neto.

341 1905 478 1936 Triviale
489 1905 586 1936 fuerit
599 1908 698 1946 tepido
711 1906 888 1947 vulgatum,
898 1913 929 1937 et
940 1907 1068 1947 puerili—

339 1963 386 1988 ter
400 1956 501 1987 inane.
547 1956 673 1987 Ibidem
688 1956 816 1996 insuper
837 1957 934 1988 codex
959 1959 1067 1999 singu-

338 2007 412 2038 laris
427 2008 543 2046 praebet
558 2009 679 2047 rapido,
701 2007 841 2049 adeoque
856 2009 1067 2040 emendationi

339 2070 419 2091 meae
443 2059 566 2089 videtur
587 2058 779 2098 adstipulari.
824 2060 876 2090 De
901 2060 1067 2092 vocabulo-

339 2121 412 2142 rum
426 2113 546 2152 tepidus
561 2115 592 2140 et
606 2112 744 2151 trepidus
759 2110 955 2149 confusione,
983 2113 1065 2143 Dra-

340 2162 549 2193 kenborchius
563 2161 627 2202 egit
649 2161 689 2192 ad
715 2161 769 2192 Sil.
788 2162 858 2193 Ital.
873 2163 912 2193 iv.
933 2166 1001 2194 182.
1024 2170 1066 2203 et,

339 2214 528 2255 quicunque,
550 2215 589 2244 ab
605 2214 663 2244 hac
679 2214 806 2245 notione
820 2214 905 2245 vocis
919 2218 1067 2256 trepidus,

340 2275 436 2307 quam
451 2265 660 2304 declaramus,
675 2264 774 2296 doctis
784 2266 857 2296 viris
871 2275 935 2296 non
950 2266 1066 2308 ubique

338 2319 435 2357 probe
457 2316 628 2357 perspecta,
663 2327 801 2354 exorsus,
828 2317 897 2349 loca
926 2324 1065 2350 veterum

339 2368 506 2409 diligenter
519 2368 732 2410 investigabit3
755 2369 807 2399 ille
828 2369 965 2409 pretium
979 2370 1064 2402 labo-

339 2419 382 2449 ris
397 2420 486 2459 feret,
508 2419 626 2450 multos
640 2429 679 2450 ex
694 2420 872 2451 certissimis
894 2421 1067 2453 rationibus

338 2470 548 2510 emendando,
562 2470 717 2513 hodieque
727 2472 914 2503 cubantibus
927 2473 961 2503 in
976 2481 1065 2504 men-

339 2522 388 2554 da.
433 2523 607 2563 Appositus
629 2529 676 2555 est
702 2524 842 2564 Hirtius,
867 2524 940 2556 bell.
971 2526 1064 2557 Alex.

340 2578 390 2606 75.
414 2579 436 2593 ‘⁴
455 2575 714 2607 Caesar—eodem
737 2582 877 2616 tempore
898 2576 1014 2608 milites
1027 2579 1067 2609 ab

339 2631 362 2646 “
379 2629 522 2668 operibus
535 2634 634 2666 vocat,
661 2639 750 2660 arma
763 2640 872 2671 capere
891 2630 994 2671 jubet,
1019 2629 1064 2660 le-

338 2682 362 2698 “
377 2679 487 2720 giones
516 2680 659 2720 opponit,
678 2681 780 2712 aciem
805 2681 949 2712 instruit:
975 2681 1067 2723 cujus

337 2732 363 2748 “
379 2730 423 2760 rei
447 2731 548 2762 subita
566 2734 731 2773 trepidatio
748 2743 903 2774 magnum
917 2739 1066 2764 terrorem

337 2785 361 2801 “
377 2781 483 2812 attulit
497 2783 650 2814 nostris:’‘
665 2785 685 2815 i.
697 2795 724 2816 e.
735 2787 918 2826 fistinatio;
935 2790 971 2816 ut
985 2795 1067 2824 saepe

337 2832 455 2865 Livius.
503 2835 701 2867 Glossarium
726 2844 828 2869 vetus:
860 2841 882 2857 “
905 2839 1066 2878 Trepidat,

340 2885 514 2927 “fistinat,
545 2885 755 2932 mpussmmaul'
809 2889 915 2930 Forte,
945 2888 1066 2932 περιδεης

1111 881 1179 900 εστι.
1223 867 1370 898 Editores
1391 863 1573 905 Papiniani,
1597 862 1661 894 vim
1683 863 1846 897 ventilato

1110 919 1255 951 dictionis
1269 919 1459 959 ignorantes,
1475 915 1715 947 sincerissimam
1731 914 1839 947 lectio-

1110 981 1186 1002 nem
1210 971 1379 1012 ejecerunt,
1405 970 1446 1001 ad
1471 969 1570 1000 Theb.
1585 979 1614 999 v.
1634 971 1708 1000 677.
1729 978 1750 999 a
1775 976 1840 1008 me,

1110 1023 1303 1063 postliminio
1317 1022 1470 1064 quamvis,
1485 1020 1725 1052 restituendam:

1144 1116 1207 1123 —
1215 1103 1373 1128 Tumidone
1384 1110 1491 1135 pamm,
1504 1104 1587 1134 quod,
1595 1103 1719 1135 gentibus
1728 1101 1796 1128 actis

1145 1143 1272 1175 Undique
1283 1144 1309 1167 in
1320 1149 1396 1168 arma
1408 1143 1471 1174 tuis,
1482 1143 1552 1168 inter
1562 1141 1661 1175 trepida
1671 1142 1780 1175 agmina
1790 1147 1839 1175 pa·

1236 1189 1299 1208 cem

1144 1223 1219 1249 Solus
1228 1224 1323 1249 habes?

1112 1295 1233 1336 Vulgo,
1263 1296 1385 1335 rapida.
1430 1294 1496 1324 Res
1521 1293 1653 1324 eruditis
1682 1292 1756 1324 viris
1776 1302 1843 1324 non

1112 1346 1236 1386 penitus
1250 1345 1407 1376 intellecta
1422 1351 1469 1376 est
1488 1345 1529 1376 ad
1545 1344 1674 1386 Virgilii
1699 1344 1774 1376 AEn.
1790 1343 1844 1376 xii·

1111 1400 1183 1428 403.

1142 1470 1229 1496 Multa
1254 1477 1337 1495 manu
1363 1469 1481 1500 medica,
1509 1468 1658 1500 Phoebique
1684 1467 1840 1500 potentibus

1238 1511 1336 1540 herbis,

1145 1551 1333 1583 Nequidquam
1343 1549 1466 1582 trepidat.-

1115 1615 1137 1645 i.
1154 1626 1180 1645 e.
1205 1617 1227 1633 “
1241 1613 1354 1644 anxius
1369 1619 1400 1644 et
1405 1613 1544 1654 festinus
1559 1611 1736 1644 admovet.”
1766 1611 1842 1644 Ele-

1115 1672 1225 1708 ganter
1242 1665 1407 1704 Phaedrus,
1422 1665 1454 1696 ii.
1467 1667 1496 1696 5.
1513 1668 1542 1695 2.

1157 1741 1202 1764 Est
1212 1739 1380 1765 ardelionum
1391 1739 1519 1770 quaedam
1531 1740 1626 1763 Romae
1636 1738 1720 1769 natio,

1158 1779 1261 1812 Trepide
1271 1786 1442 1809 concursans,
1453 1781 1585 1810 occupata
1596 1777 1622 1802 in
1634 1778 1768 1803 otio—z

1113 1843 1167 1874 ubi
1182 1842 1278 1875 meliis
1292 1843 1341 1873 vel
1357 1841 1540 1873 tenuissima
1554 1841 1642 1874 notio
1657 1851 1721 1872 non
1743 1841 1844 1875 inhae-

1115 1902 1171 1926 ret.
1207 1895 1327 1926 Videas
1342 1894 1460 1926 ibidem
1477 1893 1685 1929 Schefferum,
1708 1893 1750 1925 iv.
1767 1896 1796 1926 5.
1811 1897 1846 1926 3.

1113 1947 1254 1978 Tantilla
1276 1957 1326 1978 res
1347 1947 1451 1978 fraudi
1469 1946 1532 1977 fuit
1555 1945 1692 1976 Heinsio
1715 1945 1756 1977 ad
1777 1945 1843 1978 fab.

1111 1999 1155 2030 iii.
1185 2003 1233 2030 16.
1258 2002 1306 2029 18.
1340 2008 1404 2039 quo
1434 2004 1464 2028 te
1497 1997 1634 2037 recipias.
1679 1997 1848 2034 Horatius.

1111 2052 1198 2092 epist.
1218 2051 1237 2082 i.
1256 2055 1304 2082 lo.
1321 2055 1371 2083 21.

1141 2125 1233 2150 Purior
1244 2125 1271 2149 in
1283 2125 1348 2150 vicis
1359 2131 1430 2156 aqua
1441 2126 1530 2150 tendit
1541 2130 1668 2157 rumpere
1678 2124 1835 2156 plumbum.

1142 2166 1231 2196 Quam
1242 2171 1304 2196 qua:
1315 2171 1363 2196 per
1373 2171 1489 2196 pronum
1502 2163 1610 2196 trepidae
1621 2170 1686 2189 cum
1698 2169 1839 2189 murmure

1234 2203 1339 2228 rivum?

1111 2269 1133 2285 “
1152 2268 1320 2307 Trepidat:
1338 2266 1358 2297 i.
1371 2276 1397 2297 e.
1413 2266 1643 2306 praecipitanter
1654 2263 1845 2297 delabitur?

1111 2318 1292 2355 Ascensius,
1304 2317 1470 2349 verissime.
1514 2317 1611 2349 Alius
1625 2317 1779 2358 interpres
1793 2316 1843 2347 ni-

1110 2370 1155 2401 bil
1172 2370 1257 2402 w'dit.
1301 2371 1413 2409 Porro,
1438 2381 1538 2412 quum
1565 2370 1752 2411 plerumque
1772 2368 1844 2410 pluo

1111 2436 1152 2462 τῳ
1167 2424 1332 2462 trepidare,
1348 2433 1444 2463 quam
1461 2421 1677 2464 eqfhstinare,
1697 2421 1789 2452 sicuti
1803 2428 1844 2451 ex

1109 2473 1277 2514 praemissis
1292 2473 1414 2515 liquido
1429 2480 1562 2513 constat,
1577 2473 1663 2510 insit,
1677 2472 1845 2504 Sallustius

1110 2536 1175 2556 non
1190 2525 1273 2556 male
1295 2525 1434 2565 sociavit,
1461 2526 1503 2557 ad
1530 2524 1624 2557 Catil.
1638 2524 1727 2556 xxxi.
1757 2527 1780 2542 “
1795 2533 1847 2554 re·
1859 2534 1867 2544 ·

1110 2579 1132 2595 ‘¹
1149 2582 1242 2616 pente
1265 2587 1374 2608 omnes
1397 2577 1523 2608 tristitia
1536 2575 1664 2615 invasit;
1674 2576 1845 2618 festinare,

1110 2630 1135 2646 ‘⁶
1149 2628 1379 2668 trepidare—2²
1425 2628 1599 2670 Ignoscant
1624 2632 1733 2658 autem
1762 2624 1844 2657 mihi

1109 2688 1218 2709 manes
1236 2679 1334 2710 Cortii
1350 2685 1382 2710 et
1398 2679 1562 2718 Gronovii,
1591 2678 1617 2710 si
1632 2678 1748 2715 dicam,
1772 2683 1843 2708 tau-

1108 2731 1149 2762 tis
1160 2731 1233 2761 viris
1243 2731 1403 2762 veritatem
1414 2742 1469 2772 per
1479 2730 1611 2762 nebulas
1621 2729 1843 2761 tantummodo

1111 2781 1210 2812 visam
1232 2792 1309 2821 esse,
1335 2782 1382 2812 illi
1404 2781 1445 2813 ad
1473 2781 1673 2820 Sallustium,
1695 2780 1839 2822 Jugurth

1111 2833 1237 2864 xxxviii.
1259 2833 1333 2864 huic
1347 2833 1387 2864 ad
1401 2833 1541 2873 Livium,
1556 2833 1651 2864 xxvii.
1672 2836 1697 2864 1.
1715 2836 1745 2864 8.
1778 2831 1842 2864 Las

1109 2887 1182 2918 bem
1191 2886 1277 2928 prius
1288 2885 1404 2924 cluam,
1419 2897 1488 2928 quae
1500 2886 1740 2923 Mamertinum,
1751 2888 1842 2929 grat&
