1912 3292
483 227 714 278 LIBER
762 224 1112 276 TERTIUS.

1444 232 1527 271 121

67 362 148 402 775
179 361 267 411 An,
290 360 436 402 domus
455 358 585 398 aetatis
605 357 736 410 spatio
756 370 810 397 ne
828 355 931 396 fessa
948 362 1108 395 vetusto

180 434 365 476 Obruat?
396 432 455 473 At
471 445 557 471 non
578 437 672 471 sunt
685 430 772 485 jam
792 428 1000 470 inmortali
1020 428 1100 469 ulla
1119 427 1281 483 pericla.

234 506 440 561 Denique,
463 503 670 545 connubia
689 503 743 544 ad
763 502 952 552 Veneris,
972 509 1194 557 partusque
1212 500 1405 552 ferarum,

176 581 276 621 Esse
294 579 450 620 animas
468 586 636 632 praesto,
664 575 934 618 deridiculum
953 589 1039 615 esse
1058 574 1238 624 videtur3

176 653 429 707 Exspectare
446 650 700 692 inmortaleis
719 649 907 690 mortalia
926 648 1113 689 membra

61 730 142 770 780
172 726 398 768 Innumero
418 739 606 775 numerO,
629 732 866 778 certareque
884 729 1241 778 praeproperanter

171 800 287 842 Inter
307 815 363 850 se,
385 813 479 854 quae
498 788 647 854 prima,
668 798 975 853 potissimaque,
997 796 1240 837 insinuetur:

173 874 217 916 Si
237 888 324 914 non
343 872 448 914 forte
467 873 526 913 ita
545 880 640 914 sunt
659 872 891 912 animarum
910 870 1066 911 foedera
1084 877 1222 925 pacta,

172 947 249 998 Ut,
271 962 364 1003 quae
382 947 518 1002 prima
536 946 677 988 volans
697 946 922 996 advenerit,
951 945 1178 986 insinuetur

171 1021 327 1073 Prima,
348 1036 481 1077 neque
500 1021 607 1062 inter
628 1035 669 1062 se
689 1019 942 1061 contendant
961 1018 1114 1059 viribus
1134 1017 1275 1058 hilum.

24 1179 160 1211 Servius:
202 1183 223 1198 “
247 1179 456 1210 Definitiones
492 1185 565 1210 sunt
599 1181 749 1223 corporis,-

19 1233 43 1250 u
58 1241 132 1260 nam
150 1230 252 1261 Graeci
275 1229 371 1270 δεμας,
395 1231 483 1271 quasi
504 1231 611 1270 δεσμον,
637 1241 748 1269 corpus

14 1283 40 1299 ‘²
55 1287 174 1317 vomnt,
191 1281 279 1322 quasi
293 1281 455 1312 vinculum
465 1281 592 1311 animi.’‘
629 1281 746 1311 Videas

17 1332 115 1363 etiam
143 1333 224 1362 viros
251 1332 358 1363 doctos
385 1333 425 1362 ad
453 1333 572 1363 Lucan.
601 1333 640 1363 vi.
671 1336 743 1363 792.

20 1383 112 1414 Nihil
139 1389 246 1413 autem
273 1383 448 1424 adjumenti
476 1383 560 1413 venit
590 1393 628 1412 ex
655 1383 742 1414 libris

15 1433 186 1474 suspicioni
200 1444 288 1464 meae.

61 1487 138 1518 Ner.
155 1489 226 1519 775.
250 1489 320 1518 An:
345 1488 389 1518 sic
403 1487 441 1518 P.
457 1488 543 1529 quod
563 1488 658 1529 longe
672 1490 740 1520 ani-

18 1538 136 1569 mosius
160 1545 215 1574 est,
245 1544 277 1569 et
304 1539 338 1568 in
363 1539 552 1570 adversarios
580 1541 742 1580 superbius

15 1589 248 1630 triumphantis
285 1590 406 1630 Vulgo,
423 1592 475 1621 Et.

59 1649 140 1680 Ibid.
161 1652 262 1680 aetatis
285 1652 383 1690 spatio
397 1651 502 1691 fissa:
527 1651 547 1681 i.
563 1661 589 1682 e.
617 1664 739 1685 πεπονη-

15 1713 93 1737 am,
112 1701 161 1731 vel
176 1714 369 1741 aesaeovnpsm:
394 1702 537 1733 consulas
551 1703 590 1733 de
604 1705 662 1734 hac
677 1705 738 1734 ele—

13 1756 109 1791 gante
121 1751 279 1782 locutione
292 1763 397 1782 meam
415 1753 486 1784 Silv.
499 1754 574 1785 Crit.
586 1761 658 1785 sect.
669 1755 738 1786 cliv.

10 1808 44 1832 et
56 1808 131 1833 tom.
146 1813 173 1834 v.
185 1814 214 1843 p.
228 1808 298 1836 169.
322 1805 412 1834 Hinc
425 1805 554 1844 pulchre
569 1807 736 1843 Lucianus,

13 1854 160 1884 Timonis
188 1855 365 1888 finet——ffm
392 1869 444 1895 μεν
473 1856 611 1888 δικελλαν
641 1866 738 1899 ολιγον

11 1918 153 1936 araz-aum
178 1913 276 1936 παλαι
306 1912 616 1939 nEnoNi-IKTIAN:
646 1909 737 1949 cujus

14 1956 156 1986 vombuli
182 1967 310 1987 veneres
335 1957 368 1987 in
394 1957 449 1987 illo
477 1958 546 1988 loco
572 1969 637 1989 uon
665 1961 747 1990 satis>

12 2007 182 2038 editoribus
205 2014 279 2038 sunt
300 2015 477 2047 perspectae.
524 2010 616 2040 Adsit
641 2012 737 2042 etiam

11 2061 47 2091 in
66 2061 247 2091 coronidem
261 2062 429 2102 Virgilius,
452 2063 528 2093 AEn.
547 2063 580 2093 ii.
596 2066 667 2095 596.
689 2064 735 2094 le-

10 2122 123 2152 porum
137 2113 282 2144 omnium
296 2113 434 2153 locuples
454 2114 676 2146 conditorium:

12 2197 72 2223 Non
80 2198 151 2230 prius
160 2199 297 2229 adspicies,
307 2198 363 2229 ubi,
371 2199 472 2231 fessum
482 2202 566 2230 etate,
577 2204 718 2232 parentem

11 2235 130 2268 tiques-is
140 2237 289 2263 Anchisen?

0 2325 1 2332 1
56 2311 129 2343 Ver.
158 2315 229 2345 776.
266 2317 441 2346 inmortali:
480 2315 616 2345 universi
648 2315 730 2354 libri,

0 2369 168 2422 ,quantum
195 2365 349 2406 intelligo,
378 2373 461 2396 certe
489 2376 598 2396 omnes
622 2368 731 2405 nostri,

7 2415 124 2446 habent
137 2419 259 2447 mortali
264 2432 275 2452 ‚-
300 2428 393 2458 quem
408 2429 545 2449 errorem
565 2418 732 2457 saepissime

6 2465 42 2497 in
69 2467 201 2498 librariis
228 2468 422 2502 hrcretianis
448 2471 567 2510 experti
600 2481 724 2500 sumus:

5 2517 77 2548 vide
91 2528 168 2549 verr.
184 2521 256 2549 611.
270 2523 430 2551 624.67o.
449 2527 481 2551 et
493 2521 568 2552 alibi
583 2522 653 2561 plus
664 2522 729 2552 vice

8 2568 149 2609 simplici.
193 2570 245 2601 Sic
270 2572 408 2612 negandi
431 2574 580 2612 particula
600 2575 728 2615 quibus-

7 2619 82 2651 dam
103 2621 190 2652 libris
214 2622 311 2661 deest,
335 2624 376 2654 ad
397 2624 465 2655 Liv.
480 2636 549 2656 xxv.
565 2630 615 2658 26.
632 2631 660 2658 7.
681 2627 725 2657 le-

87 2784 142 2816 ast,
164 2790 263 2821 quum
278 2780 372 2812 finale
389 2782 582 2813 elementum
598 2797 636 2815 ero
651 2785 723 2825 jam

130 2830 138 2837 ’
199 2833 294 2872 possit
308 2833 457 2874 syllabam
472 2837 506 2866 in
521 2836 660 2866 vocabuli
675 2848 722 2867 se-

27 2880 137 2912 uentis.
193 2883 274 2915 Sane
302 2885 472 2916 tolerabilis
507 2894 553 2917 est
581 2888 725 2918 codicum

17 2931 102 2968 ectio,
131 2932 158 2963 si
182 2942 320 2966 mentem
350 2937 449 2977 po’etae
478 2938 522 2969 sic
550 2939 719 2980 concipias:

794 1182 817 1197 “
832 1176 941 1218 Fingis
955 1183 1061 1208 autem
1083 1178 1197 1207 animae
1211 1180 1301 1215 putre
1316 1185 1427 1214 corpus
1448 1174 1520 1206 odio

792 1233 815 1248 “
830 1229 951 1266 haberi;
966 1229 1015 1258 vel
1029 1238 1097 1258 eam
1113 1228 1233 1262 timere,
1249 1236 1290 1256 ne
1301 1225 1391 1255 ruina
1406 1226 1521 1256 domus

790 1284 813 1299 “
827 1280 1012 1310 labascentis
1039 1278 1207 1310 obruatur?
1248 1277 1309 1308 Sed
1345 1288 1410 1307 non
1448 1278 1520 1307 satis

788 1334 811 1349 ‘⁴
827 1341 942 1360 caussae
955 1336 1013 1368 est,
1028 1340 1095 1368 cur,
1121 1329 1261 1360 mortalis
1275 1339 1346 1369 quae
1360 1329 1410 1365 sit,
1434 1339 1518 1359 mor-

787 1384 809 1400 “
824 1388 889 1412 tem
913 1381 1099 1412 aversetur.''
1145 1380 1186 1410 In
1212 1391 1307 1421 quam
1331 1390 1398 1410 rem
1418 1379 1519 1410 multa

787 1439 973 1474 argumenta
999 1444 1098 1474 usque
1121 1433 1162 1463 ad
1186 1432 1284 1462 finem
1312 1432 1384 1462 libri
1413 1438 1517 1462 noster

784 1485 923 1524 protulit.
970 1485 1031 1516 Sed
1055 1486 1123 1515 haec
1149 1484 1247 1514 videri
1269 1490 1398 1523 possunt
1419 1484 1517 1514 nimis

785 1538 922 1576 subtilia,
949 1544 980 1568 et
993 1538 1086 1568 altius
1100 1537 1208 1577 petita,
1232 1537 1257 1567 si
1275 1547 1350 1567 cum
1364 1536 1513 1576 simplici-

784 1594 847 1619 tate
862 1589 1063 1630 uulgatorum
1078 1594 1316 1628 componantur.

842 1649 922 1679 Ibid.
956 1660 1018 1680 ηοη
1047 1655 1118 1679 sunt
1147 1650 1307 1678 inmortali
1335 1649 1399 1678 ulla
1425 1649 1510 1687 peri-

785 1702 842 1731 cla.
887 1701 965 1730 Huc
990 1700 1064 1730 facit
1091 1699 1265 1737 Arnobius,
1290 1698 1342 1728 lib.
1358 1698 1390 1728 ii.
1416 1709 1446 1737 p.
1461 1701 1513 1729 64.

784 1755 806 1770 ‘⁴
822 1753 878 1790 At,
904 1751 959 1792 qui
979 1751 1093 1790 poterit
1113 1750 1246 1780 ten-itari
1262 1749 1438 1779 formidinis
1457 1749 1514 1779 ali-

783 1805 806 1821 “
822 1802 911 1842 cujus
938 1803 1077 1839 horrore,
1115 1801 1166 1830 cui
1194 1800 1291 1830 fuerit
1318 1810 1514 1839 persuasum,

783 1857 805 1872 “
819 1860 886 1883 tam
910 1864 943 1884 se
965 1864 1029 1883 esse
1052 1852 1274 1889 immortalem,
1298 1862 1392 1892 quam
1408 1851 1512 1891 ipsum

781 1908 803 1923 “
820 1906 928 1935 Deum
944 1904 1126 1946 primum?’'
1151 1904 1202 1934 Sic
1218 1903 1416 1933 scribendum
1432 1914 1511 1940 reor,

781 1967 837 1995 pro
853 1959 906 1988 Et.

822 2009 897 2039 Ver.
914 2012 986 2040 777.
999 2009 1163 2050 ferarum:
1189 2018 1264 2048 quas
1282 2017 1319 2038 eo
1334 2018 1397 2047 prae
1411 2010 1508 2038 homi·

778 2060 867 2090 nibus
882 2066 985 2090 noster
999 2060 1123 2100 allegat,
1139 2065 1176 2089 ut
1190 2058 1340 2098 majorem
1355 2059 1508 2089 invidiam

778 2116 809 2140 et
819 2117 1035 2150 contemptum
1047 2110 1243 2151 argumentis
1257 2110 1506 2141 adversariorum

777 2161 885 2200 pariat.
930 2163 973 2192 Et
988 2168 1070 2192 certe
1091 2172 1124 2192 se
1146 2172 1211 2191 non
1233 2161 1342 2192 inscite
1357 2161 1506 2193 festivum

777 2213 925 2251 praestitit.

819 2265 893 2295 Ver.
911 2268 982 2296 778.
1005 2267 1229 2296 deridiculum:
1255 2265 1296 2295 V.
1321 2264 1368 2295 ed.
1392 2265 1438 2295 Ὀ.
1469 2271 1504 2296 Δ.

778 2322 818 2346 Π.
835 2322 870 2347 Σ.
891 2319 1104 2348 ᾱὶνίιίἱετιίιιπι.

818 2367 892 2398 Ver.
917 2371 988 2399 779.
1022 2370 1222 2408 Exspectare.-
1260 2367 1304 2397 sic
1330 2367 1444 2407 legitur
1468 2367 1503 2397 in

775 2417 873 2448 Vind.
889 2418 930 2448 V.
946 2418 993 2448 ed.
1011 2419 1060 2449 M.
1081 2419 1120 2449 O.
1138 2426 1180 2450 Π.
1196 2424 1230 2450 Σ.
1246 2425 1290 2449 Ω..
1305 2425 1336 2448 ct
1351 2418 1394 2447 ita
1409 2428 1501 2457 spou-

774 2474 804 2498 te
819 2469 1028 2509 conjeceram:
1056 2480 1130 2500 nam
1146 2469 1234 2510 quasi
1249 2469 1288 2499 de
1310 2479 1390 2498 novo
1405 2479 1499 2508 argu-

772 2526 917 2550 mentum
939 2521 1085 2559 exordiri,
1110 2520 1262 2561 majorem
1277 2520 1370 2549 habet
1396 2519 1498 2549 effica-

772 2572 862 2609 ciam,
875 2579 908 2603 et
922 2573 1056 2612 speciem
1067 2574 1208 2604 acerbius
1222 2571 1410 2601 insultantis.
1434 2571 1499 2602 Rc-

771 2623 857 2664 liqua
871 2623 1070 2662 exemplaria,
1098 2624 1141 2653 Et
1164 2624 1496 2662 spectare.-inmorta-

769 2676 840 2706 leis:
868 2681 908 2705 Π.
924 2676 1070 2705 mortalis.

811 2727 886 2757 Ver.
903 2729 974 2757 780.
990 2731 1275 2766 praeproperanter:
1303 2725 1396 2756 Viud.
1409 2737 1493 2765 γνω-

762 2783 984 2817 properantur;
1010 2777 1047 2807 P.
1069 2787 1120 2808 eas
1140 2782 1356 2817 properantem
1382 2777 1422 2807 V.
1445 2777 1495 2808 ed.

761 2835 977 2870 properantur.

810 2889 885 2919 Ver.
902 2892 973 2920 782.
985 2888 1106 2929 soedera
1118 2895 1223 2929 pacta.
1246 2888 1409 2930 Virgilius,
1424 2899 1497 2930 geo.

768 2940 807 2970 iv.
827 2943 896 2972 158.

713 3000 766 3030 12
