1912 3292
500 267 735 318 LIBER
783 267 1171 325 QUARTUS.

1435 276 1527 317 389

193 402 304 444 Nam
322 401 476 443 faciunt
495 400 684 440 homines
704 400 959 454 plerumque,
982 399 1173 453 cupidine
1188 401 1326 450 caecei,

193 476 250 517 Et
269 476 469 523 tribuunt,
491 488 540 512 ea
559 487 652 526 quae
672 486 758 511 non
778 480 873 511 sunt
892 471 970 510 hiis
991 473 1198 513 conmoda
1216 488 1321 514 vere.

194 546 454 590 Multimodis
473 544 599 601 igitur
617 558 778 598 pravas,
800 542 1049 598 turpeisque,
1072 544 1254 586 videmus

193 622 293 662 Esse
311 621 354 660 in
375 618 545 667 deliciis;
578 631 819 672 summoque
837 617 881 656 in
900 615 1059 657 honore
1079 617 1229 673 vigere.

56 700 74 734 1·
88 701 164 737 150
195 696 334 749 Atque
352 692 451 734 alios
471 692 561 733 aliei
581 691 776 742 inrident,
800 691 1087 747 Veneremque
1107 691 1279 732 suadent

196 767 259 809 Ut
277 766 454 822 placent,
477 767 673 822 quoniam
692 765 787 806 fedo
807 766 1069 807 adflictentur
1091 780 1234 808 amore
1241 783 1254 815 3

199 840 290 882 Nec
309 856 382 882 sua
402 840 626 896 respiciunt
645 840 805 881 miserei
826 840 933 882 mala
952 854 1148 881 maxuma
1167 854 1287 894 saepe.

50 997 221 1038 displicuit:
247 996 317 1027 vide
332 1007 393 1027 ver.
409 1000 501 1028 1022.
536 997 692 1038 Denique,
708 1007 774 1028 ver-

51 1051 129 1080 bum
139 1055 261 1089 perpete
276 1058 340 1078 non
358 1047 432 1078 alibi
447 1048 587 1078 invenire
608 1049 776 1089 quivimus.

98 1098 171 1129 Ver.
204 1102 294 1129 1146.
330 1098 476 1129 Editores
502 1098 647 1130 infercire
679 1099 779 1130 solent

52 1161 225 1190 pronomen
240 1153 294 1181 lzoc
309 1150 390 1180 inter
406 1152 491 1181 Nam
508 1158 538 1181 et
546 1153 696 1192 faciunt:
721 1162 778 1181 au-

53 1202 168 1238 dacius,
193 1213 233 1232 an
254 1202 408 1241 inscitius,
432 1209 556 1243 egomet
577 1203 662 1234 haud
677 1203 780 1233 dicam

53 1259 179 1283 temere.
241 1252 330 1283 Ordo
366 1259 422 1283 est:
465 1257 488 1272 “
505 1254 591 1284 Nam
626 1254 780 1292 homines,

53 1307 77 1322 “
93 1304 167 1334 caeci
196 1303 354 1343 cupidine,
388 1304 509 1335 faciunt
537 1315 575 1335 ea
604 1304 781 1343 commoda,

54 1358 77 1373 “
96 1355 130 1396 (i.
146 1365 174 1385 e.
198 1355 393 1397 confingunt)
411 1360 443 1385 et
457 1355 611 1394 tribuunt,
633 1366 703 1398 quae
718 1366 782 1386 non

56 1409 79 1424 “
95 1415 166 1435 vere
180 1405 365 1435 mulieribus
381 1406 611 1447 contigerunt.”

113 1456 195 1485 Ibid.
230 1458 376 1495 cupidine
413 1459 497 1488 caecz'.
559 1457 613 1488 Ad
648 1457 785 1488 eundem

55 1506 187 1537 modum
200 1507 352 1537 Lucanus
367 1507 472 1544 etiam,
487 1508 508 1538 i.
523 1510 575 1539 87.

85 1592 123 1616 0!
143 1591 214 1617 male
225 1593 381 1623 concordes,
394 1592 533 1624 nimiaque
541 1593 659 1626 cupidine
668 1593 736 1618 caeci.

99 1671 172 1701 Ver.
189 1674 281 1702 1147.
303 1673 383 1702 hiis:
409 1671 445 1701 P.
459 1673 652 1703 sibi.—-vere.·
680 1677 715 1703 A.
737 1674 782 1704 vi-

55 1729 112 1758 na’5
136 1728 167 1752 et
181 1722 264 1752 idem
280 1722 376 1752 codex
392 1732 478 1760 mox,
491 1733 612 1762 pravos.

101 1774 182 1804 Ibid.
203 1776 369 1804 conmoda:
403 1774 425 1803 i.
452 1784 478 1804 e.
512 1774 669 1814 elegantes
697 1773 784 1804 dotes

55 1825 157 1855 amori
193 1824 388 1855 conciliando
423 1823 559 1855 idoneas.
604 1825 783 1863 Terentius,

58 1876 177 1906 Ileaut.
192 1875 238 1906 iii.
254 1879 282 1906 2.
301 1879 348 1906 10.

409 1948 503 1973 Mulier
512 1948 642 1979 cmmoda,
653 1952 681 1974 et

119 1992 219 2020 Facem,
229 1990 290 2015 haec
302 1989 444 2015 meretrix.

102 2066 175 2099 Ver.
194 2072 284 2100 1148.
302 2080 434 2109 pravas:
459 2068 479 2098 i.
494 2079 520 2098 e.
543 2069 656 2109 quibus
677 2068 711 2098 in
727 2067 785 2098 ali-

58 2118 120 2160 qua
142 2126 227 2159 parte
249 2120 385 2158 corporis
408 2126 455 2149 est
476 2119 618 2149 distortio
640 2119 784 2159 quaedam

59 2177 91 2200 et
104 2169 280 2209 depravitas
291 2171 520 2200 membrorum:
540 2172 656 2210 turpez's
672 2176 786 2206 autem,

60 2221 173 2262 quibus
187 2221 291 2252 vultus
304 2221 396 2251 fedus
418 2227 463 2252 est
485 2227 578 2262 atque
595 2221 786 2252 inhonestus.

60 2272 183 2303 Videas
204 2283 255 2303 me
276 2272 427 2312 superiuS‚
451 2272 490 2302 ad
504 2283 564 2303 ver.
580 2276 652 2303 516.
684 2273 788 2303 Vetus

60 2324 262 2364 glossarium:
282 2328 304 2343 “
317 2327 448 2360 Pravus,
459 2324 653 2366 διαστροφος.”
679 2325 782 2355 Idem:

62 2379 85 2394 “
107 2378 234 2415 Turpis,
251 2375 399 2410 30321Bn;.'’
433 2376 588 2415 Exempla
602 2376 717 2415 passim
732 2378 786 2406 ob-

60 2435 232 2467 versantur,
255 2428 304 2458 vel
325 2428 359 2458 in
381 2428 558 2459 auctoribus
586 2439 646 2459 usu
674 2428 788 2468 puerili

63 2478 151 2509 tritis.

105 2538 181 2568 Ver.
199 2541 291 2570 1149.
325 2540 460 2570 deliciis.-
495 2538 540 2569 ita
565 2545 609 2570 Ω.
635 2544 666 2569 et
690 2538 788 2570 Vind.

62 2589 116 2620 sed
131 2589 329 2630 diligentiam
350 2590 506 2621 collatoris
527 2590 578 2620 vix
593 2590 715 2620 dubites
736 2600 787 2621 co-

62 2651 208 2681 arguere:
233 2641 271 2671 P.
289 2647 323 2671 Δ.
340 2646 374 2672 Σ.
390 2643 521 2677 delitiis,·
538 2648 578 2672 n.
595 2643 665 2672 inde
680 2643 786 2677 dictis,-

63 2692 177 2733 reliqui
198 2692 345 2729 universi,
372 2696 405 2724 in
429 2695 557 2724 delicti&
601 2693 790 2734 Legendum

64 2748 155 2782 puto:

94 2824 153 2849 Esse
162 2824 191 2848 in
202 2823 308 2854 dilectis,
324 2831 486 2855 summoque
495 2824 522 2849 in
533 2825 636 2850 honore
647 2824 748 2857 vigere.

64 2894 151 2925 Nam
164 2896 214 2926 his
227 2896 327 2937 major
341 2897 471 2927 varietas
485 2897 566 2927 inest
579 2906 674 2936 quam
689 2897 723 2926 in
738 2898 790 2927 de-

63 2947 157 2985 liciis,
183 2952 214 2977 et
236 2944 270 2978 ἰη
292 2950 401 2980 honore
406 2965 417 2986 ;
446 2948 536 2990 cujus
557 2957 653 2979 nemo
673 2947 790 2978 studio-

819 998 881 1028 sior
894 997 928 1028 in
943 997 1089 1028 omnibus
1104 997 1258 1028 Lucretio.
1299 997 1414 1028 Lector
1428 1005 1544 1036 autem,

820 1049 896 1090 quid
922 1049 1004 1086 velit,
1037 1049 1148 1090 eligat:
1185 1059 1243 1080 nos
1270 1049 1350 1079 nihil
1378 1050 1544 1091 refragabi-

821 1109 902 1129 mur.

866 1151 940 1181 Ver.
958 1154 1048 1182 1150.
1065 1152 1156 1181 aliez':
1181 1150 1220 1180 Ο.
1236 1152 1324 1186 ale‘is;
1351 1155 1387 1181 Δ.
1402 1153 1466 1186 mi,-
1492 1161 1548 1191 pei·

823 1202 1057 1233 usitatissimam
1086 1202 1374 1234 commutationem.
1435 1203 1484 1233 Sic
1513 1203 1547 1232 in

828 1255 972 1293 Corippo‚
992 1254 1034 1284 iii.
1050 1257 1102 1284 48.

854 1327 988 1352 Attonitae
999 1329 1099 1351 matres
1110 1326 1231 1352 resolutis
1242 1326 1356 1351 crinibus
1366 1326 1456 1351 ibant:

856 1370 927 1394 Ante
937 1369 1007 1393 fores
1018 1368 1086 1399 aliae,
1097 1369 1176 1394 tectis
1187 1368 1341 1392 sublimibus
1352 1368 1417 1398 inae,

856 1407 1003 1439 implentes
1013 1407 1078 1432 altas
1089 1408 1168 1432 turba
1178 1408 1295 1440 stipante
1305 1407 1450 1433 fenestras:

826 1471 1059 1502 rescribendum
1075 1471 1156 1510 dico,
1173 1473 1246 1508 illae,
1262 1471 1327 1501 vice
1342 1474 1423 1502 aliae.

869 1522 950 1553 Ibid.
973 1525 1049 1554 alios
1063 1525 1139 1554 aliei
1161 1525 1308 1554 inrident.
1355 1523 1437 1553 Vide
1451 1524 1552 1554 horni-

825 1583 905 1603 num
920 1574 1109 1605 vecordiam!
1136 1574 1189 1614 qui
1205 1573 1340 1604 invicem
1360 1584 1393 1604 se
1414 1574 1553 1611 irrident,

825 1625 904 1655 alter
918 1625 1066 1661 alterum,
1089 1625 1226 1656 dicentes
1240 1635 1345 1655 amare
1359 1626 1553 1665 turpiculum

826 1675 1010 1712 scortillum,
1039 1676 1216 1715 illepidum,
1254 1682 1347 1716 atque
1375 1677 1552 1714 inficetum;

828 1736 901 1756 cum
924 1726 983 1765 ipsi
1004 1726 1196 1756 habitudinis
1217 1727 1377 1756 deterioris
1399 1733 1429 1757 et
1451 1728 1553 1758 defor-

827 1777 934 1806 mioris
948 1776 1087 1815 puellam
1101 1777 1205 1808 colant
1219 1783 1250 1807 et
1264 1777 1534 1809 adorent—Pius.

871 1827 952 1858 Ibid.
975 1830 1112 1858 suadent.
1158 1827 1314 1864 Sedulius,
1333 1838 1428 1859 carm.
1445 1829 1465 1859 i.
1482 1832 1553 1860 274.

845 1911 889 1935 Est
901 1910 960 1935 leve
973 1911 1047 1942 cujus
1058 1917 1134 1940 onus,
1151 1911 1225 1942 cujus
1238 1911 1302 1943 juga
1312 1910 1382 1936 ferre
1392 1911 1477 1935 suave
1488 1914 1536 1935 est.-

829 1986 921 2022 atque
938 1981 977 2012 V.
993 1981 1039 2012 H.
1062 1983 1263 2021 Fortunatus,
1281 1981 1321 2012 ad
1336 1982 1374 2012 vi.
1393 1985 1420 2013 7.
1439 1985 1489 2012 14.
1512 1981 1552 2011 si-

828 2033 959 2064 militer:

846 2115 924 2148 Regis
935 2116 1048 2146 honore,
1059 2116 1134 2141 novis
1144 2117 1280 2148 duplicata
1291 2120 1330 2141 est
1341 2117 1426 2148 gratia
1437 2116 1538 2147 pomis:

877 2157 955 2186 Nare,
970 2156 1064 2181 siiavis
1075 2158 1157 2187 odor3
1174 2156 1258 2182 dulcis
1268 2157 1299 2181 ab
1311 2164 1350 2181 ore
1360 2163 1446 2189 sapor.

832 2227 885 2258 Sic
900 2228 1131 2268 castigandum:
1158 2228 1240 2267 libri,
1256 2240 1368 2260 amore.

872 2278 947 2309 Ver.
967 2282 1059 2310 1151.
1079 2281 1220 2319 placent:
1255 2280 1294 2310 P.
1311 2280 1352 2310 V.
1375 2279 1421 2309 ed.
1446 2280 1483 2309 B.
1508 2279 1555 2309 M.

830 2339 849 2359 a
865 2329 1001 2359 secunda
1022 2338 1131 2368 manu,
1157 2331 1196 2361 O.
1215 2335 1250 2361 Δ.
1269 2336 1304 2361 Σ.
1321 2332 1465 2370 placeant
1472 2344 1484 2365 ‚·
1512 2336 1556 2360 Π.

824 2383 1143 2422 placete-quoniam:
1178 2388 1212 2412 A.
1241 2393 1309 2413 cum
1342 2383 1409 2421 ipsi.
1455 2381 1559 2411 Nimi-

830 2442 911 2467 rum,
926 2438 1032 2471 postea
1046 2443 1141 2473 quam
1157 2447 1190 2464 eo
1204 2444 1292 2473 quom
1308 2432 1470 2471 expulerat
1483 2443 1557 2472 quo-

831 2485 930 2522 niam,
953 2489 989 2513 ut
1010 2483 1084 2514 alibi
1101 2493 1330 2523 saepenumero3
1354 2489 1506 2513 corrector
1520 2482 1560 2513 de

833 2544 890 2564 suo
904 2544 1077 2573 pronomen
1092 2535 1224 2571 intrusit,
1236 2540 1273 2564 ut
1286 2540 1387 2564 metro
1402 2533 1559 2564 corruenti

833 2586 949 2617 tibicen
964 2587 1148 2617 commodus
1168 2586 1558 2627 subveniret—adflicten-

834 2644 902 2669 tur:
928 2639 972 2668 ita
987 2639 1084 2669 Vind.
1102 2639 1141 2669 O.
1158 2644 1193 2669 A.
1211 2645 1257 2669 Ω..
1281 2648 1356 2668 curn
1370 2637 1507 2668 ,Iuntina
1530 2643 1561 2670 et

836 2688 954 2719 Aldina
968 2689 1150 2728 posteriore:
1179 2696 1219 2720 Π.
1242 2688 1438 2730 affectentur;
1467 2688 1504 2718 P.
1520 2688 1559 2719 V.

833 2740 880 2770 ed.
903 2741 1105 2781 afflictantur.
1150 2740 1201 2770 De
1224 2739 1414 2771 membranis
1439 2739 1563 2769 Haver-

834 2790 935 2829 campi
953 2790 1032 2822 nihil
1054 2790 1143 2821 elicio
1165 2790 1317 2831 explorati
1343 2790 1418 2821 satis
1431 2791 1490 2821 hac
1512 2800 1563 2821 oc-

834 2841 966 2872 casione.

879 2894 960 2925 Ibid.
991 2897 1031 2926 Ut
1045 2897 1187 2935 placem.-
1213 2901 1306 2937 atque
1327 2896 1408 2927 adeo
1428 2895 1561 2926 inimici-

835 2946 913 2978 tiam
928 2946 1007 2978 Deae
1023 2946 1196 2987 devincant,
1216 2958 1286 2989 quae
1299 2947 1339 2979 ad
1356 2957 1499 2979 amorem
1515 2956 1563 2976 so-
