1912 3292
331 202 425 244 264

821 187 882 236 T.
941 179 1323 234 LUCRETII

475 323 603 373 Quod
621 328 766 364 contra
782 319 914 362 faeere
934 320 978 360 in
997 315 1174 359 tenebris
1194 329 1217 354 e
1234 312 1324 353 luce
1346 307 1583 364 nequimus;

367 404 449 440 350
481 398 720 452 Propterea,
751 394 848 451 quia
865 392 1068 449 posterior
1087 387 1272 445 caliginis
1291 386 1362 425 a'e'r

480 471 666 513 Crassior
683 468 924 524 insequitm·,
945 466 1015 522 qui
1035 471 1184 506 cuncta
1203 458 1406 501 foramina
1425 453 1605 510 conplet,

484 550 729 605 Obsiditque
746 548 831 588 vias
850 545 1077 592 oculorum,
1097 555 1151 584 ne
1177 536 1392 579 simulacra

486 625 649 666 Possint
669 623 843 663 ullarum
863 631 1016 666 rerum,
1039 620 1241 659 contecta,
1263 607 1431 649 moveri.

541 696 858 748 Quadratasque
876 690 1021 746 procul
1039 686 1186 729 turreis
1205 697 1331 739 quom
1351 679 1554 721 cernimus
1574 675 1703 724 urbis,

372 776 453 814 355
485 771 710 824 Propterea
729 767 791 817 fit,
814 766 898 807 utei
917 764 1134 806 videantur
1153 772 1262 814 saepe
1282 753 1488 802 rotundae,

345 917 489 954 exaratis,
506 916 567 957 qua
581 914 799 946 vetustioribus
813 913 977 952 impressis,
992 914 1070 942 ada-

340 978 430 1013 perta
446 980 511 1001 non
525 969 690 999 invenitur.
730 967 770 998 In
785 967 852 1007 ejus
866 966 971 997 locum
986 975 1070 1005 quae-

346 1027 419 1055 dam
434 1027 504 1062 post
516 1033 617 1052 rerum
635 1030 691 1060 pro
707 1019 924 1059 supplemento
946 1017 1073 1056 ponitur

346 1076 380 1107 in
396 1075 433 1106 P.
449 1080 543 1114 atque
557 1073 671 1112 pariter
685 1071 719 1101 iu
741 1072 778 1102 B.
814 1070 884 1106 Sed,
907 1079 1003 1110 quam
1018 1067 1072 1098 ad·

348 1126 502 1161 misimus,
518 1134 578 1154 vox
593 1122 735 1162 apprime
750 1121 887 1160 speciosa
900 1125 958 1157 est,
973 1128 1075 1159 neque

348 1177 510 1218 vulgarem
531 1174 730 1205 librariorum
751 1177 879 1213 gustum
903 1170 996 1210 sapit;
1019 1179 1076 1209 pro

347 1234 470 1264 retecta,
485 1225 694 1256 manifestata.
733 1224 837 1259 Maro,
855 1222 932 1252 AEn.
948 1221 987 1251 vi.
1004 1224 1075 1251 406.

574 1290 655 1324 aperit
663 1296 781 1319 ramum,
792 1289 839 1320 qui
849 1292 923 1314 veste
934 1288 1047 1313 latebat.

351 1354 481 1390 Seneca,
496 1352 582 1392 epist.
598 1350 672 1381 lxiv.
687 1351 745 1380 sub
757 1348 813 1378 fin.
830 1351 852 1366 “
869 1347 902 1378 Si
913 1346 1075 1378 consulem

351 1407 374 1423 “
388 1403 505 1442 videro,
527 1406 582 1433 aut
596 1406 762 1442 praetorem
771 1409 906 1440 ;—equo
921 1397 1076 1435 desiliam,

351 1458 374 1474 “
389 1460 482 1495 caput
496 1455 688 1494 adaperiam,
705 1450 817 1482 semita
832 1449 972 1481 cedam.”
1009 1449 1077 1479 Sta-

351 1507 426 1545 tius,
441 1506 541 1537 Theb.
553 1505 572 1536 i.
587 1508 660 1536 596.

443 1566 512 1590 Mox
522 1564 644 1596 adaperta
655 1563 761 1588 fides—n

353 1615 405 1647 Sic
416 1613 610 1654 Anthologia
621 1613 735 1644 Latina
747 1612 856 1642 Burm.
869 1610 899 1640 ii.
909 1613 958 1640 88.
970 1613 998 1639 6.
1018 1608 1078 1638 Sed

351 1667 512 1707 integrum
526 1665 704 1705 po'timation
719 1672 886 1703 apponam,
911 1667 946 1690 ut
970 1670 1078 1690 emen-

353 1719 456 1753 datius
469 1718 619 1748 scribatur
623 1729 634 1754 ;
657 1725 733 1746 nam
757 1713 926 1754 singularis
948 1718 994 1742 est
1016 1710 1078 1741 ele·

354 1769 482 1810 gantiae,
507 1773 540 1799 et
565 1766 749 1799 Atticissimi
775 1765 900 1804 leporis,
923 1769 1015 1803 atque
1030 1762 1078 1791 vel

353 1820 411 1852 aevi
425 1819 584 1860 purissimi
599 1817 727 1860 ingenio
741 1826 806 1847 non
821 1815 1002 1856 indignum:

384 1895 454 1918 Mars
465 1893 556 1925 pater!
574 1896 613 1923 et,
624 1894 724 1916 nostrae
736 1889 823 1922 gentis
833 1888 929 1918 tutela,
941 1886 1065 1919 Quirine!

417 1935 451 1958 Et
461 1939 562 1964 magno
570 1932 656 1964 positi,
667 1932 758 1956 Caesar
769 1933 893 1960 uterque,
904 1929 966 1960 polo
977 1928 982 1952 !

386 1973 501 1998 Cemitis
511 1973 618 2003 ignotos
628 1970 705 1996 Latia
716 1971 764 1995 sub
775 1970 835 2001 lege
845 1969 1002 1997 Britannos;

419 2011 461 2036 sol
471 2011 540 2036 citra
550 2014 672 2035 nostrum
684 2009 803 2034 flectitur
811 2007 970 2039 imperium:

388 2051 493 2076 Ultima
502 2053 637 2076 cesserunt
647 2048 768 2081 adaperto
778 2048 893 2072 claustra
903 2046 1054 2078 profundo;

418 2093 468 2115 Nec
479 2090 536 2122 jam
548 2088 653 2113 Romani
663 2087 797 2120 cingimur
807 2088 925 2111 Oceano.

357 2153 400 2184 In
415 2152 552 2184 secundo
562 2162 664 2189 versu,
676 2150 748 2181 libri
759 2149 835 2180 dant
844 2151 978 2189 positus:
997 2147 1081 2189 quod

357 2204 432 2235 ferri
447 2209 554 2243 potest,
571 2207 602 2232 et
616 2212 689 2232 cum
706 2201 858 2231 renitente
873 2210 937 2230 non
952 2206 1080 2230 conten-

358 2254 474 2292 derim;
496 2253 550 2284 sed
565 2258 670 2283 nostra
683 2252 774 2282 lectio
789 2251 882 2292 longe
897 2251 1016 2282 facilior
1025 2256 1081 2286 est,

358 2312 390 2336 et
419 2305 603 2336 inaffectatae
629 2303 818 2343 simplicitati
844 2302 993 2333 carminis
1021 2302 1081 2331 im-

358 2367 452 2387 mane
479 2362 633 2398 quantum
661 2354 904 2385 convenientior.
964 2353 1084 2384 Versus

358 2409 491 2440 ultimus
505 2409 549 2438 ita
562 2407 640 2438 solet
653 2406 808 2447 evulgari:

453 2469 485 2492 Et
492 2468 549 2499 jam
560 2469 670 2491 Romano
681 2465 816 2497 cingimur
827 2465 948 2489 Oceano:

359 2522 467 2548 contra
503 2516 703 2547 manifestam
739 2514 894 2554 scriptoris
933 2518 1083 2549 mentem,

359 2579 454 2609 quam
475 2568 604 2599 clarabit
624 2567 773 2598 ultimum
797 2565 996 2605 praecedentis
1018 2564 1083 2604 epi-

359 2620 541 2660 grammatis
554 2619 666 2650 eodem
681 2623 866 2660 argumento
881 2618 1048 2648 distichon:

390 2693 427 2717 At
437 2699 509 2718 nunc
519 2694 641 2718 Oceanus
651 2692 773 2725 geminos
785 2691 905 2717 interluit
915 2691 1005 2721 orbes;

420 2733 479 2756 Pars
490 2736 529 2758 est
540 2732 655 2764 imperii,
664 2732 796 2757 terminus
807 2735 870 2756 ante
881 2730 944 2755 fuit.

358 2793 446 2835 Ergo
462 2793 514 2824 ille
529 2805 674 2834 oceanus,
697 2795 751 2836 qui
770 2795 949 2825 Romanam
971 2797 1080 2833 poten-

359 2844 437 2874 tiam
466 2844 589 2876 dudum
618 2846 774 2888 cingebat,
798 2855 884 2876 nunc
907 2845 989 2875 intra
1011 2853 1083 2874 eam

358 2896 548 2935 continetur3
571 2907 671 2938 quum
704 2908 789 2928 mare
813 2896 997 2938 transgressi
1019 2895 1083 2926 sint

1080 2957 1102 2983 5

1116 907 1264 942 Romani,
1280 911 1311 936 et
1324 902 1493 936 devicerint
1507 895 1716 931 Britanniam.
1759 893 1782 925 J
1783 902 1836 923 am
1877 916 1883 939 ι’,

1114 968 1196 994 v‚ero
1225 967 1325 998 quum
1353 955 1450 985 literae
1471 947 1663 990 majusculae,
1685 955 1705 976 a
1726 943 1839 985 quibus

1116 1019 1220 1041 versus
1234 1007 1400 1046 incipiunt,
1409 1001 1576 1042 saepissime
1591 998 1710 1029 soleant
1723 993 1839 1031 omitti,

1117 1063 1175 1092 hoc
1190 1059 1308 1091 voculae
1325 1059 1392 1089 Nec
1407 1052 1504 1086 semel
1517 1051 1611 1088 facto,
1636 1053 1786 1079 restantes
1800 1045 1839 1075 li·
1868 1047 1882 1092 Ἰ

1117 1119 1203 1150 terae,
1231 1117 1298 1142 tam
1317 1111 1357 1140 ob
1379 1104 1620 1138 similitudinem
1639 1100 1801 1131 literarum
1822 1107 1841 1128 c
1867 1088 1882 1142 ..s

1118 1171 1149 1195 et
1163 1171 1186 1202 ι,
1198 1172 1295 1204 quam
1305 1162 1344 1191 ob
1356 1157 1570 1190 necessitatem
1580 1153 1683 1193 probae
1694 1147 1840 1180 dictionis
1874 1183 1877 1188 ι

1119 1214 1298 1250 efficiendae,
1327 1211 1432 1242 statim
1454 1209 1486 1239 iu
1515 1213 1543 1239 et
1568 1205 1730 1245 migraret.
1755 1209 1843 1231 meas

1119 1265 1336 1298 annotationes
1350 1261 1442 1293 vide
1434 1271 1468 1291 in
1484 1256 1625 1297 AEschyli
1639 1251 1844 1288 Eumenidas,
1876 1264 1878 1266 v

1118 1328 1179 1349 ver.
1199 1320 1268 1348 157.

1162 1369 1238 1400 Ver.
1253 1371 1325 1398 548.
1347 1375 1405 1406 que
1419 1363 1506 1395 deest
1527 1365 1562 1392 Δ.
1580 1366 1622 1391 Π.
1624 1359 1839 1390 —videamus.·

1119 1420 1159 1450 V.
1175 1419 1222 1450 ed.
1238 1420 1380 1449 videmus.
1382 1414 1493 1444 —Hic
1507 1417 1614 1443 autem
1625 1407 1721 1439 vind.
1737 1407 1779 1438 V.
1795 1405 1850 1436 ed.

1121 1470 1162 1501 O.
1173 1474 1206 1500 Δ.
1222 1476 1261 1499 Π.
1276 1473 1310 1499 Σ.
1325 1473 1369 1498 Ω.
1385 1466 1632 1496 inseruntaver.
1645 1463 1717 1492 299.
1729 1458 1770 1489 ad
1784 1466 1846 1487 ver.

1120 1524 1193 1553 325.
1210 1527 1240 1551 et
1250 1521 1285 1551 P.
1301 1530 1319 1549 a
1330 1528 1390 1549 ver.
1405 1520 1476 1548 505.
1492 1514 1534 1546 ad
1548 1511 1685 1544 eundem
1697 1519 1757 1540 ver.
1768 1511 1843 1540 325.

1163 1573 1239 1603 Ver.
1249 1575 1321 1602 549.
1334 1570 1460 1610 fucere.-
1480 1566 1528 1597 M.
1537 1565 1730 1605 jacere.—e:
1747 1559 1846 1592 Vind-

1121 1625 1163 1654 V.
1178 1623 1225 1653 ed.
1242 1629 1283 1653 Π.
1300 1626 1335 1652 Σ.
1351 1622 1401 1650 in:
1426 1623 1458 1649 et
1483 1618 1520 1648 P.
1547 1617 1584 1647 B.
1606 1624 1699 1645 sensu
1721 1621 1848 1652 prorsus

1122 1676 1220 1708 menti
1235 1675 1334 1714 po'etae
1358 1671 1522 1706 contrario,
1544 1679 1560 1700 e
1575 1669 1703 1700 tenebris
1718 1667 1751 1696 in
1765 1666 1845 1695 luce.

1124 1729 1175 1759 De
1190 1737 1247 1758 suo
1259 1731 1381 1766 ponunt
1390 1723 1533 1761 editores,
1545 1732 1564 1752 a
1575 1722 1660 1756 luce,·
1675 1716 1763 1748 libris
1772 1715 1846 1746 nul-

1121 1780 1159 1809 lis
1174 1777 1398 1809 addicentibus.

1164 1831 1241 1861 Ver.
1266 1832 1338 1860 550.
1363 1830 1526 1867 Propterea
1551 1824 1635 1866 quia.
1682 1819 1850 1852 Lucretius
1875 1855 1878 1861 .

1122 1886 1202 1915 hanc
1214 1881 1382 1912 formulam
1390 1877 1613 1920 frequentavit:
1632 1883 1733 1916 neque
1741 1871 1850 1903 minus

1124 1935 1266 1965 Plautus
1313 1931 1364 1961 Sic
1382 1930 1471 1960 Asin.
1488 1929 1520 1959 ii.
1535 1931 1565 1959 5.
1581 1932 1610 1959 6.

1218 1993 1361 2022 Propterea,
1371 1988 1425 2012 huc
1435 1986 1496 2019 quia
1507 1985 1622 2011 habebas
1630 1984 1722 2008 iter—.

1125 2041 1230 2078 Idem,
1247 2040 1280 2069 in
1298 2039 1385 2078 Capt.
1401 2037 1420 2068 i.
1438 2040 1466 2066 ⁶2.
1482 2038 1532 2066 71.

1439 2102 1500 2136 quia
1510 2101 1580 2127 mihi
1588 2103 1627 2126 αἴ
1635 2098 1729 2124 natalis
1741 2098 1807 2127 dies,

1156 2149 1289 2178 Propterea
1300 2149 1328 2170 te
1339 2144 1430 2169 vocari
1439 2143 1473 2168 ad
1483 2148 1593 2168 coenam
1604 2139 1677 2165 volo.

1127 2211 1280 2247 Rursum,
1295 2208 1438 2248 denique,
1456 2207 1550 2237 Most.
1567 2215 1594 2235 v.
1611 2208 1639 2235 2.
1655 2206 1708 2233 54.
1735 2216 1740 2221 ·

1219 2271 1364 2301 Propterea,
1374 2272 1437 2298 quae
1448 2264 1525 2295 fecit,
1534 2264 1595 2297 quia
1607 2267 1636 2288 te
1647 2261 1713 2287 scire
1723 2260 1784 2286 scit.

1128 2328 1208 2359 Mox
1225 2333 1266 2358 Π.
1281 2328 1382 2366 replet,
1399 2334 1454 2364 pro
1468 2324 1593 2363 conplet.

1170 2380 1243 2409 Ver.
1258 2381 1331 2409 552.
1349 2378 1523 2415 Obsidieque
1537 2376 1617 2406 vias:
1636 2371 1731 2402 Vind.
1749 2370 1789 2401 V.
1804 2370 1853 2401 ed.

1128 2431 1165 2461 B.
1188 2430 1225 2460 L.
1250 2430 1299 2459 M.
1329 2434 1363 2459 Δ.
1398 2428 1513 2459 Obsidit
1541 2427 1630 2466 quim
1662 2422 1795 2458 defectu,
1825 2421 1863 2451 siv

1126 2481 1285 2520 seripturae
1300 2478 1447 2510 brevioris
1457 2477 1610 2508 rationem
1621 2475 1746 2512 habeas,
1757 2471 1852 2503 unius

1127 2531 1346 2563 tantummodo
1368 2529 1515 2566 literulae;
1539 2534 1580 2559 Π.
1615 2527 1734 2557 Obsedit
1757 2525 1850 2564 quia,-

1130 2585 1169 2616 Ο.
1197 2586 1372 2624 Obsedicque
1400 2585 1466 2614 vias
1471 2597 1481 2619 ,-
1506 2586 1541 2614 Σ.
1569 2581 1751 2618 Omniaque,
1778 2586 1851 2606 cum

1127 2645 1201 2666 voce
1215 2638 1311 2666 aciem
1327 2639 1397 2674 post
1411 2634 1565 2665 oculorum
1580 2627 1702 2661 inserta.

1171 2687 1246 2717 Ver.
1265 2690 1337 2718 555.
1362 2687 1503 2717 Possint.-
1531 2689 1571 2714 Π.
1598 2683 1853 2712 Possunt.—con-

1128 2744 1223 2769 tecta:
1249 2738 1292 2768 sic
1308 2737 1415 2768 omnia
1430 2734 1517 2767 omni
1531 2742 1646 2775 genere
1661 2730 1866 2773 exemplaria·

1128 2796 1237 2830 praeter
1253 2790 1289 2820 P.
1306 2790 1359 2830 qui
1370 2790 1462 2818 habet
1476 2787 1622 2827 conjecta,
1633 2795 1691 2815 nec
1702 2783 1741 2814 de
1753 2782 1851 2813 varie-

1126 2848 1188 2873 tate
1204 2842 1344 2872 lectionis
1358 2839 1552 2870 mentionem
1567 2837 1657 2875 facit3
1676 2835 1763 2867 unde
1773 2835 1854 2864 hauc

1125 2894 1320 2934 scripturam,
1327 2892 1494 2924 editoribus
1503 2889 1680 2922 avidissime
1688 2892 1853 2928 arreptam,
