<?xml version="1.0" encoding="UTF-8"?>
<!DOCTYPE html PUBLIC "-//W3C//DTD XHTML 1.0 Transitional//EN"
    "http://www.w3.org/TR/xhtml1/DTD/xhtml1-transitional.dtd">
<html xmlns="http://www.w3.org/1999/xhtml" xml:lang="en" lang="en">
 <head>
  <title>
</title>
<meta http-equiv="Content-Type" content="text/html;charset=utf-8" />
  <meta name='ocr-system' content='tesseract 3.04.00' />
  <meta name='ocr-capabilities' content='ocr_page ocr_carea ocr_par ocr_line ocrx_word'/>
</head>
<body>
  <div class='ocr_page' id='page_1' title='image "./tlucretiicarider02lucruoft_0450.png"; bbox 0 0 1912 3292; ppageno 0'>
   <div class='ocr_carea' id='block_1_1' title="bbox 307 232 399 273">
    <p class='ocr_par' dir='ltr' id='par_1_1' title="bbox 307 232 399 273">
     <span class='ocr_line' id='line_1_1' title="bbox 307 232 399 273; baseline -0.011 0"><span class='ocrx_word' id='word_1_1' title='bbox 307 232 399 273; x_wconf 80' lang='lat'><strong>368</strong></span> 
     </span>
    </p>
   </div>
   <div class='ocr_carea' id='block_1_2' title="bbox 812 220 1293 272">
    <p class='ocr_par' dir='ltr' id='par_1_2' title="bbox 812 220 1293 272">
     <span class='ocr_line' id='line_1_2' title="bbox 812 220 1293 272; baseline -0.006 -1"><span class='ocrx_word' id='word_1_2' title='bbox 812 223 873 271; x_wconf 91' lang='lat' dir='ltr'><strong>T.</strong></span> <span class='ocrx_word' id='word_1_3' title='bbox 914 220 1293 272; x_wconf 89' lang='lat' dir='ltr'>LUCRETII</span> 
     </span>
    </p>
   </div>
   <div class='ocr_carea' id='block_1_3' title="bbox 445 353 1657 412">
    <p class='ocr_par' dir='ltr' id='par_1_3' title="bbox 445 353 1657 412">
     <span class='ocr_line' id='line_1_3' title="bbox 445 353 1657 412; baseline -0.001 -14"><span class='ocrx_word' id='word_1_4' title='bbox 445 356 521 406; x_wconf 91' lang='lat' dir='ltr'><strong>Ut,</strong></span> <span class='ocrx_word' id='word_1_5' title='bbox 543 356 657 412; x_wconf 85' lang='lat' dir='ltr'>quasi</span> <span class='ocrx_word' id='word_1_6' title='bbox 678 356 890 398; x_wconf 82' lang='lat' dir='ltr'>transactis</span> <span class='ocrx_word' id='word_1_7' title='bbox 909 370 1020 411; x_wconf 85' lang='lat' dir='ltr'><strong>saepe</strong></span> <span class='ocrx_word' id='word_1_8' title='bbox 1038 354 1229 396; x_wconf 90' lang='lat' dir='ltr'><strong>omnibus</strong></span> <span class='ocrx_word' id='word_1_9' title='bbox 1250 353 1384 404; x_wconf 83' lang='lat' dir='ltr'><strong>rebuS,</strong></span> <span class='ocrx_word' id='word_1_10' title='bbox 1405 353 1657 408; x_wconf 83' lang='lat' dir='ltr'><strong>profundant</strong></span> 
     </span>
    </p>
   </div>
   <div class='ocr_carea' id='block_1_4' title="bbox 305 430 1546 488">
    <p class='ocr_par' dir='ltr' id='par_1_4' title="bbox 305 430 1546 488">
     <span class='ocr_line' id='line_1_4' title="bbox 305 430 1546 488; baseline -0.001 -18"><span class='ocrx_word' id='word_1_11' title='bbox 305 434 411 471; x_wconf 81' lang='lat'>1030</span> <span class='ocrx_word' id='word_1_12' title='bbox 443 430 642 472; x_wconf 88' lang='lat' dir='ltr'><strong>Fluminis</strong></span> <span class='ocrx_word' id='word_1_13' title='bbox 662 431 862 488; x_wconf 85' lang='lat' dir='ltr'><strong>ingenteis</strong></span> <span class='ocrx_word' id='word_1_14' title='bbox 881 431 1043 480; x_wconf 88' lang='lat' dir='ltr'><strong>fluctus,</strong></span> <span class='ocrx_word' id='word_1_15' title='bbox 1065 438 1299 484; x_wconf 84' lang='lat' dir='ltr'><strong>vestemque</strong></span> <span class='ocrx_word' id='word_1_16' title='bbox 1319 436 1546 470; x_wconf 87' lang='lat' dir='ltr'><strong>cruentent.</strong></span> 
     </span>
    </p>
   </div>
   <div class='ocr_carea' id='block_1_5' title="bbox 502 502 1485 559">
    <p class='ocr_par' dir='ltr' id='par_1_5' title="bbox 502 502 1485 559">
     <span class='ocr_line' id='line_1_5' title="bbox 502 502 1485 559; baseline -0.004 -13"><span class='ocrx_word' id='word_1_17' title='bbox 502 504 735 546; x_wconf 83' lang='lat' dir='ltr'><strong>Solicitatur</strong></span> <span class='ocrx_word' id='word_1_18' title='bbox 754 505 796 546; x_wconf 92' lang='lat' dir='ltr'><strong>id</strong></span> <span class='ocrx_word' id='word_1_19' title='bbox 817 505 859 545; x_wconf 91' lang='lat' dir='ltr'><strong>in</strong></span> <span class='ocrx_word' id='word_1_20' title='bbox 875 503 1008 554; x_wconf 91' lang='lat' dir='ltr'><strong>nobis,</strong></span> <span class='ocrx_word' id='word_1_21' title='bbox 1041 503 1152 559; x_wconf 93' lang='lat' dir='ltr'><strong>quod</strong></span> <span class='ocrx_word' id='word_1_22' title='bbox 1173 502 1355 543; x_wconf 77' lang='lat' dir='ltr'><strong>diximus</strong></span> <span class='ocrx_word' id='word_1_23' title='bbox 1374 511 1485 551; x_wconf 86' lang='lat' dir='ltr'><strong>ante,</strong></span> 
     </span>
    </p>
   </div>
   <div class='ocr_carea' id='block_1_6' title="bbox 445 576 1577 634">
    <p class='ocr_par' dir='ltr' id='par_1_6' title="bbox 445 576 1577 634">
     <span class='ocr_line' id='line_1_6' title="bbox 445 576 1577 634; baseline -0.004 -14"><span class='ocrx_word' id='word_1_24' title='bbox 445 579 593 621; x_wconf 84' lang='lat' dir='ltr'><strong>semen</strong></span> <span class='ocrx_word' id='word_1_25' title='bbox 600 597 612 628; x_wconf 84' lang='lat'><em>3</em></span> <span class='ocrx_word' id='word_1_26' title='bbox 645 578 783 620; x_wconf 83' lang='lat' dir='ltr'><strong>adulta</strong></span> <span class='ocrx_word' id='word_1_27' title='bbox 802 587 900 620; x_wconf 83' lang='lat' dir='ltr'><strong>aetas</strong></span> <span class='ocrx_word' id='word_1_28' title='bbox 920 593 1046 634; x_wconf 90' lang='lat' dir='ltr'><strong>quom</strong></span> <span class='ocrx_word' id='word_1_29' title='bbox 1066 578 1246 631; x_wconf 90' lang='lat' dir='ltr'><strong>primum</strong></span> <span class='ocrx_word' id='word_1_30' title='bbox 1267 576 1434 617; x_wconf 85' lang='lat' dir='ltr'>roborat</span> <span class='ocrx_word' id='word_1_31' title='bbox 1454 584 1577 617; x_wconf 82' lang='lat' dir='ltr'><strong>artus.</strong></span> 
     </span>
    </p>
   </div>
   <div class='ocr_carea' id='block_1_7' title="bbox 442 649 1561 707">
    <p class='ocr_par' dir='ltr' id='par_1_7' title="bbox 442 649 1561 707">
     <span class='ocr_line' id='line_1_7' title="bbox 442 649 1561 707; baseline -0.004 -12"><span class='ocrx_word' id='word_1_32' title='bbox 442 652 634 707; x_wconf 88' lang='lat' dir='ltr'>Namque</span> <span class='ocrx_word' id='word_1_33' title='bbox 653 652 749 692; x_wconf 86' lang='lat' dir='ltr'><strong>alias</strong></span> <span class='ocrx_word' id='word_1_34' title='bbox 769 651 879 692; x_wconf 88' lang='lat' dir='ltr'><strong>aliud</strong></span> <span class='ocrx_word' id='word_1_35' title='bbox 899 665 962 690; x_wconf 89' lang='lat' dir='ltr'><strong>res</strong></span> <span class='ocrx_word' id='word_1_36' title='bbox 983 658 1215 698; x_wconf 85' lang='lat' dir='ltr'><strong>conmovet‚</strong></span> <span class='ocrx_word' id='word_1_37' title='bbox 1247 657 1368 704; x_wconf 83' lang='lat' dir='ltr'><strong>atque</strong></span> <span class='ocrx_word' id='word_1_38' title='bbox 1387 649 1561 698; x_wconf 87' lang='lat' dir='ltr'><strong>lacessit;</strong></span> 
     </span>
    </p>
   </div>
   <div class='ocr_carea' id='block_1_8' title="bbox 442 722 1598 768">
    <p class='ocr_par' dir='ltr' id='par_1_8' title="bbox 442 722 1598 768">
     <span class='ocr_line' id='line_1_8' title="bbox 442 722 1598 768; baseline -0.003 -1"><span class='ocrx_word' id='word_1_39' title='bbox 442 727 510 768; x_wconf 89' lang='lat' dir='ltr'><strong>Ex</strong></span> <span class='ocrx_word' id='word_1_40' title='bbox 529 725 696 766; x_wconf 87' lang='lat' dir='ltr'><strong>homine</strong></span> <span class='ocrx_word' id='word_1_41' title='bbox 715 725 944 766; x_wconf 88' lang='lat' dir='ltr'><strong>humanum</strong></span> <span class='ocrx_word' id='word_1_42' title='bbox 964 738 1101 765; x_wconf 88' lang='lat' dir='ltr'><strong>semen</strong></span> <span class='ocrx_word' id='word_1_43' title='bbox 1123 724 1201 764; x_wconf 88' lang='lat' dir='ltr'><strong>ciet</strong></span> <span class='ocrx_word' id='word_1_44' title='bbox 1221 737 1307 764; x_wconf 86' lang='lat' dir='ltr'><strong>una</strong></span> <span class='ocrx_word' id='word_1_45' title='bbox 1327 722 1505 764; x_wconf 89' lang='lat' dir='ltr'><strong>hominis</strong></span> <span class='ocrx_word' id='word_1_46' title='bbox 1524 723 1598 764; x_wconf 83' lang='lat' dir='ltr'><strong>vis:</strong></span> 
     </span>
    </p>
   </div>
   <div class='ocr_carea' id='block_1_9' title="bbox 300 881 1028 1390">
    <p class='ocr_par' dir='ltr' id='par_1_9' title="bbox 300 881 1028 1171">
     <span class='ocr_line' id='line_1_9' title="bbox 303 881 1025 921; baseline -0.001 -8"><span class='ocrx_word' id='word_1_47' title='bbox 303 881 397 913; x_wconf 87' lang='lat' dir='ltr'><strong>minis</strong></span> <span class='ocrx_word' id='word_1_48' title='bbox 410 881 576 912; x_wconf 86' lang='lat' dir='ltr'><strong>Lucretius</strong></span> <span class='ocrx_word' id='word_1_49' title='bbox 596 883 748 913; x_wconf 85' lang='lat' dir='ltr'><strong>scribebat</strong></span> <span class='ocrx_word' id='word_1_50' title='bbox 769 883 892 921; x_wconf 70' lang='lat' dir='ltr'><strong>valenis,</strong></span> <span class='ocrx_word' id='word_1_51' title='bbox 915 892 1025 920; x_wconf 88' lang='lat' dir='ltr'><strong>necne,</strong></span> 
     </span>
     <span class='ocr_line' id='line_1_10' title="bbox 303 933 1028 974; baseline 0.003 -12"><span class='ocrx_word' id='word_1_52' title='bbox 303 943 413 972; x_wconf 83' lang='lat' dir='ltr'><strong>parum</strong></span> <span class='ocrx_word' id='word_1_53' title='bbox 450 933 558 974; x_wconf 88' lang='lat' dir='ltr'><strong>liquet.</strong></span> <span class='ocrx_word' id='word_1_54' title='bbox 621 933 771 974; x_wconf 86' lang='lat' dir='ltr'><strong>Vulgaris</strong></span> <span class='ocrx_word' id='word_1_55' title='bbox 807 934 1028 974; x_wconf 79' lang='lat' dir='ltr'>orthographia</span> 
     </span>
     <span class='ocr_line' id='line_1_11' title="bbox 300 984 1021 1025; baseline 0.003 -11"><span class='ocrx_word' id='word_1_56' title='bbox 300 984 411 1014; x_wconf 84' lang='lat' dir='ltr'><strong>saltem</strong></span> <span class='ocrx_word' id='word_1_57' title='bbox 440 985 475 1015; x_wconf 91' lang='lat' dir='ltr'><strong>C.</strong></span> <span class='ocrx_word' id='word_1_58' title='bbox 504 984 618 1015; x_wconf 86' lang='lat' dir='ltr'><strong>Caesari</strong></span> <span class='ocrx_word' id='word_1_59' title='bbox 646 984 763 1024; x_wconf 82' lang='lat' dir='ltr'><strong>placuit</strong></span> <span class='ocrx_word' id='word_1_60' title='bbox 790 986 824 1015; x_wconf 90' lang='lat' dir='ltr'><strong>in</strong></span> <span class='ocrx_word' id='word_1_61' title='bbox 851 984 1021 1025; x_wconf 59' lang='lat' dir='ltr'><strong>Analogia.-</strong></span> 
     </span>
     <span class='ocr_line' id='line_1_12' title="bbox 301 1037 1028 1079; baseline 0.003 -11"><span class='ocrx_word' id='word_1_62' title='bbox 301 1037 372 1069; x_wconf 89' lang='lat' dir='ltr'><strong>vide</strong></span> <span class='ocrx_word' id='word_1_63' title='bbox 397 1038 436 1069; x_wconf 88' lang='lat' dir='ltr'><strong>A.</strong></span> <span class='ocrx_word' id='word_1_64' title='bbox 456 1038 536 1069; x_wconf 90' lang='lat' dir='ltr'><strong>Gell.</strong></span> <span class='ocrx_word' id='word_1_65' title='bbox 559 1039 597 1069; x_wconf 92' lang='lat' dir='ltr'><strong>iv.</strong></span> <span class='ocrx_word' id='word_1_66' title='bbox 617 1040 757 1070; x_wconf 89' lang='lat' dir='ltr'>16.-M.</span> <span class='ocrx_word' id='word_1_67' title='bbox 779 1039 913 1079; x_wconf 90' lang='lat' dir='ltr'><strong>denique</strong></span> <span class='ocrx_word' id='word_1_68' title='bbox 935 1040 1028 1070; x_wconf 89' lang='lat' dir='ltr'><strong>habet</strong></span> 
     </span>
     <span class='ocr_line' id='line_1_13' title="bbox 300 1091 1026 1131; baseline 0.001 -11"><span class='ocrx_word' id='word_1_69' title='bbox 300 1091 427 1121; x_wconf 73' lang='lat' dir='ltr'><strong>colores:</strong></span> <span class='ocrx_word' id='word_1_70' title='bbox 463 1096 494 1120; x_wconf 87' lang='lat' dir='ltr'><strong>et</strong></span> <span class='ocrx_word' id='word_1_71' title='bbox 516 1096 688 1131; x_wconf 90' lang='lat' dir='ltr'><strong>sequuntur</strong></span> <span class='ocrx_word' id='word_1_72' title='bbox 713 1100 788 1121; x_wconf 87' lang='lat' dir='ltr'><strong>verr.</strong></span> <span class='ocrx_word' id='word_1_73' title='bbox 818 1093 908 1121; x_wconf 83' lang='lat'>1053.</span> <span class='ocrx_word' id='word_1_74' title='bbox 933 1093 1026 1122; x_wconf 82' lang='lat'>1054.</span> 
     </span>
     <span class='ocr_line' id='line_1_14' title="bbox 301 1140 387 1171; baseline 0.012 -1"><span class='ocrx_word' id='word_1_75' title='bbox 301 1140 335 1170; x_wconf 89' lang='lat' dir='ltr'><strong>in</strong></span> <span class='ocrx_word' id='word_1_76' title='bbox 351 1141 387 1171; x_wconf 92' lang='lat' dir='ltr'><strong>P.</strong></span> 
     </span>
    </p>

    <p class='ocr_par' dir='ltr' id='par_1_10' title="bbox 303 1191 1026 1284">
     <span class='ocr_line' id='line_1_15' title="bbox 345 1191 1026 1227; baseline 0.004 -5"><span class='ocrx_word' id='word_1_77' title='bbox 345 1191 419 1222; x_wconf 90' lang='lat' dir='ltr'><strong>Ver.</strong></span> <span class='ocrx_word' id='word_1_78' title='bbox 438 1196 528 1223; x_wconf 81' lang='lat'>1028.</span> <span class='ocrx_word' id='word_1_79' title='bbox 556 1194 633 1227; x_wconf 79' lang='lat' dir='ltr'><strong>Qui:</strong></span> <span class='ocrx_word' id='word_1_80' title='bbox 666 1193 710 1223; x_wconf 89' lang='lat' dir='ltr'><strong>sic</strong></span> <span class='ocrx_word' id='word_1_81' title='bbox 725 1192 821 1224; x_wconf 87' lang='lat' dir='ltr'><strong>Vind.</strong></span> <span class='ocrx_word' id='word_1_82' title='bbox 844 1192 881 1224; x_wconf 89' lang='lat' dir='ltr'><strong>L.</strong></span> <span class='ocrx_word' id='word_1_83' title='bbox 905 1193 959 1224; x_wconf 85' lang='lat' dir='ltr'><strong>sed</strong></span> <span class='ocrx_word' id='word_1_84' title='bbox 983 1201 1026 1225; x_wconf 81' lang='grc' dir='ltr'><strong>Ω..</strong></span> 
     </span>
     <span class='ocr_line' id='line_1_16' title="bbox 303 1244 706 1284; baseline 0.002 -10"><span class='ocrx_word' id='word_1_85' title='bbox 303 1253 339 1274; x_wconf 85' lang='lat' dir='ltr'><strong>ac</strong></span> <span class='ocrx_word' id='word_1_86' title='bbox 353 1244 465 1284; x_wconf 85' lang='lat' dir='ltr'><strong>reliqui</strong></span> <span class='ocrx_word' id='word_1_87' title='bbox 479 1255 599 1283; x_wconf 79' lang='lat' dir='ltr'><strong>omueS,</strong></span> <span class='ocrx_word' id='word_1_88' title='bbox 623 1247 706 1280; x_wconf 81' lang='lat' dir='ltr'>Quoe.</span> 
     </span>
    </p>

    <p class='ocr_par' dir='ltr' id='par_1_11' title="bbox 302 1295 1026 1390">
     <span class='ocr_line' id='line_1_17' title="bbox 346 1295 1026 1337; baseline 0.003 -11"><span class='ocrx_word' id='word_1_89' title='bbox 346 1295 428 1327; x_wconf 87' lang='lat' dir='ltr'>Ibid.</span> <span class='ocrx_word' id='word_1_90' title='bbox 449 1298 515 1328; x_wconf 82' lang='lat' dir='ltr'><strong>loca</strong></span> <span class='ocrx_word' id='word_1_91' title='bbox 531 1299 678 1337; x_wconf 68' lang='lat' dir='ltr'><strong>tur-guida</strong></span> <span class='ocrx_word' id='word_1_92' title='bbox 693 1299 814 1329; x_wconf 80' lang='lat' dir='ltr'><strong>semine.</strong></span> <span class='ocrx_word' id='word_1_93' title='bbox 849 1298 937 1328; x_wconf 90' lang='lat' dir='ltr'><strong>Hinc</strong></span> <span class='ocrx_word' id='word_1_94' title='bbox 952 1298 1026 1328; x_wconf 88' lang='lat' dir='ltr'><strong>Vir-</strong></span> 
     </span>
     <span class='ocr_line' id='line_1_18' title="bbox 302 1347 806 1390; baseline 0.006 -13"><span class='ocrx_word' id='word_1_95' title='bbox 302 1347 396 1388; x_wconf 87' lang='lat' dir='ltr'><strong>gilius</strong></span> <span class='ocrx_word' id='word_1_96' title='bbox 411 1348 534 1387; x_wconf 88' lang='lat' dir='ltr'><strong>pendet,</strong></span> <span class='ocrx_word' id='word_1_97' title='bbox 550 1349 590 1379; x_wconf 92' lang='lat' dir='ltr'><strong>ad</strong></span> <span class='ocrx_word' id='word_1_98' title='bbox 605 1359 673 1390; x_wconf 89' lang='lat' dir='ltr'><strong>geo.</strong></span> <span class='ocrx_word' id='word_1_99' title='bbox 689 1349 719 1380; x_wconf 91' lang='lat' dir='ltr'><strong>ii.</strong></span> <span class='ocrx_word' id='word_1_100' title='bbox 734 1353 806 1380; x_wconf 76' lang='lat'>524.</span> 
     </span>
    </p>
   </div>
   <div class='ocr_carea' id='block_1_10' title="bbox 294 1419 1010 1458">
    <p class='ocr_par' dir='ltr' id='par_1_12' title="bbox 294 1419 1010 1458">
     <span class='ocr_line' id='line_1_19' title="bbox 294 1419 1010 1458; baseline 0.003 -10"><span class='ocrx_word' id='word_1_101' title='bbox 294 1419 298 1422; x_wconf 48' lang='lat'>⁶</span> <span class='ocrx_word' id='word_1_102' title='bbox 318 1424 385 1449; x_wconf 85' lang='lat' dir='ltr'><strong>Vere</strong></span> <span class='ocrx_word' id='word_1_103' title='bbox 395 1427 492 1449; x_wconf 77' lang='lat' dir='ltr'><strong>tument</strong></span> <span class='ocrx_word' id='word_1_104' title='bbox 503 1429 594 1455; x_wconf 72' lang='lat' dir='ltr'><strong>terne,</strong></span> <span class='ocrx_word' id='word_1_105' title='bbox 610 1428 638 1450; x_wconf 81' lang='lat' dir='ltr'><strong>et</strong></span> <span class='ocrx_word' id='word_1_106' title='bbox 645 1425 767 1457; x_wconf 79' lang='lat' dir='ltr'><strong>genitalia</strong></span> <span class='ocrx_word' id='word_1_107' title='bbox 778 1425 874 1450; x_wconf 82' lang='lat' dir='ltr'><strong>semina</strong></span> <span class='ocrx_word' id='word_1_108' title='bbox 886 1429 1010 1458; x_wconf 86' lang='lat' dir='ltr'><strong>poscunt.</strong></span> 
     </span>
    </p>
   </div>
   <div class='ocr_carea' id='block_1_11' title="bbox 301 1489 1031 1995">
    <p class='ocr_par' dir='ltr' id='par_1_13' title="bbox 301 1489 1030 1840">
     <span class='ocr_line' id='line_1_20' title="bbox 302 1489 1026 1530; baseline 0.001 -10"><span class='ocrx_word' id='word_1_109' title='bbox 302 1493 325 1508; x_wconf 87' lang='lat'><strong>“</strong></span> <span class='ocrx_word' id='word_1_110' title='bbox 347 1491 495 1521; x_wconf 80' lang='lat' dir='ltr'><strong>Tument:</strong></span> <span class='ocrx_word' id='word_1_111' title='bbox 521 1489 784 1530; x_wconf 84' lang='lat' dir='ltr'><strong>suspenduntur.”</strong></span> <span class='ocrx_word' id='word_1_112' title='bbox 823 1491 957 1526; x_wconf 87' lang='lat' dir='ltr'><strong>Servius,</strong></span> <span class='ocrx_word' id='word_1_113' title='bbox 973 1502 1026 1521; x_wconf 82' lang='lat' dir='ltr'><strong>ex-</strong></span> 
     </span>
     <span class='ocr_line' id='line_1_21' title="bbox 301 1541 1026 1584; baseline 0.001 -13"><span class='ocrx_word' id='word_1_114' title='bbox 301 1541 455 1580; x_wconf 85' lang='lat' dir='ltr'><strong>positione</strong></span> <span class='ocrx_word' id='word_1_115' title='bbox 480 1543 685 1583; x_wconf 68' lang='lat' dir='ltr'><strong>pet-elegante,</strong></span> <span class='ocrx_word' id='word_1_116' title='bbox 713 1549 743 1573; x_wconf 89' lang='lat' dir='ltr'><strong>et</strong></span> <span class='ocrx_word' id='word_1_117' title='bbox 768 1543 905 1573; x_wconf 78' lang='lat' dir='ltr'><strong>maxime</strong></span> <span class='ocrx_word' id='word_1_118' title='bbox 919 1543 1026 1584; x_wconf 83' lang='lat' dir='ltr'><strong>Virgi-</strong></span> 
     </span>
     <span class='ocr_line' id='line_1_22' title="bbox 303 1592 1026 1634; baseline 0.001 -11"><span class='ocrx_word' id='word_1_119' title='bbox 303 1592 399 1624; x_wconf 70' lang='lat' dir='ltr'><strong>lianz‘i:</strong></span> <span class='ocrx_word' id='word_1_120' title='bbox 431 1594 538 1624; x_wconf 83' lang='lat' dir='ltr'><strong>confer</strong></span> <span class='ocrx_word' id='word_1_121' title='bbox 559 1605 626 1634; x_wconf 84' lang='lat' dir='ltr'><strong>geo.</strong></span> <span class='ocrx_word' id='word_1_122' title='bbox 650 1594 669 1624; x_wconf 91' lang='lat' dir='ltr'><strong>i.</strong></span> <span class='ocrx_word' id='word_1_123' title='bbox 693 1598 743 1625; x_wconf 87' lang='grc'><strong>68.</strong></span> <span class='ocrx_word' id='word_1_124' title='bbox 770 1594 898 1624; x_wconf 85' lang='lat' dir='ltr'>Addam</span> <span class='ocrx_word' id='word_1_125' title='bbox 922 1595 1026 1625; x_wconf 84' lang='lat' dir='ltr'><strong>Aruo-</strong></span> 
     </span>
     <span class='ocr_line' id='line_1_23' title="bbox 302 1645 1030 1687; baseline 0.001 -12"><span class='ocrx_word' id='word_1_126' title='bbox 302 1645 399 1682; x_wconf 87' lang='lat' dir='ltr'><strong>bium,</strong></span> <span class='ocrx_word' id='word_1_127' title='bbox 425 1646 477 1676; x_wconf 92' lang='lat' dir='ltr'><strong>lib.</strong></span> <span class='ocrx_word' id='word_1_128' title='bbox 502 1647 545 1677; x_wconf 92' lang='lat' dir='ltr'><strong>iii.</strong></span> <span class='ocrx_word' id='word_1_129' title='bbox 571 1658 599 1686; x_wconf 86' lang='lat' dir='ltr'><strong>p.</strong></span> <span class='ocrx_word' id='word_1_130' title='bbox 630 1650 753 1678; x_wconf 82' lang='lat'>105.—</span> <span class='ocrx_word' id='word_1_131' title='bbox 769 1650 859 1677; x_wconf 84' lang='lat' dir='ltr'><strong>“cur</strong></span> <span class='ocrx_word' id='word_1_132' title='bbox 888 1646 1030 1687; x_wconf 84' lang='lat' dir='ltr'><strong>insigniti</strong></span> 
     </span>
     <span class='ocr_line' id='line_1_24' title="bbox 305 1696 1028 1738; baseline 0.003 -12"><span class='ocrx_word' id='word_1_133' title='bbox 305 1699 328 1715; x_wconf 88' lang='lat'><strong>“</strong></span> <span class='ocrx_word' id='word_1_134' title='bbox 345 1696 419 1738; x_wconf 85' lang='lat' dir='ltr'><strong>(dii)</strong></span> <span class='ocrx_word' id='word_1_135' title='bbox 435 1698 498 1727; x_wconf 89' lang='lat' dir='ltr'><strong>sint</strong></span> <span class='ocrx_word' id='word_1_136' title='bbox 519 1697 567 1727; x_wconf 90' lang='lat' dir='ltr'><strong>his</strong></span> <span class='ocrx_word' id='word_1_137' title='bbox 586 1699 669 1733; x_wconf 83' lang='lat' dir='ltr'><strong>locis,</strong></span> <span class='ocrx_word' id='word_1_138' title='bbox 693 1698 805 1737; x_wconf 87' lang='lat' dir='ltr'><strong>quibus</strong></span> <span class='ocrx_word' id='word_1_139' title='bbox 827 1707 918 1727; x_wconf 87' lang='lat' dir='ltr'><strong>sexus</strong></span> <span class='ocrx_word' id='word_1_140' title='bbox 932 1708 965 1727; x_wconf 91' lang='lat' dir='ltr'><strong>se</strong></span> <span class='ocrx_word' id='word_1_141' title='bbox 979 1708 1028 1728; x_wconf 87' lang='lat' dir='ltr'><strong>so-</strong></span> 
     </span>
     <span class='ocr_line' id='line_1_25' title="bbox 304 1747 1028 1787; baseline 0.003 -10"><span class='ocrx_word' id='word_1_142' title='bbox 304 1747 408 1778; x_wconf 87' lang='lat' dir='ltr'><strong>“lent</strong></span> <span class='ocrx_word' id='word_1_143' title='bbox 430 1748 596 1778; x_wconf 86' lang='lat' dir='ltr'><strong>libidinum</strong></span> <span class='ocrx_word' id='word_1_144' title='bbox 619 1748 815 1787; x_wconf 84' lang='lat' dir='ltr'><strong>propriarum</strong></span> <span class='ocrx_word' id='word_1_145' title='bbox 841 1748 1028 1780; x_wconf 90' lang='lat' dir='ltr'><strong>admonitio-</strong></span> 
     </span>
     <span class='ocr_line' id='line_1_26' title="bbox 305 1799 715 1840; baseline 0.002 -11"><span class='ocrx_word' id='word_1_146' title='bbox 305 1801 327 1817; x_wconf 91' lang='lat'><strong>“</strong></span> <span class='ocrx_word' id='word_1_147' title='bbox 344 1799 436 1829; x_wconf 86' lang='lat' dir='ltr'><strong>nibus</strong></span> <span class='ocrx_word' id='word_1_148' title='bbox 450 1809 670 1840; x_wconf 83' lang='lat' dir='ltr'><strong>recognoscere</strong></span> <span class='ocrx_word' id='word_1_149' title='bbox 679 1799 715 1830; x_wconf 87' lang='lat'><strong>?”</strong></span> 
     </span>
    </p>

    <p class='ocr_par' dir='ltr' id='par_1_14' title="bbox 304 1854 1031 1995">
     <span class='ocr_line' id='line_1_27' title="bbox 347 1854 1030 1886; baseline 0.004 -3"><span class='ocrx_word' id='word_1_150' title='bbox 347 1854 422 1884; x_wconf 85' lang='lat' dir='ltr'><strong>Ver.</strong></span> <span class='ocrx_word' id='word_1_151' title='bbox 443 1857 532 1886; x_wconf 74' lang='lat'>1029.</span> <span class='ocrx_word' id='word_1_152' title='bbox 564 1857 620 1886; x_wconf 81' lang='lat' dir='ltr'><strong>Ut:</strong></span> <span class='ocrx_word' id='word_1_153' title='bbox 647 1855 691 1884; x_wconf 86' lang='lat' dir='ltr'><strong>sic</strong></span> <span class='ocrx_word' id='word_1_154' title='bbox 707 1855 737 1884; x_wconf 88' lang='lat' dir='ltr'>V</span> <span class='ocrx_word' id='word_1_155' title='bbox 740 1855 804 1885; x_wconf 91' lang='lat' dir='ltr'><strong>ind.</strong></span> <span class='ocrx_word' id='word_1_156' title='bbox 821 1861 852 1885; x_wconf 89' lang='lat' dir='ltr'><strong>et</strong></span> <span class='ocrx_word' id='word_1_157' title='bbox 868 1856 915 1886; x_wconf 91' lang='lat' dir='ltr'><strong>M.</strong></span> <span class='ocrx_word' id='word_1_158' title='bbox 942 1856 1030 1886; x_wconf 84' lang='lat' dir='ltr'><strong>Reli.</strong></span> 
     </span>
     <span class='ocr_line' id='line_1_28' title="bbox 304 1905 1031 1947; baseline 0.007 -13"><span class='ocrx_word' id='word_1_159' title='bbox 304 1905 369 1946; x_wconf 86' lang='lat' dir='ltr'><strong>qui,</strong></span> <span class='ocrx_word' id='word_1_160' title='bbox 394 1906 446 1935; x_wconf 79' lang='lat' dir='ltr'><strong>Ee.</strong></span> <span class='ocrx_word' id='word_1_161' title='bbox 492 1906 533 1935; x_wconf 92' lang='lat' dir='ltr'><strong>In</strong></span> <span class='ocrx_word' id='word_1_162' title='bbox 551 1912 586 1937; x_wconf 95' lang='grc' dir='ltr'><strong>Δ.</strong></span> <span class='ocrx_word' id='word_1_163' title='bbox 605 1916 710 1936; x_wconf 84' lang='lat' dir='ltr'><strong>versus</strong></span> <span class='ocrx_word' id='word_1_164' title='bbox 732 1907 853 1947; x_wconf 82' lang='lat' dir='ltr'><strong>integer</strong></span> <span class='ocrx_word' id='word_1_165' title='bbox 867 1908 926 1938; x_wconf 91' lang='lat' dir='ltr'><strong>hoc</strong></span> <span class='ocrx_word' id='word_1_166' title='bbox 940 1914 1031 1947; x_wconf 88' lang='lat' dir='ltr'><strong>pacto</strong></span> 
     </span>
     <span class='ocr_line' id='line_1_29' title="bbox 305 1956 513 1995; baseline 0 -9"><span class='ocrx_word' id='word_1_167' title='bbox 305 1956 435 1995; x_wconf 88' lang='lat' dir='ltr'><strong>scriptus</strong></span> <span class='ocrx_word' id='word_1_168' title='bbox 455 1962 513 1987; x_wconf 79' lang='lat' dir='ltr'><strong>est:</strong></span> 
     </span>
    </p>
   </div>
   <div class='ocr_carea' id='block_1_12' title="bbox 315 2028 997 2061">
    <p class='ocr_par' dir='ltr' id='par_1_15' title="bbox 315 2028 997 2061">
     <span class='ocr_line' id='line_1_30' title="bbox 315 2028 997 2061; baseline 0.004 -9"><span class='ocrx_word' id='word_1_169' title='bbox 315 2029 364 2058; x_wconf 82' lang='lat' dir='ltr'><strong>Ut,</strong></span> <span class='ocrx_word' id='word_1_170' title='bbox 376 2029 448 2059; x_wconf 84' lang='lat' dir='ltr'><strong>quasi</strong></span> <span class='ocrx_word' id='word_1_171' title='bbox 459 2029 597 2053; x_wconf 78' lang='lat' dir='ltr'><strong>transactis</strong></span> <span class='ocrx_word' id='word_1_172' title='bbox 609 2028 691 2059; x_wconf 78' lang='lat' dir='ltr'><strong>rebus,</strong></span> <span class='ocrx_word' id='word_1_173' title='bbox 701 2032 810 2061; x_wconf 78' lang='lat' dir='ltr'><strong>persaepe</strong></span> <span class='ocrx_word' id='word_1_174' title='bbox 822 2029 997 2061; x_wconf 81' lang='lat' dir='ltr'><strong>profundant.</strong></span> 
     </span>
    </p>
   </div>
   <div class='ocr_carea' id='block_1_13' title="bbox 306 2096 1031 2184">
    <p class='ocr_par' dir='ltr' id='par_1_16' title="bbox 306 2096 1031 2184">
     <span class='ocr_line' id='line_1_31' title="bbox 350 2096 1031 2137; baseline 0.003 -11"><span class='ocrx_word' id='word_1_175' title='bbox 350 2096 430 2127; x_wconf 90' lang='lat' dir='ltr'><strong>Ibid.</strong></span> <span class='ocrx_word' id='word_1_176' title='bbox 453 2099 627 2128; x_wconf 78' lang='lat' dir='ltr'><strong>transactis.</strong></span> <span class='ocrx_word' id='word_1_177' title='bbox 673 2097 841 2128; x_wconf 83' lang='lat' dir='ltr'><strong>Creechius</strong></span> <span class='ocrx_word' id='word_1_178' title='bbox 857 2103 1031 2137; x_wconf 85' lang='lat' dir='ltr'><strong>opportune</strong></span> 
     </span>
     <span class='ocr_line' id='line_1_32' title="bbox 306 2148 816 2184; baseline 0 -5"><span class='ocrx_word' id='word_1_179' title='bbox 306 2148 444 2179; x_wconf 77' lang='lat' dir='ltr'><strong>admovit</strong></span> <span class='ocrx_word' id='word_1_180' title='bbox 458 2148 673 2184; x_wconf 84' lang='lat' dir='ltr'><strong>Theocritum,</strong></span> <span class='ocrx_word' id='word_1_181' title='bbox 697 2148 729 2178; x_wconf 90' lang='lat' dir='ltr'><strong>ii.</strong></span> <span class='ocrx_word' id='word_1_182' title='bbox 748 2152 816 2179; x_wconf 73' lang='lat'>143.</span> 
     </span>
    </p>
   </div>
   <div class='ocr_carea' id='block_1_14' title="bbox 422 2230 819 2262">
    <p class='ocr_par' dir='ltr' id='par_1_17' title="bbox 422 2230 819 2262">
     <span class='ocr_line' id='line_1_33' title="bbox 422 2230 819 2262; baseline 0.003 -8"><span class='ocrx_word' id='word_1_183' title='bbox 422 2230 596 2254; x_wconf 78' lang='grc' dir='ltr'>ΕΠΡΑΧΘΗ</span> <span class='ocrx_word' id='word_1_184' title='bbox 612 2239 648 2254; x_wconf 72' lang='grc' dir='ltr'><strong>’τοι</strong></span> <span class='ocrx_word' id='word_1_185' title='bbox 659 2238 819 2262; x_wconf 56' lang='grc' dir='ltr'><strong>μεγιστου-π</strong></span> 
     </span>
    </p>
   </div>
   <div class='ocr_carea' id='block_1_15' title="bbox 305 2297 1036 2956">
    <p class='ocr_par' dir='ltr' id='par_1_18' title="bbox 305 2297 1033 2745">
     <span class='ocr_line' id='line_1_34' title="bbox 308 2297 1030 2332; baseline 0.001 -5"><span class='ocrx_word' id='word_1_186' title='bbox 308 2297 376 2328; x_wconf 90' lang='lat' dir='ltr'><strong>Nos</strong></span> <span class='ocrx_word' id='word_1_187' title='bbox 385 2303 490 2327; x_wconf 89' lang='lat' dir='ltr'><strong>autem</strong></span> <span class='ocrx_word' id='word_1_188' title='bbox 506 2297 575 2332; x_wconf 83' lang='lat' dir='ltr'><strong>alia,</strong></span> <span class='ocrx_word' id='word_1_189' title='bbox 588 2297 662 2328; x_wconf 86' lang='lat' dir='ltr'><strong>huic</strong></span> <span class='ocrx_word' id='word_1_190' title='bbox 675 2298 719 2328; x_wconf 88' lang='lat' dir='ltr'><strong>rei</strong></span> <span class='ocrx_word' id='word_1_191' title='bbox 734 2298 926 2329; x_wconf 87' lang='lat' dir='ltr'><strong>illustrandae</strong></span> <span class='ocrx_word' id='word_1_192' title='bbox 940 2298 1030 2328; x_wconf 88' lang='lat' dir='ltr'><strong>valde</strong></span> 
     </span>
     <span class='ocr_line' id='line_1_35' title="bbox 305 2347 1028 2385; baseline 0.001 -8"><span class='ocrx_word' id='word_1_193' title='bbox 305 2348 513 2385; x_wconf 83' lang='lat' dir='ltr'><strong>inservientia,</strong></span> <span class='ocrx_word' id='word_1_194' title='bbox 543 2347 666 2378; x_wconf 86' lang='lat' dir='ltr'><strong>dudum</strong></span> <span class='ocrx_word' id='word_1_195' title='bbox 691 2349 862 2384; x_wconf 82' lang='lat' dir='ltr'><strong>attulimus,</strong></span> <span class='ocrx_word' id='word_1_196' title='bbox 889 2349 929 2379; x_wconf 86' lang='lat' dir='ltr'><strong>ad</strong></span> <span class='ocrx_word' id='word_1_197' title='bbox 956 2349 1028 2379; x_wconf 89' lang='lat' dir='ltr'><strong>Silv.</strong></span> 
     </span>
     <span class='ocr_line' id='line_1_36' title="bbox 309 2398 1032 2439; baseline -0.001 -11"><span class='ocrx_word' id='word_1_198' title='bbox 309 2398 385 2430; x_wconf 83' lang='lat' dir='ltr'><strong>Crit.</strong></span> <span class='ocrx_word' id='word_1_199' title='bbox 401 2399 420 2430; x_wconf 90' lang='lat' dir='ltr'><strong>i.</strong></span> <span class='ocrx_word' id='word_1_200' title='bbox 441 2410 470 2438; x_wconf 88' lang='lat' dir='ltr'><strong>p.</strong></span> <span class='ocrx_word' id='word_1_201' title='bbox 489 2403 559 2430; x_wconf 92' lang='lat'>107.</span> <span class='ocrx_word' id='word_1_202' title='bbox 585 2405 616 2429; x_wconf 87' lang='lat' dir='ltr'><strong>et</strong></span> <span class='ocrx_word' id='word_1_203' title='bbox 630 2410 656 2429; x_wconf 91' lang='lat' dir='ltr'><strong>v.</strong></span> <span class='ocrx_word' id='word_1_204' title='bbox 679 2409 708 2439; x_wconf 88' lang='lat' dir='ltr'><strong>p.</strong></span> <span class='ocrx_word' id='word_1_205' title='bbox 728 2403 797 2430; x_wconf 82' lang='lat'>157.</span> <span class='ocrx_word' id='word_1_206' title='bbox 822 2400 905 2430; x_wconf 84' lang='lat' dir='ltr'><strong>unde</strong></span> <span class='ocrx_word' id='word_1_207' title='bbox 919 2399 1032 2430; x_wconf 83' lang='lat' dir='ltr'><strong>doctis.</strong></span> 
     </span>
     <span class='ocr_line' id='line_1_37' title="bbox 306 2449 1032 2490; baseline 0.001 -11"><span class='ocrx_word' id='word_1_208' title='bbox 306 2449 405 2480; x_wconf 89' lang='lat' dir='ltr'><strong>simus</strong></span> <span class='ocrx_word' id='word_1_209' title='bbox 440 2450 619 2490; x_wconf 86' lang='lat' dir='ltr'><strong>Egertonus</strong></span> <span class='ocrx_word' id='word_1_210' title='bbox 652 2450 825 2490; x_wconf 78' lang='lat' dir='ltr'><strong>Hippolyto</strong></span> <span class='ocrx_word' id='word_1_211' title='bbox 861 2451 1032 2490; x_wconf 84' lang='lat' dir='ltr'><strong>Euripidis,</strong></span> 
     </span>
     <span class='ocr_line' id='line_1_38' title="bbox 307 2500 1032 2542; baseline 0.003 -12"><span class='ocrx_word' id='word_1_212' title='bbox 307 2501 396 2540; x_wconf 84' lang='lat' dir='ltr'><strong>cujus</strong></span> <span class='ocrx_word' id='word_1_213' title='bbox 418 2500 588 2532; x_wconf 87' lang='lat' dir='ltr'><strong>editionem</strong></span> <span class='ocrx_word' id='word_1_214' title='bbox 610 2501 952 2542; x_wconf 80' lang='lat' dir='ltr'><strong>magnificentissimam</strong></span> <span class='ocrx_word' id='word_1_215' title='bbox 973 2513 1032 2532; x_wconf 92' lang='lat' dir='ltr'><strong>nu—</strong></span> 
     </span>
     <span class='ocr_line' id='line_1_39' title="bbox 307 2554 1032 2596; baseline 0.001 -13"><span class='ocrx_word' id='word_1_216' title='bbox 307 2563 363 2592; x_wconf 88' lang='lat' dir='ltr'><strong>per</strong></span> <span class='ocrx_word' id='word_1_217' title='bbox 378 2554 493 2594; x_wconf 93' lang='lat' dir='ltr'><strong>publici</strong></span> <span class='ocrx_word' id='word_1_218' title='bbox 504 2555 585 2596; x_wconf 86' lang='lat' dir='ltr'><strong>juris</strong></span> <span class='ocrx_word' id='word_1_219' title='bbox 599 2555 684 2593; x_wconf 83' lang='lat' dir='ltr'><strong>fecit,</strong></span> <span class='ocrx_word' id='word_1_220' title='bbox 707 2555 841 2585; x_wconf 90' lang='lat' dir='ltr'><strong>multam</strong></span> <span class='ocrx_word' id='word_1_221' title='bbox 859 2555 962 2585; x_wconf 89' lang='lat' dir='ltr'><strong>lucem</strong></span> <span class='ocrx_word' id='word_1_222' title='bbox 977 2565 1032 2594; x_wconf 85' lang='lat' dir='ltr'><strong>po-</strong></span> 
     </span>
     <span class='ocr_line' id='line_1_40' title="bbox 305 2605 1033 2644; baseline 0.003 -11"><span class='ocrx_word' id='word_1_223' title='bbox 305 2610 386 2635; x_wconf 85' lang='lat' dir='ltr'><strong>terat</strong></span> <span class='ocrx_word' id='word_1_224' title='bbox 400 2605 769 2644; x_wconf 77' lang='lat' dir='ltr'><strong>intulisse.-Caeterum,</strong></span> <span class='ocrx_word' id='word_1_225' title='bbox 794 2606 872 2636; x_wconf 88' lang='lat' dir='ltr'><strong>Pius</strong></span> <span class='ocrx_word' id='word_1_226' title='bbox 891 2605 1033 2641; x_wconf 84' lang='lat' dir='ltr'><strong>affirmat,</strong></span> 
     </span>
     <span class='ocr_line' id='line_1_41' title="bbox 307 2655 1033 2697; baseline 0.004 -14"><span class='ocrx_word' id='word_1_227' title='bbox 307 2655 392 2685; x_wconf 90' lang='lat' dir='ltr'><strong>hunc</strong></span> <span class='ocrx_word' id='word_1_228' title='bbox 414 2666 538 2688; x_wconf 79' lang='lat' dir='ltr'><strong>versum</strong></span> <span class='ocrx_word' id='word_1_229' title='bbox 560 2667 633 2687; x_wconf 87' lang='lat' dir='ltr'><strong>cum</strong></span> <span class='ocrx_word' id='word_1_230' title='bbox 655 2663 801 2697; x_wconf 82' lang='lat' dir='ltr'><strong>sequente</strong></span> <span class='ocrx_word' id='word_1_231' title='bbox 824 2667 887 2687; x_wconf 90' lang='lat' dir='ltr'><strong>non</strong></span> <span class='ocrx_word' id='word_1_232' title='bbox 907 2656 1033 2696; x_wconf 82' lang='lat' dir='ltr'><strong>reperiri</strong></span> 
     </span>
     <span class='ocr_line' id='line_1_42' title="bbox 307 2706 827 2745; baseline 0.01 -10"><span class='ocrx_word' id='word_1_233' title='bbox 307 2706 343 2736; x_wconf 81' lang='lat' dir='ltr'><strong>in</strong></span> <span class='ocrx_word' id='word_1_234' title='bbox 358 2709 461 2745; x_wconf 88' lang='lat' dir='ltr'><strong>probis</strong></span> <span class='ocrx_word' id='word_1_235' title='bbox 475 2710 613 2740; x_wconf 85' lang='lat' dir='ltr'><strong>Lucretii</strong></span> <span class='ocrx_word' id='word_1_236' title='bbox 629 2710 827 2740; x_wconf 85' lang='lat' dir='ltr'><strong>carminibus.</strong></span> 
     </span>
    </p>

    <p class='ocr_par' dir='ltr' id='par_1_19' title="bbox 307 2758 1036 2956">
     <span class='ocr_line' id='line_1_43' title="bbox 351 2758 1034 2793; baseline 0.004 -5"><span class='ocrx_word' id='word_1_237' title='bbox 351 2758 432 2789; x_wconf 91' lang='lat' dir='ltr'><strong>Ibid.</strong></span> <span class='ocrx_word' id='word_1_238' title='bbox 454 2765 618 2793; x_wconf 80' lang='lat' dir='ltr'><strong>transactis</strong></span> <span class='ocrx_word' id='word_1_239' title='bbox 632 2763 727 2793; x_wconf 84' lang='lat' dir='ltr'><strong>rebus.</strong></span> <span class='ocrx_word' id='word_1_240' title='bbox 772 2762 912 2792; x_wconf 79' lang='lat' dir='ltr'><strong>Pei-lecta</strong></span> <span class='ocrx_word' id='word_1_241' title='bbox 930 2767 1034 2792; x_wconf 83' lang='lat' dir='ltr'><strong>nostra</strong></span> 
     </span>
     <span class='ocr_line' id='line_1_44' title="bbox 307 2810 1033 2852; baseline 0.006 -13"><span class='ocrx_word' id='word_1_242' title='bbox 307 2810 471 2840; x_wconf 79' lang='lat' dir='ltr'><strong>annotatio</strong></span> <span class='ocrx_word' id='word_1_243' title='bbox 487 2812 688 2849; x_wconf 84' lang='lat' dir='ltr'><strong>Pausaniam,</strong></span> <span class='ocrx_word' id='word_1_244' title='bbox 705 2813 826 2852; x_wconf 88' lang='lat' dir='ltr'><strong>opinor,</strong></span> <span class='ocrx_word' id='word_1_245' title='bbox 844 2812 1033 2852; x_wconf 82' lang='lat' dir='ltr'><strong>explanabit,</strong></span> 
     </span>
     <span class='ocr_line' id='line_1_45' title="bbox 308 2861 1036 2902; baseline 0.007 -11"><span class='ocrx_word' id='word_1_246' title='bbox 308 2861 343 2891; x_wconf 83' lang='lat' dir='ltr'><strong>in</strong></span> <span class='ocrx_word' id='word_1_247' title='bbox 368 2862 433 2892; x_wconf 85' lang='lat' dir='ltr'><strong>Att.</strong></span> <span class='ocrx_word' id='word_1_248' title='bbox 461 2872 526 2902; x_wconf 85' lang='lat' dir='ltr'><strong>cap.</strong></span> <span class='ocrx_word' id='word_1_249' title='bbox 552 2867 604 2894; x_wconf 83' lang='lat'><strong>45.</strong></span> <span class='ocrx_word' id='word_1_250' title='bbox 637 2871 721 2895; x_wconf 66' lang='lat' dir='ltr'><strong>&gt;Is-:a</strong></span> <span class='ocrx_word' id='word_1_251' title='bbox 749 2864 775 2896; x_wconf 69' lang='grc' dir='ltr'><strong>δε</strong></span> <span class='ocrx_word' id='word_1_252' title='bbox 800 2878 837 2895; x_wconf 72' lang='grc' dir='ltr'><strong>τυ</strong></span> <span class='ocrx_word' id='word_1_253' title='bbox 860 2870 977 2896; x_wconf 69' lang='grc' dir='ltr'><strong>Διοννσε</strong></span> <span class='ocrx_word' id='word_1_254' title='bbox 1003 2878 1036 2896; x_wconf 71' lang='lat' dir='ltr'><strong>‘ro</strong></span> 
     </span>
     <span class='ocr_line' id='line_1_46' title="bbox 310 2913 1035 2956; baseline 0.006 -13"><span class='ocrx_word' id='word_1_255' title='bbox 310 2913 385 2954; x_wconf 69' lang='lat' dir='ltr'><strong>a‘tpov,</strong></span> <span class='ocrx_word' id='word_1_256' title='bbox 410 2927 483 2947; x_wconf 73' lang='lat' dir='ltr'><strong>wrm</strong></span> <span class='ocrx_word' id='word_1_257' title='bbox 499 2914 653 2955; x_wconf 73' lang='grc' dir='ltr'><strong><em>Αφροδιτκς</em></strong></span> <span class='ocrx_word' id='word_1_258' title='bbox 671 2930 741 2951; x_wconf 72' lang='lat' dir='ltr'><strong>mos·</strong></span> <span class='ocrx_word' id='word_1_259' title='bbox 767 2924 900 2956; x_wconf 63' lang='lat' dir='ltr'><strong>027oechoe</strong></span> <span class='ocrx_word' id='word_1_260' title='bbox 923 2916 950 2948; x_wconf 75' lang='grc' dir='ltr'><strong>δε</strong></span> <span class='ocrx_word' id='word_1_261' title='bbox 974 2923 1035 2948; x_wconf 86' lang='grc' dir='ltr'><strong>ελε-</strong></span> 
     </span>
    </p>
   </div>
   <div class='ocr_carea' id='block_1_16' title="bbox 1069 880 1799 1637">
    <p class='ocr_par' dir='ltr' id='par_1_20' title="bbox 1069 880 1796 1014">
     <span class='ocr_line' id='line_1_47' title="bbox 1069 880 1793 923; baseline 0.004 -11"><span class='ocrx_word' id='word_1_262' title='bbox 1069 888 1174 921; x_wconf 73' lang='grc' dir='ltr'><strong><em>φαντος</em></strong></span> <span class='ocrx_word' id='word_1_263' title='bbox 1215 880 1354 923; x_wconf 68' lang='grc' dir='ltr'><strong>Αφροδιτῃ</strong></span> <span class='ocrx_word' id='word_1_264' title='bbox 1398 892 1592 921; x_wconf 58' lang='lat' dir='ltr'><strong>mammeam,</strong></span> <span class='ocrx_word' id='word_1_265' title='bbox 1639 888 1793 916; x_wconf 82' lang='grc' dir='ltr'><strong>ΠΡΑΞΙΣ</strong></span> 
     </span>
     <span class='ocr_line' id='line_1_48' title="bbox 1071 932 1796 973; baseline 0.003 -9"><span class='ocrx_word' id='word_1_266' title='bbox 1071 940 1239 966; x_wconf 65' lang='grc' dir='ltr'><strong>επικλησιν.·</strong></span> <span class='ocrx_word' id='word_1_267' title='bbox 1264 933 1283 962; x_wconf 83' lang='lat' dir='ltr'><strong>i.</strong></span> <span class='ocrx_word' id='word_1_268' title='bbox 1299 942 1325 963; x_wconf 83' lang='lat' dir='ltr'><strong>e.</strong></span> <span class='ocrx_word' id='word_1_269' title='bbox 1348 932 1487 973; x_wconf 69' lang='grc' dir='ltr'><strong>Αφροδιτη</strong></span> <span class='ocrx_word' id='word_1_270' title='bbox 1511 941 1665 968; x_wconf 59' lang='lat' dir='ltr'><strong>natamus·</strong></span> <span class='ocrx_word' id='word_1_271' title='bbox 1699 937 1796 967; x_wconf 80' lang='lat' dir='ltr'><strong>Venus</strong></span> 
     </span>
     <span class='ocr_line' id='line_1_49' title="bbox 1073 994 1237 1014; baseline -0.006 0"><span class='ocrx_word' id='word_1_272' title='bbox 1073 994 1237 1014; x_wconf 71' lang='lat' dir='ltr'><strong>ranrch.</strong></span> 
     </span>
    </p>

    <p class='ocr_par' dir='ltr' id='par_1_21' title="bbox 1070 1034 1798 1231">
     <span class='ocr_line' id='line_1_50' title="bbox 1113 1034 1795 1069; baseline 0.006 -4"><span class='ocrx_word' id='word_1_273' title='bbox 1113 1036 1187 1065; x_wconf 77' lang='lat' dir='ltr'><strong>Ver.</strong></span> <span class='ocrx_word' id='word_1_274' title='bbox 1206 1038 1295 1066; x_wconf 79' lang='lat'>1050.</span> <span class='ocrx_word' id='word_1_275' title='bbox 1319 1041 1493 1066; x_wconf 78' lang='lat' dir='ltr'><strong>eruentem:</strong></span> <span class='ocrx_word' id='word_1_276' title='bbox 1520 1035 1557 1065; x_wconf 94' lang='lat' dir='ltr'><strong>P.</strong></span> <span class='ocrx_word' id='word_1_277' title='bbox 1574 1034 1670 1066; x_wconf 90' lang='lat' dir='ltr'><strong>Vind.</strong></span> <span class='ocrx_word' id='word_1_278' title='bbox 1685 1037 1726 1067; x_wconf 90' lang='lat' dir='ltr'><strong>V.</strong></span> <span class='ocrx_word' id='word_1_279' title='bbox 1748 1038 1795 1069; x_wconf 79' lang='lat' dir='ltr'><strong>ed.</strong></span> 
     </span>
     <span class='ocr_line' id='line_1_51' title="bbox 1070 1085 1797 1126; baseline 0.004 -10"><span class='ocrx_word' id='word_1_280' title='bbox 1070 1086 1106 1116; x_wconf 96' lang='lat' dir='ltr'><strong>L.</strong></span> <span class='ocrx_word' id='word_1_281' title='bbox 1125 1087 1172 1116; x_wconf 88' lang='lat' dir='ltr'><strong>M.</strong></span> <span class='ocrx_word' id='word_1_282' title='bbox 1190 1092 1337 1124; x_wconf 81' lang='lat' dir='ltr'><strong>cruentet,</strong></span> <span class='ocrx_word' id='word_1_283' title='bbox 1353 1085 1440 1126; x_wconf 88' lang='lat' dir='ltr'><strong>quasi</strong></span> <span class='ocrx_word' id='word_1_284' title='bbox 1443 1087 1567 1126; x_wconf 84' lang='lat' dir='ltr'><strong>flumen</strong></span> <span class='ocrx_word' id='word_1_285' title='bbox 1582 1096 1639 1125; x_wconf 87' lang='lat' dir='ltr'><strong>pro</strong></span> <span class='ocrx_word' id='word_1_286' title='bbox 1652 1087 1797 1119; x_wconf 82' lang='lat' dir='ltr'><strong>nomina-</strong></span> 
     </span>
     <span class='ocr_line' id='line_1_52' title="bbox 1071 1137 1798 1175; baseline 0.003 -7"><span class='ocrx_word' id='word_1_287' title='bbox 1071 1138 1134 1168; x_wconf 87' lang='lat' dir='ltr'><strong>tivo</strong></span> <span class='ocrx_word' id='word_1_288' title='bbox 1148 1139 1327 1175; x_wconf 87' lang='lat' dir='ltr'><strong>haberetur;</strong></span> <span class='ocrx_word' id='word_1_289' title='bbox 1350 1140 1456 1168; x_wconf 88' lang='lat' dir='ltr'><strong>minus</strong></span> <span class='ocrx_word' id='word_1_290' title='bbox 1471 1137 1620 1169; x_wconf 87' lang='lat' dir='ltr'><strong>dilucide:</strong></span> <span class='ocrx_word' id='word_1_291' title='bbox 1647 1139 1695 1169; x_wconf 90' lang='lat' dir='ltr'><strong>sin</strong></span> <span class='ocrx_word' id='word_1_292' title='bbox 1712 1149 1798 1170; x_wconf 85' lang='lat' dir='ltr'><strong>error</strong></span> 
     </span>
     <span class='ocr_line' id='line_1_53' title="bbox 1071 1191 1711 1231; baseline 0.006 -10"><span class='ocrx_word' id='word_1_293' title='bbox 1071 1191 1110 1222; x_wconf 91' lang='lat' dir='ltr'><strong>sit</strong></span> <span class='ocrx_word' id='word_1_294' title='bbox 1124 1191 1253 1230; x_wconf 83' lang='lat' dir='ltr'><strong>librarii,</strong></span> <span class='ocrx_word' id='word_1_295' title='bbox 1271 1192 1305 1222; x_wconf 90' lang='lat' dir='ltr'><strong>in</strong></span> <span class='ocrx_word' id='word_1_296' title='bbox 1321 1191 1447 1231; x_wconf 78' lang='lat' dir='ltr'><strong>proclivi</strong></span> <span class='ocrx_word' id='word_1_297' title='bbox 1464 1199 1544 1222; x_wconf 83' lang='lat' dir='ltr'><strong>stare</strong></span> <span class='ocrx_word' id='word_1_298' title='bbox 1559 1193 1711 1226; x_wconf 83' lang='lat' dir='ltr'><strong>novimus.</strong></span> 
     </span>
    </p>

    <p class='ocr_par' dir='ltr' id='par_1_22' title="bbox 1070 1242 1799 1637">
     <span class='ocr_line' id='line_1_54' title="bbox 1114 1242 1799 1284; baseline 0.007 -12"><span class='ocrx_word' id='word_1_299' title='bbox 1114 1242 1196 1274; x_wconf 84' lang='lat' dir='ltr'>Ibid.</span> <span class='ocrx_word' id='word_1_300' title='bbox 1221 1249 1328 1275; x_wconf 77' lang='lat' dir='ltr'><strong>vestem</strong></span> <span class='ocrx_word' id='word_1_301' title='bbox 1351 1249 1516 1274; x_wconf 77' lang='lat' dir='ltr'><strong>eruentem.</strong></span> <span class='ocrx_word' id='word_1_302' title='bbox 1556 1244 1692 1284; x_wconf 86' lang='lat' dir='ltr'><strong>Nempe,</strong></span> <span class='ocrx_word' id='word_1_303' title='bbox 1707 1255 1799 1277; x_wconf 86' lang='lat' dir='ltr'><strong>cruor</strong></span> 
     </span>
     <span class='ocr_line' id='line_1_55' title="bbox 1070 1296 1798 1337; baseline 0.005 -12"><span class='ocrx_word' id='word_1_304' title='bbox 1070 1297 1227 1331; x_wconf 80' lang='lat' dir='ltr'><strong>madidat;</strong></span> <span class='ocrx_word' id='word_1_305' title='bbox 1275 1305 1352 1336; x_wconf 86' lang='lat' dir='ltr'><strong>ergo</strong></span> <span class='ocrx_word' id='word_1_306' title='bbox 1393 1305 1560 1334; x_wconf 87' lang='lat' dir='ltr'><strong>possumus</strong></span> <span class='ocrx_word' id='word_1_307' title='bbox 1602 1296 1798 1337; x_wconf 79' lang='lat' dir='ltr'><strong>interpretari</strong></span> 
     </span>
     <span class='ocr_line' id='line_1_56' title="bbox 1071 1347 1799 1384; baseline 0.005 -7"><span class='ocrx_word' id='word_1_308' title='bbox 1071 1358 1163 1377; x_wconf 89' lang='lat' dir='ltr'><strong>sensu</strong></span> <span class='ocrx_word' id='word_1_309' title='bbox 1180 1347 1373 1384; x_wconf 86' lang='lat' dir='ltr'><strong>secundario,</strong></span> <span class='ocrx_word' id='word_1_310' title='bbox 1391 1350 1558 1379; x_wconf 78' lang='lat' dir='ltr'><strong>humectent</strong></span> <span class='ocrx_word' id='word_1_311' title='bbox 1574 1355 1691 1380; x_wconf 79' lang='lat' dir='ltr'><strong>vestem.</strong></span> <span class='ocrx_word' id='word_1_312' title='bbox 1737 1351 1799 1381; x_wconf 84' lang='lat' dir='ltr'><strong>Ar-</strong></span> 
     </span>
     <span class='ocr_line' id='line_1_57' title="bbox 1071 1399 1798 1440; baseline 0.004 -11"><span class='ocrx_word' id='word_1_313' title='bbox 1071 1400 1192 1436; x_wconf 82' lang='lat' dir='ltr'><strong>nobius,</strong></span> <span class='ocrx_word' id='word_1_314' title='bbox 1208 1400 1260 1430; x_wconf 87' lang='lat' dir='ltr'><strong>lib.</strong></span> <span class='ocrx_word' id='word_1_315' title='bbox 1277 1400 1296 1430; x_wconf 92' lang='lat' dir='ltr'><strong>i.</strong></span> <span class='ocrx_word' id='word_1_316' title='bbox 1313 1411 1342 1440; x_wconf 90' lang='lat' dir='ltr'><strong>p.</strong></span> <span class='ocrx_word' id='word_1_317' title='bbox 1360 1403 1388 1430; x_wconf 78' lang='lat'><strong>2.</strong></span> <span class='ocrx_word' id='word_1_318' title='bbox 1413 1403 1435 1418; x_wconf 87' lang='lat'>“</span> <span class='ocrx_word' id='word_1_319' title='bbox 1454 1399 1605 1431; x_wconf 79' lang='lat' dir='ltr'><strong>Olearum</strong></span> <span class='ocrx_word' id='word_1_320' title='bbox 1626 1411 1664 1431; x_wconf 85' lang='lat' dir='ltr'><strong>ex</strong></span> <span class='ocrx_word' id='word_1_321' title='bbox 1679 1402 1798 1432; x_wconf 83' lang='lat' dir='ltr'><strong>baculis</strong></span> 
     </span>
     <span class='ocr_line' id='line_1_58' title="bbox 1072 1451 1797 1490; baseline 0.004 -8"><span class='ocrx_word' id='word_1_322' title='bbox 1072 1454 1095 1469; x_wconf 87' lang='lat'><strong>“</strong></span> <span class='ocrx_word' id='word_1_323' title='bbox 1111 1462 1202 1482; x_wconf 77' lang='lat' dir='ltr'><strong>cruor</strong></span> <span class='ocrx_word' id='word_1_324' title='bbox 1232 1457 1309 1481; x_wconf 85' lang='lat' dir='ltr'><strong>teter</strong></span> <span class='ocrx_word' id='word_1_325' title='bbox 1343 1451 1567 1490; x_wconf 86' lang='lat' dir='ltr'><strong>exprimitur:&#39;&#39;</strong></span> <span class='ocrx_word' id='word_1_326' title='bbox 1601 1452 1619 1482; x_wconf 85' lang='lat' dir='ltr'><strong>i.</strong></span> <span class='ocrx_word' id='word_1_327' title='bbox 1637 1463 1663 1483; x_wconf 92' lang='lat' dir='ltr'><strong>e.</strong></span> <span class='ocrx_word' id='word_1_328' title='bbox 1695 1464 1797 1485; x_wconf 88' lang='lat' dir='ltr'><strong>sucus.</strong></span> 
     </span>
     <span class='ocr_line' id='line_1_59' title="bbox 1070 1503 1797 1544; baseline 0.006 -11"><span class='ocrx_word' id='word_1_329' title='bbox 1070 1504 1191 1534; x_wconf 89' lang='lat' dir='ltr'><strong>humor.</strong></span> <span class='ocrx_word' id='word_1_330' title='bbox 1240 1503 1312 1541; x_wconf 92' lang='lat' dir='ltr'><strong>Vel,</strong></span> <span class='ocrx_word' id='word_1_331' title='bbox 1349 1504 1443 1534; x_wconf 88' lang='lat' dir='ltr'><strong>etiam</strong></span> <span class='ocrx_word' id='word_1_332' title='bbox 1474 1504 1657 1535; x_wconf 84' lang='lat' dir='ltr'><strong>secundario</strong></span> <span class='ocrx_word' id='word_1_333' title='bbox 1693 1516 1797 1544; x_wconf 78' lang='lat' dir='ltr'><strong>sensu,</strong></span> 
     </span>
     <span class='ocr_line' id='line_1_60' title="bbox 1070 1554 1797 1598; baseline 0.004 -14"><span class='ocrx_word' id='word_1_334' title='bbox 1070 1564 1144 1584; x_wconf 89' lang='lat' dir='ltr'><strong>cum</strong></span> <span class='ocrx_word' id='word_1_335' title='bbox 1166 1554 1332 1592; x_wconf 87' lang='lat' dir='ltr'><strong>Lambino‚</strong></span> <span class='ocrx_word' id='word_1_336' title='bbox 1357 1561 1459 1585; x_wconf 76' lang='lat' dir='ltr'><strong>vestem</strong></span> <span class='ocrx_word' id='word_1_337' title='bbox 1484 1557 1662 1594; x_wconf 75' lang='lat' dir='ltr'><strong>z&#39;nquinent;</strong></span> <span class='ocrx_word' id='word_1_338' title='bbox 1685 1557 1735 1587; x_wconf 91' lang='lat' dir='ltr'><strong>cui</strong></span> <span class='ocrx_word' id='word_1_339' title='bbox 1751 1557 1797 1598; x_wconf 82' lang='lat' dir='ltr'><strong>fa-</strong></span> 
     </span>
     <span class='ocr_line' id='line_1_61' title="bbox 1071 1605 1654 1637; baseline 0.005 -3"><span class='ocrx_word' id='word_1_340' title='bbox 1071 1611 1144 1634; x_wconf 77' lang='lat' dir='ltr'><strong>vent</strong></span> <span class='ocrx_word' id='word_1_341' title='bbox 1159 1605 1328 1635; x_wconf 88' lang='lat' dir='ltr'><strong>Horatiani</strong></span> <span class='ocrx_word' id='word_1_342' title='bbox 1343 1615 1448 1635; x_wconf 86' lang='lat' dir='ltr'><strong>versus</strong></span> <span class='ocrx_word' id='word_1_343' title='bbox 1464 1605 1559 1635; x_wconf 89' lang='lat' dir='ltr'><strong>nimis</strong></span> <span class='ocrx_word' id='word_1_344' title='bbox 1574 1606 1654 1637; x_wconf 86' lang='lat' dir='ltr'><strong>noti:</strong></span> 
     </span>
    </p>
   </div>
   <div class='ocr_carea' id='block_1_17' title="bbox 1166 1672 1663 1698">
    <p class='ocr_par' dir='ltr' id='par_1_23' title="bbox 1166 1672 1663 1698">
     <span class='ocr_line' id='line_1_62' title="bbox 1166 1672 1663 1698; baseline 0.004 -2"><span class='ocrx_word' id='word_1_345' title='bbox 1166 1673 1333 1696; x_wconf 86' lang='lat' dir='ltr'><strong>Nocturnam</strong></span> <span class='ocrx_word' id='word_1_346' title='bbox 1345 1675 1443 1696; x_wconf 77' lang='lat' dir='ltr'><strong>vestem</strong></span> <span class='ocrx_word' id='word_1_347' title='bbox 1454 1672 1646 1698; x_wconf 77' lang='lat' dir='ltr'><strong>maculant—</strong></span> <span class='ocrx_word' id='word_1_348' title='bbox 1653 1682 1663 1698; x_wconf 84' lang='grc'><strong>.-</strong></span> 
     </span>
    </p>
   </div>
   <div class='ocr_carea' id='block_1_18' title="bbox 1072 1728 1802 2636">
    <p class='ocr_par' dir='ltr' id='par_1_24' title="bbox 1072 1728 1802 2636">
     <span class='ocr_line' id='line_1_63' title="bbox 1072 1728 1800 1770; baseline 0.01 -12"><span class='ocrx_word' id='word_1_349' title='bbox 1072 1739 1150 1769; x_wconf 89' lang='lat' dir='ltr'><strong>quos</strong></span> <span class='ocrx_word' id='word_1_350' title='bbox 1165 1729 1210 1759; x_wconf 88' lang='lat' dir='ltr'><strong>vir</strong></span> <span class='ocrx_word' id='word_1_351' title='bbox 1224 1728 1421 1760; x_wconf 86' lang='lat' dir='ltr'><strong>doctissimus</strong></span> <span class='ocrx_word' id='word_1_352' title='bbox 1435 1731 1587 1770; x_wconf 89' lang='lat' dir='ltr'><strong>apposuit.</strong></span> <span class='ocrx_word' id='word_1_353' title='bbox 1632 1732 1800 1765; x_wconf 79' lang='lat' dir='ltr'><strong>Pulchrius</strong></span> 
     </span>
     <span class='ocr_line' id='line_1_64' title="bbox 1073 1781 1799 1822; baseline 0.004 -13"><span class='ocrx_word' id='word_1_354' title='bbox 1073 1781 1230 1819; x_wconf 86' lang='lat' dir='ltr'><strong>specimen</strong></span> <span class='ocrx_word' id='word_1_355' title='bbox 1247 1791 1312 1812; x_wconf 87' lang='lat' dir='ltr'><strong>non</strong></span> <span class='ocrx_word' id='word_1_356' title='bbox 1334 1781 1407 1812; x_wconf 90' lang='lat' dir='ltr'><strong>novi</strong></span> <span class='ocrx_word' id='word_1_357' title='bbox 1430 1781 1577 1812; x_wconf 65' lang='lat' dir='ltr'><strong>derivatae</strong></span> <span class='ocrx_word' id='word_1_358' title='bbox 1599 1783 1799 1822; x_wconf 83' lang='lat' dir='ltr'><strong>significatio-</strong></span> 
     </span>
     <span class='ocr_line' id='line_1_65' title="bbox 1074 1832 1798 1873; baseline 0.007 -12"><span class='ocrx_word' id='word_1_359' title='bbox 1074 1832 1134 1870; x_wconf 86' lang='lat' dir='ltr'><strong>uis,</strong></span> <span class='ocrx_word' id='word_1_360' title='bbox 1164 1842 1259 1872; x_wconf 89' lang='lat' dir='ltr'><strong>quam</strong></span> <span class='ocrx_word' id='word_1_361' title='bbox 1288 1832 1373 1873; x_wconf 89' lang='lat' dir='ltr'><strong>quod</strong></span> <span class='ocrx_word' id='word_1_362' title='bbox 1402 1833 1566 1863; x_wconf 78' lang='lat' dir='ltr'><strong>exhibetur</strong></span> <span class='ocrx_word' id='word_1_363' title='bbox 1595 1833 1665 1864; x_wconf 87' lang='lat' dir='ltr'><strong>loco</strong></span> <span class='ocrx_word' id='word_1_364' title='bbox 1694 1835 1727 1864; x_wconf 90' lang='lat' dir='ltr'><strong>in</strong></span> <span class='ocrx_word' id='word_1_365' title='bbox 1754 1835 1798 1866; x_wconf 93' lang='lat' dir='ltr'><strong>D.</strong></span> 
     </span>
     <span class='ocr_line' id='line_1_66' title="bbox 1073 1882 1800 1923; baseline 0.007 -11"><span class='ocrx_word' id='word_1_366' title='bbox 1073 1882 1208 1913; x_wconf 88' lang='lat' dir='ltr'><strong>Joannis</strong></span> <span class='ocrx_word' id='word_1_367' title='bbox 1223 1883 1405 1923; x_wconf 84' lang='lat' dir='ltr'><strong>apocalypsi,</strong></span> <span class='ocrx_word' id='word_1_368' title='bbox 1428 1883 1478 1914; x_wconf 89' lang='lat' dir='ltr'><strong>vii.</strong></span> <span class='ocrx_word' id='word_1_369' title='bbox 1497 1887 1545 1915; x_wconf 83' lang='lat'><strong>14.</strong></span> <span class='ocrx_word' id='word_1_370' title='bbox 1568 1883 1662 1916; x_wconf 82' lang='lat' dir='ltr'><strong>lautis</strong></span> <span class='ocrx_word' id='word_1_371' title='bbox 1678 1885 1800 1917; x_wconf 82' lang='lat' dir='ltr'><strong>lectori-</strong></span> 
     </span>
     <span class='ocr_line' id='line_1_67' title="bbox 1074 1934 1800 1974; baseline 0.008 -11"><span class='ocrx_word' id='word_1_372' title='bbox 1074 1935 1132 1964; x_wconf 93' lang='lat' dir='ltr'><strong>bus</strong></span> <span class='ocrx_word' id='word_1_373' title='bbox 1154 1934 1284 1965; x_wconf 88' lang='lat' dir='ltr'><strong>minime</strong></span> <span class='ocrx_word' id='word_1_374' title='bbox 1310 1935 1552 1974; x_wconf 83' lang='lat' dir='ltr'><strong>displiciturum,</strong></span> <span class='ocrx_word' id='word_1_375' title='bbox 1579 1936 1604 1966; x_wconf 93' lang='lat' dir='ltr'><strong>si</strong></span> <span class='ocrx_word' id='word_1_376' title='bbox 1629 1937 1681 1968; x_wconf 83' lang='lat' dir='ltr'><strong>hic</strong></span> <span class='ocrx_word' id='word_1_377' title='bbox 1706 1937 1800 1968; x_wconf 82' lang='lat' dir='ltr'><strong>etiam</strong></span> 
     </span>
     <span class='ocr_line' id='line_1_68' title="bbox 1074 1985 1800 2029; baseline 0.008 -15"><span class='ocrx_word' id='word_1_378' title='bbox 1074 1985 1229 2024; x_wconf 82' lang='lat' dir='ltr'><strong>prolatum</strong></span> <span class='ocrx_word' id='word_1_379' title='bbox 1247 1985 1383 2017; x_wconf 82' lang='lat' dir='ltr'><strong>videant:</strong></span> <span class='ocrx_word' id='word_1_380' title='bbox 1410 1988 1504 2017; x_wconf 58' lang='lat' dir='ltr'><strong>‘Ovem</strong></span> <span class='ocrx_word' id='word_1_381' title='bbox 1528 2000 1597 2024; x_wconf 78' lang='grc' dir='ltr'><em>ειση,</em></span> <span class='ocrx_word' id='word_1_382' title='bbox 1621 1988 1646 2018; x_wconf 79' lang='lat'><strong>01‘</strong></span> <span class='ocrx_word' id='word_1_383' title='bbox 1659 2001 1800 2029; x_wconf 76' lang='grc' dir='ltr'><strong><em>ερχομενοι</em></strong></span> 
     </span>
     <span class='ocr_line' id='line_1_69' title="bbox 1075 2039 1799 2079; baseline 0.006 -11"><span class='ocrx_word' id='word_1_384' title='bbox 1075 2050 1106 2068; x_wconf 76' lang='grc' dir='ltr'><strong>εκ</strong></span> <span class='ocrx_word' id='word_1_385' title='bbox 1124 2052 1174 2072; x_wconf 71' lang='grc' dir='ltr'><strong>της</strong></span> <span class='ocrx_word' id='word_1_386' title='bbox 1198 2039 1335 2077; x_wconf 58' lang='lat' dir='ltr'><strong>&amp;Aulam</strong></span> <span class='ocrx_word' id='word_1_387' title='bbox 1360 2052 1412 2073; x_wconf 68' lang='grc' dir='ltr'><strong>τῆς</strong></span> <span class='ocrx_word' id='word_1_388' title='bbox 1431 2047 1581 2079; x_wconf 72' lang='grc' dir='ltr'><strong>μεγαλης·</strong></span> <span class='ocrx_word' id='word_1_389' title='bbox 1604 2053 1654 2071; x_wconf 74' lang='grc' dir='ltr'><strong>και</strong></span> <span class='ocrx_word' id='word_1_390' title='bbox 1670 2046 1799 2072; x_wconf 72' lang='lat' dir='ltr'><strong>Eum·-</strong></span> 
     </span>
     <span class='ocr_line' id='line_1_70' title="bbox 1074 2091 1801 2126; baseline 0.006 -8"><span class='ocrx_word' id='word_1_391' title='bbox 1074 2094 1151 2118; x_wconf 88' lang='lat' dir='ltr'><strong>NAN</strong></span> <span class='ocrx_word' id='word_1_392' title='bbox 1169 2103 1222 2123; x_wconf 70' lang='grc' dir='ltr'><strong>τα,-</strong></span> <span class='ocrx_word' id='word_1_393' title='bbox 1241 2094 1395 2120; x_wconf 81' lang='grc' dir='ltr'><strong>ΣΤΟΛΛΣ</strong></span> <span class='ocrx_word' id='word_1_394' title='bbox 1421 2091 1526 2126; x_wconf 69' lang='grc' dir='ltr'><strong><em>αὑτων,</em></strong></span> <span class='ocrx_word' id='word_1_395' title='bbox 1550 2104 1600 2121; x_wconf 76' lang='grc' dir='ltr'><strong>και</strong></span> <span class='ocrx_word' id='word_1_396' title='bbox 1625 2096 1801 2122; x_wconf 78' lang='lat' dir='ltr'>EAETKA-</span> 
     </span>
     <span class='ocr_line' id='line_1_71' title="bbox 1074 2142 1799 2182; baseline 0.004 -11"><span class='ocrx_word' id='word_1_397' title='bbox 1074 2146 1152 2171; x_wconf 83' lang='lat' dir='ltr'><strong>NAN</strong></span> <span class='ocrx_word' id='word_1_398' title='bbox 1168 2154 1222 2175; x_wconf 69' lang='grc' dir='ltr'><strong>τας</strong></span> <span class='ocrx_word' id='word_1_399' title='bbox 1241 2145 1394 2172; x_wconf 78' lang='grc' dir='ltr'><strong>ΣΤΟΛΑΣ</strong></span> <span class='ocrx_word' id='word_1_400' title='bbox 1411 2142 1514 2176; x_wconf 74' lang='grc' dir='ltr'><strong><em>αὑτων,</em></strong></span> <span class='ocrx_word' id='word_1_401' title='bbox 1541 2155 1565 2173; x_wconf 80' lang='grc' dir='ltr'><strong>εν</strong></span> <span class='ocrx_word' id='word_1_402' title='bbox 1590 2155 1631 2182; x_wconf 67' lang='grc' dir='ltr'><strong>τῳ</strong></span> <span class='ocrx_word' id='word_1_403' title='bbox 1650 2144 1799 2175; x_wconf 77' lang='grc' dir='ltr'><strong>ἈΙΜΑἸΊ</strong></span> 
     </span>
     <span class='ocr_line' id='line_1_72' title="bbox 1076 2191 1798 2234; baseline 0.003 -12"><span class='ocrx_word' id='word_1_404' title='bbox 1076 2204 1113 2222; x_wconf 67' lang='grc' dir='ltr'><strong>τε</strong></span> <span class='ocrx_word' id='word_1_405' title='bbox 1127 2204 1200 2234; x_wconf 64' lang='lat' dir='ltr'><strong>apra.</strong></span> <span class='ocrx_word' id='word_1_406' title='bbox 1246 2191 1360 2222; x_wconf 83' lang='lat' dir='ltr'><strong>Malim</strong></span> <span class='ocrx_word' id='word_1_407' title='bbox 1375 2198 1480 2222; x_wconf 87' lang='lat' dir='ltr'><strong>tamen</strong></span> <span class='ocrx_word' id='word_1_408' title='bbox 1503 2192 1543 2222; x_wconf 86' lang='lat' dir='ltr'><strong>ad</strong></span> <span class='ocrx_word' id='word_1_409' title='bbox 1558 2203 1684 2223; x_wconf 89' lang='lat' dir='ltr'><strong>sensum</strong></span> <span class='ocrx_word' id='word_1_410' title='bbox 1700 2195 1798 2224; x_wconf 81' lang='lat' dir='ltr'><strong>maxi-</strong></span> 
     </span>
     <span class='ocr_line' id='line_1_73' title="bbox 1074 2243 1800 2284; baseline 0.003 -11"><span class='ocrx_word' id='word_1_411' title='bbox 1074 2253 1126 2273; x_wconf 89' lang='lat' dir='ltr'><strong>me</strong></span> <span class='ocrx_word' id='word_1_412' title='bbox 1148 2243 1309 2283; x_wconf 87' lang='lat' dir='ltr'><strong>proprium</strong></span> <span class='ocrx_word' id='word_1_413' title='bbox 1332 2253 1439 2274; x_wconf 89' lang='lat' dir='ltr'><strong>vocem</strong></span> <span class='ocrx_word' id='word_1_414' title='bbox 1460 2251 1621 2275; x_wconf 75' lang='lat' dir='ltr'><strong>eruentem</strong></span> <span class='ocrx_word' id='word_1_415' title='bbox 1650 2245 1800 2284; x_wconf 84' lang='lat' dir='ltr'><strong>interpre-</strong></span> 
     </span>
     <span class='ocr_line' id='line_1_74' title="bbox 1073 2294 1798 2337; baseline 0.003 -13"><span class='ocrx_word' id='word_1_416' title='bbox 1073 2294 1143 2333; x_wconf 85' lang='lat' dir='ltr'><strong>tari,</strong></span> <span class='ocrx_word' id='word_1_417' title='bbox 1166 2305 1265 2335; x_wconf 90' lang='lat' dir='ltr'><strong>quum</strong></span> <span class='ocrx_word' id='word_1_418' title='bbox 1287 2295 1373 2325; x_wconf 82' lang='lat' dir='ltr'><strong>virile</strong></span> <span class='ocrx_word' id='word_1_419' title='bbox 1395 2307 1510 2337; x_wconf 64' lang='grc' dir='ltr'><strong>σπερμα</strong></span> <span class='ocrx_word' id='word_1_420' title='bbox 1525 2294 1638 2325; x_wconf 88' lang='lat' dir='ltr'><strong>diserte</strong></span> <span class='ocrx_word' id='word_1_421' title='bbox 1661 2302 1798 2335; x_wconf 79' lang='lat' dir='ltr'><strong>vocetur,</strong></span> 
     </span>
     <span class='ocr_line' id='line_1_75' title="bbox 1073 2345 1800 2388; baseline 0.003 -13"><span class='ocrx_word' id='word_1_422' title='bbox 1073 2351 1105 2375; x_wconf 89' lang='lat' dir='ltr'><strong>et</strong></span> <span class='ocrx_word' id='word_1_423' title='bbox 1120 2355 1188 2376; x_wconf 85' lang='lat' dir='ltr'><strong>vere</strong></span> <span class='ocrx_word' id='word_1_424' title='bbox 1203 2345 1341 2382; x_wconf 81' lang='lat' dir='ltr'><strong>forsitan,</strong></span> <span class='ocrx_word' id='word_1_425' title='bbox 1370 2359 1496 2386; x_wconf 68' lang='grc' dir='ltr'><strong><em>νοω-τιμον</em></strong></span> <span class='ocrx_word' id='word_1_426' title='bbox 1509 2348 1631 2384; x_wconf 77' lang='grc' dir='ltr'><strong>ἋΙΜΑ,</strong></span> <span class='ocrx_word' id='word_1_427' title='bbox 1655 2346 1690 2377; x_wconf 90' lang='lat' dir='ltr'><strong>in</strong></span> <span class='ocrx_word' id='word_1_428' title='bbox 1715 2347 1800 2388; x_wconf 83' lang='lat' dir='ltr'><strong>frag-</strong></span> 
     </span>
     <span class='ocr_line' id='line_1_76' title="bbox 1077 2397 1800 2438; baseline 0.003 -10"><span class='ocrx_word' id='word_1_429' title='bbox 1077 2404 1184 2428; x_wconf 89' lang='lat' dir='ltr'><strong>mento</strong></span> <span class='ocrx_word' id='word_1_430' title='bbox 1199 2397 1283 2437; x_wconf 87' lang='lat' dir='ltr'><strong>apud</strong></span> <span class='ocrx_word' id='word_1_431' title='bbox 1301 2398 1416 2429; x_wconf 83' lang='lat' dir='ltr'><strong>Stobaei</strong></span> <span class='ocrx_word' id='word_1_432' title='bbox 1431 2397 1486 2429; x_wconf 87' lang='lat' dir='ltr'><strong>ecl.</strong></span> <span class='ocrx_word' id='word_1_433' title='bbox 1501 2399 1588 2438; x_wconf 86' lang='lat' dir='ltr'><strong>phys.</strong></span> <span class='ocrx_word' id='word_1_434' title='bbox 1603 2398 1654 2429; x_wconf 90' lang='lat' dir='ltr'><strong>lib.</strong></span> <span class='ocrx_word' id='word_1_435' title='bbox 1670 2398 1689 2429; x_wconf 92' lang='lat' dir='ltr'><strong>i.</strong></span> <span class='ocrx_word' id='word_1_436' title='bbox 1704 2409 1734 2438; x_wconf 88' lang='lat' dir='ltr'><strong>p.</strong></span> <span class='ocrx_word' id='word_1_437' title='bbox 1751 2403 1800 2431; x_wconf 87' lang='grc'><strong>87.</strong></span> 
     </span>
     <span class='ocr_line' id='line_1_77' title="bbox 1076 2450 1802 2489; baseline 0.001 -9"><span class='ocrx_word' id='word_1_438' title='bbox 1076 2450 1159 2489; x_wconf 90' lang='lat' dir='ltr'><strong>quod</strong></span> <span class='ocrx_word' id='word_1_439' title='bbox 1196 2450 1306 2481; x_wconf 90' lang='lat' dir='ltr'><strong>videas.</strong></span> <span class='ocrx_word' id='word_1_440' title='bbox 1352 2450 1543 2487; x_wconf 84' lang='lat' dir='ltr'><strong>Quinetiam,</strong></span> <span class='ocrx_word' id='word_1_441' title='bbox 1581 2459 1646 2480; x_wconf 86' lang='lat' dir='ltr'><strong>non</strong></span> <span class='ocrx_word' id='word_1_442' title='bbox 1681 2450 1802 2481; x_wconf 81' lang='lat' dir='ltr'><strong>ferendi</strong></span> 
     </span>
     <span class='ocr_line' id='line_1_78' title="bbox 1077 2500 1802 2542; baseline 0.003 -12"><span class='ocrx_word' id='word_1_443' title='bbox 1077 2508 1162 2538; x_wconf 87' lang='lat' dir='ltr'><strong>sunt,</strong></span> <span class='ocrx_word' id='word_1_444' title='bbox 1178 2501 1295 2532; x_wconf 85' lang='lat' dir='ltr'><strong>nedum</strong></span> <span class='ocrx_word' id='word_1_445' title='bbox 1310 2501 1520 2540; x_wconf 78' lang='lat' dir='ltr'><strong>auscultandi,</strong></span> <span class='ocrx_word' id='word_1_446' title='bbox 1542 2501 1595 2542; x_wconf 87' lang='lat' dir='ltr'><strong>qui</strong></span> <span class='ocrx_word' id='word_1_447' title='bbox 1610 2500 1802 2532; x_wconf 78' lang='lat' dir='ltr'><strong>locutionem</strong></span> 
     </span>
     <span class='ocr_line' id='line_1_79' title="bbox 1077 2552 1801 2597; baseline 0.003 -15"><span class='ocrx_word' id='word_1_448' title='bbox 1077 2555 1238 2584; x_wconf 76' lang='lat' dir='ltr'><strong>Fluminis</strong></span> <span class='ocrx_word' id='word_1_449' title='bbox 1249 2555 1371 2594; x_wconf 79' lang='lat' dir='ltr'><strong>fluctus</strong></span> <span class='ocrx_word' id='word_1_450' title='bbox 1385 2559 1506 2584; x_wconf 85' lang='lat' dir='ltr'><strong>vexant.</strong></span> <span class='ocrx_word' id='word_1_451' title='bbox 1549 2552 1751 2597; x_wconf 79' lang='lat' dir='ltr'><strong>Claudianus,</strong></span> <span class='ocrx_word' id='word_1_452' title='bbox 1762 2554 1801 2585; x_wconf 92' lang='lat' dir='ltr'><strong>de</strong></span> 
     </span>
     <span class='ocr_line' id='line_1_80' title="bbox 1077 2603 1391 2636; baseline 0.01 -3"><span class='ocrx_word' id='word_1_453' title='bbox 1077 2603 1180 2634; x_wconf 87' lang='lat' dir='ltr'><strong>laudd.</strong></span> <span class='ocrx_word' id='word_1_454' title='bbox 1199 2604 1265 2634; x_wconf 88' lang='lat' dir='ltr'><strong>Stil.</strong></span> <span class='ocrx_word' id='word_1_455' title='bbox 1281 2604 1300 2635; x_wconf 91' lang='lat' dir='ltr'><strong>i.</strong></span> <span class='ocrx_word' id='word_1_456' title='bbox 1320 2607 1391 2636; x_wconf 80' lang='lat'>155.</span> 
     </span>
    </p>
   </div>
   <div class='ocr_carea' id='block_1_19' title="bbox 1107 2702 1228 2710">
    <p class='ocr_par' dir='ltr' id='par_1_25' title="bbox 1107 2702 1228 2710">
     <span class='ocr_line' id='line_1_81' title="bbox 1107 2702 1228 2710; baseline 0 0"><span class='ocrx_word' id='word_1_457' title='bbox 1107 2702 1228 2710; x_wconf 95' lang='lat' dir='ltr'><strong> </strong></span> 
     </span>
    </p>
   </div>
   <div class='ocr_carea' id='block_1_20' title="bbox 1107 2691 1772 2762">
    <p class='ocr_par' dir='ltr' id='par_1_26' title="bbox 1107 2691 1772 2762">
     <span class='ocr_line' id='line_1_82' title="bbox 1426 2691 1730 2721; baseline -0.003 -6"><span class='ocrx_word' id='word_1_458' title='bbox 1426 2693 1487 2721; x_wconf 79' lang='lat' dir='ltr'><strong>VOS,</strong></span> <span class='ocrx_word' id='word_1_459' title='bbox 1498 2691 1625 2720; x_wconf 79' lang='lat' dir='ltr'><strong>Thracia,</strong></span> <span class='ocrx_word' id='word_1_460' title='bbox 1636 2693 1730 2720; x_wconf 84' lang='lat' dir='ltr'><strong>testor,</strong></span> 
     </span>
     <span class='ocr_line' id='line_1_83' title="bbox 1107 2728 1772 2762; baseline -0.002 -8"><span class='ocrx_word' id='word_1_461' title='bbox 1107 2729 1232 2760; x_wconf 67' lang='lat' dir='ltr'><strong>Flumina,</strong></span> <span class='ocrx_word' id='word_1_462' title='bbox 1244 2736 1306 2762; x_wconf 76' lang='lat' dir='ltr'><strong>qua:</strong></span> <span class='ocrx_word' id='word_1_463' title='bbox 1317 2731 1391 2762; x_wconf 83' lang='lat' dir='ltr'><strong>largo</strong></span> <span class='ocrx_word' id='word_1_464' title='bbox 1402 2730 1526 2755; x_wconf 79' lang='lat' dir='ltr'><strong>mutastis</strong></span> <span class='ocrx_word' id='word_1_465' title='bbox 1536 2729 1663 2760; x_wconf 79' lang='lat' dir='ltr'><strong>sanguine</strong></span> <span class='ocrx_word' id='word_1_466' title='bbox 1665 2728 1772 2759; x_wconf 80' lang='lat' dir='ltr'><strong>stuctm.</strong></span> 
     </span>
    </p>
   </div>
   <div class='ocr_carea' id='block_1_21' title="bbox 1229 2704 1414 2712">
    <p class='ocr_par' dir='ltr' id='par_1_27' title="bbox 1229 2704 1414 2712">
     <span class='ocr_line' id='line_1_84' title="bbox 1229 2704 1414 2712; baseline 0 0"><span class='ocrx_word' id='word_1_467' title='bbox 1229 2704 1414 2712; x_wconf 95' lang='lat' dir='ltr'><strong> </strong></span> 
     </span>
    </p>
   </div>
   <div class='ocr_carea' id='block_1_22' title="bbox 1080 2811 1799 2947">
    <p class='ocr_par' dir='ltr' id='par_1_28' title="bbox 1080 2811 1799 2947">
     <span class='ocr_line' id='line_1_85' title="bbox 1084 2811 1797 2847; baseline -0.001 -4"><span class='ocrx_word' id='word_1_468' title='bbox 1084 2832 1085 2835; x_wconf 62' lang='lat'><em>=</em></span> <span class='ocrx_word' id='word_1_469' title='bbox 1121 2812 1193 2843; x_wconf 88' lang='lat' dir='ltr'><strong>Ver.</strong></span> <span class='ocrx_word' id='word_1_470' title='bbox 1212 2816 1300 2843; x_wconf 80' lang='lat'>1051.</span> <span class='ocrx_word' id='word_1_471' title='bbox 1324 2815 1356 2843; x_wconf 85' lang='lat' dir='ltr'><strong>id</strong></span> <span class='ocrx_word' id='word_1_472' title='bbox 1373 2815 1424 2843; x_wconf 78' lang='lat' dir='ltr'><strong>in:</strong></span> <span class='ocrx_word' id='word_1_473' title='bbox 1452 2813 1488 2843; x_wconf 91' lang='lat' dir='ltr'><strong>P.</strong></span> <span class='ocrx_word' id='word_1_474' title='bbox 1504 2813 1547 2842; x_wconf 90' lang='lat' dir='ltr'><strong>V.</strong></span> <span class='ocrx_word' id='word_1_475' title='bbox 1568 2811 1615 2842; x_wconf 85' lang='lat' dir='ltr'><strong>ed.</strong></span> <span class='ocrx_word' id='word_1_476' title='bbox 1641 2812 1677 2841; x_wconf 93' lang='lat' dir='ltr'><strong>B.</strong></span> <span class='ocrx_word' id='word_1_477' title='bbox 1701 2814 1797 2847; x_wconf 81' lang='lat' dir='ltr'><strong>idem;</strong></span> 
     </span>
     <span class='ocr_line' id='line_1_86' title="bbox 1080 2863 1799 2896; baseline -0.001 -1"><span class='ocrx_word' id='word_1_478' title='bbox 1080 2874 1144 2895; x_wconf 93' lang='lat' dir='ltr'><strong>non</strong></span> <span class='ocrx_word' id='word_1_479' title='bbox 1174 2864 1338 2896; x_wconf 68' lang='lat' dir='ltr'><strong>male—in</strong></span> <span class='ocrx_word' id='word_1_480' title='bbox 1368 2864 1454 2895; x_wconf 86' lang='lat' dir='ltr'><strong>deest</strong></span> <span class='ocrx_word' id='word_1_481' title='bbox 1482 2863 1579 2894; x_wconf 84' lang='lat' dir='ltr'><strong>vind.</strong></span> <span class='ocrx_word' id='word_1_482' title='bbox 1610 2864 1799 2895; x_wconf 74' lang='lat' dir='ltr'><strong>IL—-nobise</strong></span> 
     </span>
     <span class='ocr_line' id='line_1_87' title="bbox 1083 2918 1237 2947; baseline -0.006 0"><span class='ocrx_word' id='word_1_483' title='bbox 1083 2922 1124 2947; x_wconf 88' lang='lat' dir='ltr'><strong>n.</strong></span> <span class='ocrx_word' id='word_1_484' title='bbox 1142 2918 1237 2947; x_wconf 77' lang='lat' dir='ltr'><strong>nodis.</strong></span> 
     </span>
    </p>
   </div>
  </div>
 </body>
</html>
