1912 3292
499 232 732 281 LIBER
780 236 1132 293 TERTIUS.
1474 244 1561 310 137

211 356 320 400 Haec
341 359 497 410 eadem,
520 363 666 416 quibus
687 379 710 405 e
729 380 841 409 nunc
860 383 936 412 nos
956 387 1109 427 sumus,
1132 387 1228 422 ante
1244 381 1383 434 fuisse;

208 431 321 473 Scire
339 432 430 473 licet
449 434 567 476 nobis
586 436 690 478 nihil
709 454 794 481 esse
813 442 856 483 in
877 454 1011 488 morte
1030 450 1274 496 timendum:

87 505 173 542 880
205 503 294 546 Nec
312 506 504 547 miserum
525 508 628 561 fieri,
652 514 722 568 qui
742 529 828 557 non
848 526 922 569 est,
946 535 1083 576 posse3

1115 541 1250 584 neque
1269 530 1400 574 hilum

198 577 391 629 Differre,
423 596 448 621 a
467 582 579 623 nullo
598 584 720 628 fuerit
732 589 820 643 jam
841 599 1027 648 tempore
1045 607 1165 641 natus
1172 619 1183 651 3

197 650 420 694 Mortalem
441 656 565 698 vitam
586 673 697 702 mors
718 678 844 718 quom
864 667 1091 713 inmortalis
1111 675 1276 720 ademit.

256 725 450 779 Proinde,
474 731 544 772 ubi
565 749 607 774 se
626 735 764 779 videas
784 739 996 792 hominem
1016 746 1271 806 indignarier
1289 755 1440 810 ipsum,

194 797 295 840 Post
313 812 489 846 mortem
508 806 611 859 fore,

634 819 680 852 ut
700 821 772 854 aut
790 824 975 870 putescat
995 836 1169 878 corpore
1188 836 1323 882 posto,

49 959 137 983 voces
165 955 304 987 confusae
333 966 407 990 sunt
442 963 538 994 etiam
567 965 702 1000 librariis
733 972 773 1003 ad
817 974 962 1015 iudicato,
979 986 1010 1010 et
1024 982 1253 1024 nobismetipsis
1269 988 1353 1019 haud
1368 991 1400 1020 in
1417 1001 1542 1033 promp-

47 1003 140 1035 Ovid.
158 1013 235 1039 met.
251 1009 271 1039 i.
285 1013 355 1041 loo.
373 1013 427 1043 ubi
441 1014 510 1046 vide
523 1017 710 1052 Heinsium:
730 1024 773 1054 sic

45 1057 119 1090 alibi
135 1071 215 1101 saepe
240 1071 403 1103 peccatum
428 1075 481 1100 est.
525 1071 684 1115 Denique,
712 1078 770 1107 hu-

816 1032 848 1057 to
863 1035 917 1059 est.
962 1032 1016 1062 Ad
1037 1033 1173 1066 similem
1198 1037 1390 1071 locutionem
1412 1043 1444 1073 in
1466 1045 1542 1077 Silv.

819 1079 894 1111 Crit.
910 1081 948 1112 iv.
963 1093 992 1122 p.
1012 1088 1079 1116 163.
1105 1087 1203 1126 Apud
1232 1091 1347 1122 Stobaei
1371 1095 1428 1125 ecl.
1456 1098 1544 1137 phys.

41 1109 131 1150 jusce
157 1114 299 1154 elh‘pseos
325 1120 503 1159 exemplum
533 1125 658 1157 accedat
687 1128 773 1161 locus
816 1130 835 1160 i.
856 1135 902 1162 l'o'.
926 1141 1025 1165 exstat
1039 1137 1114 1168 Lini
1128 1139 1341 1180 fragmentum
1357 1145 1542 1186 inquinatis-

44 1164 244 1202 gravissimus
260 1168 440 1211 Claudiani,
457 1173 491 1203 in
508 1175 616 1208 Rufin.
634 1179 654 1209 i.
671 1184 699 1212 9„

66 1256 150 1288 'Saepe
160 1258 228 1283 mihi
239 1260 348 1286 dubiam
357 1264 445 1288 traxit
455 1268 587 1293 sententia
599 1275 734 1304 mentem,

70 1296 193 1322 Curarent
204 1300 295 1330 Superi
306 1305 399 1333 terras,
414 1312 449 1328 an
461 1306 548 1331 nullus
559 1309 655 1335 inesset

70 1337 178 1367 Κρεῖον,
195 1342 222 1363 et
234 1339 337 1366 incerto
349 1342 462 1368 fluerent
474 1347 597 1372 mortalia
609 1356 696 1376 cursu.

37 1412 188 1454 Inspicias
219 1418 397 1452 Burmanni
427 1429 759 1472 notam.—Caeterum‚

34 1474 91 1504 pro
104 1466 254 1507 Differre,
271 1473 478 1513 H.D4'fficere.
502 1477 546 1507 Et
560 1480 670 1512 eadem
688 1493 758 1514 seu-

33 1515 130 1546 tentia
145 1518 289 1551 Ciceroni
303 1529 348 1553 est
362 1524 396 1554 in
412 1527 501 1558 amic.
525 1533 553 1559 4.
589 1535 611 1549 “
630 1533 686 1564 Sin
703 1545 758 1565 au-

34 1569 137 1598 “tem
161 1569 216 1601 illa
236 1573 362 1611 veriora,
385 1583 421 1607 ut
442 1578 528 1610 idem
555 1582 697 1616 interitus
719 1588 758 1618 sit

34 1621 56 1637 “
70 1619 247 1654 animorum
263 1631 294 1655 et
315 1636 491 1667 corporum,
515 1643 572 1664 nec
588 1636 671 1668 ullus
685 1649 755 1670 sen-

33 1673 55 1688 “
70 1681 122 1701 sus
135 1682 270 1711 maneat,
294 1684 330 1708 ut
347 1680 424 1710 nihil
447 1683 520 1713 boni
537 1691 581 1715 est
596 1687 630 1717 in
646 1697 754 1727 morte,

31 1722 54 1738 “
70 1722 112 1752 sic
126 1730 208 1755 certe
223 1727 302 1758 nihil
317 1730 407 1761 mali:
428 1743 520 1764 sensu
532 1737 616 1767 enim
633 1741 754 1778 amisso,

31 1775 53 1790 “
70 1773 105 1803 fit
114 1775 209 1812 idem,
226 1780 416 1818 quasi-natus
426 1795 490 1815 non
503 1794 581 1818 esset
590 1793 751 1824 omnino.''

74 1824 146 1856 Ver.
163 1830 234 1858 88‘2.
257 1841 344 1869 quom
357 1847 367 1862 :
391 1834 488 1866 Vind.
506 1844 546 1868 Π.
562 1843 633 1877 σαί,-
663 1843 705 1874 sic
720 1852 755 1876 ut

28 1875 104 1906 editi
118 1874 314 1912 communes:
341 1886 482 1923 pessime.

43 1937 48 1947 ·
71 1928 152 1959 Ibid.
168 1943 248 1963 mors
262 1935 442 1969 inmortalis.
485 1940 535 1971 Sic
551 1943 631 1975 εὑδειν
645 1950 751 1980 adam-

27 1991 83 2019 ι-τως
114 1980 329 2021 Philodemus,
367 1998 461 2027 quem
496 1991 585 2024 docte
619 1999 752 2030 contulit

26 2030 205 2063 anckius
218 2035 250 2065 in
267 2038 349 2067 notis
365 2039 404 2070 ad
423 2041 564 2075 Analect.
579 2057 609 2086 p.
628 2053 698 2082 145.
720 2058 750 2082 et

20 2080 88 2120 ipse
103 2086 238 2116 conabor
251 2089 478 2130 castigatiorem
494 2094 649 2137 linquere:

22 2176 105 2208 -Ξυθη,
126 2185 296 2214 κηροπλασπ,
315 2187 437 2221 μυρορροε,
457 2198 645 2226 μυσοπροσωτε,

59 2227 167 2257 Eumae,
189 2228 334 2265 διπτερυγω
347 2239 428 2260 zochor
444 2242 564 2272 αγαιλμοι
577 2241 660 2273 ποθων,

23 2271 108 2301 Ψηλον
120 2279 213 2307 χειλεσι
225 2287 268 2310 μοι
283 2279 398 2315 δροσεροις
407 2289 493 2317 ,caupo-1¹
512 2294 532 2311 εν
542 2293 679 2324 μονοκλινῳ

61 2320 105 2346 Δει
117 2330 154 2354 με
168 2322 308 2360 λιθοδμητῳ
319 2327 349 2356 δη
359 2339 416 2355 ποτε
427 2332 538 2366 πετριδιῳ

20 2365 101 2392 Εὗδειν
113 2367 244 2399 αθανατως
257 2378 334 2399 malm
345 2382 437 2410 χρονον·
450 2378 497 2410 ᾳῖιε
511 2385 586 2406 tram
599 2393 651 2414 μοι,

59 2414 204 2450 Ξεθσιριω,
226 2429 265 2444 ναι
279 2430 318 2446 ναι
329 2432 357 2447 το
369 2428 452 2453 γλυκυ
463 2436 525 2452 ‘rufo
537 2433 622 2460 μελος.

18 2505 169 2537 Conferas
184 2508 298 2541 Theoc.
313 2512 335 2542 i.
355 2517 424 2546 107.
451 2518 540 2560 Virg.
563 2521 618 2553 ecl.
640 2523 660 2554 i.
687 2528 737 2556 56.

17 2555 84 2586 Nec
106 2558 189 2589 male
212 2564 424 2596 committetur
447 2569 526 2610 epig.
544 2576 614 2605 219.
638 2574 689 2606 lib.
706 2577 737 2607 ii.

17 2605 144 2640 Anthol.
162 2610 229 2642 Lat.
249 2614 358 2647 Burm.
374 2627 412 2647 ex
431 2620 548 2653 Gellio:

71 2692 201 2718 Mortaleis
210 2694 364 2723 inmortaleis
376 2700 440 2727 flere
450 2703 471 2727 si
482 2703 553 2730 foret
562 2706 612 2737 fas,

71 2729 179 2760 'Flerent
187 2734 259 2760 divae
271 2737 414 2765 Camoenae
427 2743 551 2769 Naeviom
562 2747 682 2777 poetam.

18 2799 178 2843 Caeterum,
188 2808 321 2842 Lambin
327 2824 361 2844 us
371 2817 421 2857 cuj
425 2818 535 2850 usdam
541 2823 624 2861 apud
637 2825 732 2857 Athe-

14 2860 118 2884 naeum
139 2861 394 2897 appositissimam
421 2869 591 2904 formulam
613 2886 733 2908 memo-

11 2903 98 2941 ravit,
121 2907 246 2946 θανατος
270 2918 422 2953 affluam·
447 2921 516 2953 loco
539 2930 643 2957 tamen
667 2940 731 2961 non

816 1182 944 1221 simum,
960 1185 1000 1215 ad
1010 1186 1078 1217 loca
1089 1189 1189 1220 multa
1204 1192 1342 1224 Lucretii
1358 1196 1543 1230 illustranda

809 1235 1098 1267 commodissimum
1105 1251 1115 1276 ;
1131 1241 1220 1280 cujus
1229 1245 1405 1281 portionem
1417 1248 1469 1279 hic
1483 1260 1539 1290 ap-

807 1284 941 1322 positam
958 1288 1203 1322 emendatiorem
1219 1294 1376 1328 dabimus:

803 1377 866 1404 Ὠδε
879 1389 931 1414 γαρ
952 1382 1156 1412 ΑΘΔΝΔΤΟΣ
1180 1388 1360 1418 ΘΑΝΑΤΟΣ
1381 1403 1431 1428 περι
1449 1405 1537 1423 τινε-ω

939 1435 1073 1462 καλυπτει,

804 1475 898 1503 orm-03
912 1484 962 1502 εων·
975 1488 1022 1504 κου
1035 1490 1086 1506 παν
1101 1481 1206 1511 &meza
1218 1485 1345 1521 φθαρτον·
1356 1499 1384 1514 το
1395 1489 1535 1528 δ’ὑπσιρχον

804 1521 965 1552 Φοιντοισιοας
979 1525 1014 1550 T’
1029 1528 1336 1566 ΑΛΛΟῙΟΤΡΟΠΟΙΣ,
1351 1546 1397 1562 και
1411 1547 1534 1573 azau-avi

936 1580 1029 1607 mmm
1032 1593 1038 1604 ν

802 1618 913 1650 Α)ὣ.αξει
928 1631 1058 1655 τροπω-.

801 1703 844 1732 Et
858 1704 938 1736 illud
954 1720 1097 1748 σχηματι
1113 1721 1220 1753 μορφῆς
1239 1718 1405 1756 respondet
1414 1720 1532 1752 Lucre-

799 1753 892 1784 tianae
908 1757 1009 1795 phrasi
1014 1760 1193 1800 firmarum
1208 1769 1346 1805 speciem,
1362 1769 1396 1800 in
1411 1770 1442 1801 ii.
1455 1776 1528 1805 489.

842 1805 917 1836 Ver.
932 1811 1003 1839 885.
1026 1822 1056 1841 se
1077 1815 1274 1854 indignarier
1296 1821 1415 1859 ipsum:
1441 1824 1531 1856 {avene

801 1856 1055 1898 ὑπεραγανακτειν.
1096 1865 1218 1898 Pariter
1232 1879 1294 1900 ver.
1311 1875 1384 1903 897.
1400 1880 1431 1904 et
1444 1886 1528 1913 mox,

798 1916 857 1937 ver.
876 1912 966 1940 1058.

832 1994 835 1996 .
857 1975 902 1999 Tu
914 1983 978 2002 vero
989 1979 1131 2013 dubitabis,
1148 1988 1175 2009 et
1186 1984 1348 2019 indignabere
1358 1991 1444 2017 obire?

796 2030 964 2073 Sulpicius,
986 2037 1020 2067 in
1046 2039 1186 2073 Ciceron.
1212 2045 1297 2084 epist.
1321 2047 1360 2078 iv.
1377 2052 1405 2080 5.
1430 2061 1520 2082 orna-

795 2082 913 2114 tissimo
937 2097 1010 2118 sane
1038 2089 1120 2122 loco:
1150 2098 1172 2112 ‘⁴
1191 2096 1278 2136 Coepi
1303 2109 1429 2141 egomet
1455 2115 1521 2136 me-

794 2139 816 2153 “
832 2146 906 2167 cum
932 2139 977 2168 sic
991 2142 1140 2182 cogitare:
1174 2146 1278 2180 Hem!
1303 2162 1360 2182 nos
1382 2154 1519 2187 homun-

792 2191 813 2206 “
830 2189 893 2219 culi
909 2190 1122 2234 indignamur,
1147 2198 1170 2228 si
1187 2201 1257 2240 quis
1279 2211 1422 2237 nostrum
1436 2208 1518 2240 inte-

784 2243 813 2257 <‘
830 2240 892 2279 riit‚
917 2248 971 2272 aut
993 2246 1113 2277 occisus
1130 2256 1184 2286 est,
1209 2262 1344 2292 quorum
1361 2258 1423 2289 vita
1449 2261 1518 2291 bre-

790 2294 812 2308 “
830 2291 895 2322 vim·
909 2303 974 2324 esse
989 2295 1091 2336 debet,
1115 2302 1187 2332 dum
1204 2313 1269 2334 uno
1285 2305 1352 2338 loco
1368 2315 1413 2339 tot
1428 2312 1515 2351 oppi-

781 2345 811 2360 '“
828 2342 905 2374 dum
928 2346 1076 2380 cadavera
1098 2353 1235 2393 projecta
1251 2358 1361 2397 jacent
1370 2361 1410 2390 ?¹’
1456 2364 1515 2399 Sic,

787 2394 907 2432 opinor,
920 2400 1168 2435 emendandum:
1197 2408 1292 2450 vulgo
1308 2411 1430 2452 legitur,
1444 2427 1513 2446 ςιιηι

785 2447 967 2485 etjaceant;
992 2452 1046 2482 sed
1071 2453 1104 2485 in
1119 2456 1230 2496 jacent
1255 2463 1362 2492 omnia
1387 2467 1510 2506 conspi-

785 2503 854 2526 rant
884 2498 956 2530 MS.
987 2506 1184 2544 exemplaria.
1232 2512 1317 2547 Quid
1339 2514 1450 2546 attinet
1472 2517 1511 2548 de

782 2547 982 2582 usitatissima.
1003 2560 1066 2586 lum
1095 2564 1126 2587 et
1148 2571 1217 2591 cum
1244 2563 1438 2602 confusione,
1462 2570 1510 2600 vel

781 2610 882 2630 unum
901 2604 1030 2635 verbum
1044 2609 1227 2651 prodigere?
1246 2614 1320 2645 Non
1336 2618 1437 2649 multo
1453 2621 1508 2652 ali-

781 2657 830 2681 ter
847 2651 1010 2694 Virgilius,
1035 2659 1112 2691 AEn.
1130 2662 1163 2692 ii.
1180 2667 1230 2694 95.

812 2721 844 2744 Et
855 2728 965 2748 mecum
972 2723 1087 2752 insontis
1097 2735 1189 2756 casum
1200 2731 1353 2766 indignabar
1362 2738 1456 2764 amici:

781 2779 798 2809 i.
814 2790 838 2810 e.
863 2792 936 2812 cum
952 2785 1151 2819 miseratione
1166 2795 1504 2830 stomachabar.—-Coe-

779 2837 890 2870 uerum,
914 2847 1007 2877 super
1028 2840 1088 2871 hoc
1111 2851 1298 2882 argumento
1325 2848 1503 2889 Diogenem

778 2883 950 2926 La'ertium,
975 2901 1002 2920 x.
1019 2894 1071 2921 81.
1089 2903 1162 2923 cum
1182 2896 1300 2928 Anecd.
1318 2900 1417 2931 Graec.
1432 2903 1501 2932 Vil-

775 2934 844 2968 lois.
860 2939 877 2969 i.
895 2951 923 2979 p.
940 2945 1006 2974 192.
1023 2944 1183 2985 collatum,
1199 2949 1242 2979 sic
1252 2952 1421 2983 constituo:
1443 2960 1503 2985 Επι

737 2993 805 3025 ΚΩ
