1912 3292
498 227 729 277 LIBER
777 226 1125 278 TERTIUS.

1464 234 1553 274 1:33

206 359 322 401 Nihil
341 366 476 400 tamen
497 364 556 398 est
576 356 629 397 ad
649 370 738 406 nos,
761 356 855 411 quei
875 363 1043 411 comptu
1063 356 1334 413 conjugioque

209 432 403 488 Corporis
422 438 544 486 atque
563 430 713 471 animae
733 431 990 472 consistimus
1010 431 1145 472 uniter
1165 431 1286 485 aptei.

61 596 123 628 quo
137 586 285 617 divinatio
299 589 404 615 nostra
424 594 490 614 uno
506 590 628 615 tantum
644 584 782 615 elemen-

60 643 94 668 to
108 637 265 676 discrepat.
312 636 375 665 His
397 635 492 665 etiam
512 635 592 665 adsit
613 645 717 665 comes
734 636 782 665 si-

62 688 136 728 lius,
158 689 241 719 Pun.
257 687 323 717 xiii.
341 690 413 718 587.

470 767 607 792 Discordia
619 767 738 800 gaudens

123 809 273 834 Permiscere
273 808 377 839 fretum
388 808 457 832 caelo.

61 881 112 912 Ex
133 890 196 921 quo
222 878 398 909 fedissimos
411 888 529 909 errores
543 878 653 909 tollam
675 879 716 909 ad
738 889 784 910 xv.

67 936 138 964 716.

61 1013 154 1039 Acrius
164 1013 216 1038 hoc
228 1012 328 1038 Italum
340 1011 423 1044 pubes
434 1011 556 1042 incurrit,
573 1015 600 1037 et
613 1015 720 1043 urguet:

59 1055 100 1078 Ut
111 1057 225 1083 torrens,
242 1056 273 1077 ut
284 1055 440 1084 tempestas,
451 1056 482 1076 ut
494 1052 604 1076 flamma
614 1053 717 1076 corusci

3 1108 6 1112 ·
60 1092 200 1122 Fulminis,
213 1095 244 1116 ut
255 1093 347 1116 Boreas
360 1094 452 1115 montes
463 1091 545 1123 fugit,
557 1095 587 1115 ut
598 1097 665 1115 cava
676 1094 788 1116 currunt

61 1131 168 1162 Nubila,
183 1137 247 1156 cum
255 1130 343 1163 pelago
355 1130 443 1155 coelum
453 1130 596 1162 permiscuit
608 1132 700 1155 Eurus.

61 1202 162 1240 Libri,
186 1205 318 1233 Boream
328 1207 453 1241 pontum
477 1211 533 1241 pro
548 1211 610 1242 quo
626 1201 789 1237 Heinsius,

64 1252 238 1293 ingeniose,
254 1260 290 1282 ut
307 1262 440 1291 semper:
461 1256 483 1270 “
499 1252 600 1284 Borea
613 1259 726 1292 pontus
728 1253 790 1293 fu-

65 1307 89 1323 “
102 1304 176 1334 rit.'’
209 1303 333 1333 Nostrae
356 1303 540 1333 divinationi
561 1309 669 1334 tamen
696 1303 791 1334 Silius

63 1355 130 1395 ipse
144 1354 266 1385 videtur
280 1354 472 1394 adstipulari,
495 1355 528 1384 in
542 1355 602 1384 xiv.
621 1358 689 1385 121.

257 1436 360 1464 Boreas,
377 1434 503 1467 Rhodopes
514 1442 531 1459 α
543 1435 639 1460 vertice
647 1439 768 1468 praeceps,

93 1476 166 1501 Cum
175 1482 231 1500 sese
242 1474 431 1499 immisit—:

63 1556 121 1577 nec
135 1547 240 1577 minus
254 1545 340 1576 idem
354 1545 394 1576 ad
408 1546 467 1576 xvi.
483 1549 554 1578 385.

412 1635 462 1654 ceu
473 1632 554 1654 monte
563 1629 671 1662 procella

126 1669 197 1693 Cum
208 1668 294 1693 subita
305 1675 342 1694 ex
352 1668 410 1694 alto
421 1669 485 1694 ruit.

68 1739 186 1771 Confer
200 1739 306 1771 Valer.
330 1738 430 1770 Flacc.
459 1739 503 1770 iii.
526 1742 598 1772 652.
627 1740 791 1771 Claudian.

67 1791 107 1821 de
121 1796 191 1821 tert.
219 1801 301 1821 cons.
329 1791 452 1821 Honor.
479 1795 528 1823 95.
556 1792 654 1822 Rutil.
677 1793 744 1822 itin.
772 1793 793 1823 i.

68 1845 141 1873 514.
178 1841 275 1872 Unde
289 1842 366 1882 quid
377 1847 459 1872 vetat
472 1843 597 1881 po'etam
611 1849 793 1882 nostratem,

69 1894 245 1933 Josephum
273 1894 422 1924 Iscanum
450 1894 485 1935 (i.
514 1905 540 1924 e.
567 1895 794 1936 Exoniensem)

67 1945 146 1981 dico,
170 1945 210 1975 de
224 1945 305 1975 bello
321 1945 469 1986 Trojano,
491 1956 518 1976 v.
536 1949 605 1977 115.
626 1957 683 1978 nos
696 1953 795 1978 trans·

68 2002 179 2027 euntes
193 1996 385 2028 emaculare?

324 2079 382 2103 Non
393 2078 429 2103 sic
441 2078 556 2104 insibilat
567 2080 663 2105 Auster

68 2117 216 2142 Frondibus
227 2117 361 2149 hybernis,
378 2125 432 2142 non
443 2121 521 2143 tanto
533 2126 615 2144 verna
627 2119 733 2152 fragore

66 2158 180 2183 Flamina
190 2158 362 2191 praecipitant
373 2163 491 2190 montes,
503 2167 557 2185 non
569 2160 681 2186 flumina
692 2166 792 2188 cautes.

67 2238 190 2279 Vulgo,
202 2241 358 2270 Flumina.
382 2240 434 2270 De
446 2241 674 2279 permutatione
689 2248 795 2272 autem

68 2299 181 2319 vocum
194 2291 338 2321 Flamina
355 2297 386 2321 et
389 2293 544 2332 flumina,
567 2292 619 2322 adi
633 2292 674 2322 ad
687 2293 706 2323 i.
722 2297 795 2324 291.

59 2344 145 2373 aiam
159 2346 284 2380 tempus
298 2347 345 2372 est
358 2342 460 2373 redire
474 2343 507 2373 in
521 2343 612 2374 viam.

113 2393 189 2423 Ver.
215 2397 286 2426 855.
321 2402 419 2427 nostro
449 2399 485 2427 de
510 2407 646 2436 corpore:
673 2407 795 2438 nempe,

72 2445 192 2484 aliquid
208 2444 247 2474 de
262 2452 366 2476 nostro
391 2457 536 2486 corpore;
558 2457 628 2487 quae
651 2448 796 2489 frequen-

70 2494 191 2525 tissima
205 2501 251 2525 est
275 2496 390 2535 ellipsis
412 2497 446 2527 in
472 2498 580 2528 multis
594 2498 718 2529 dicendi
734 2500 797 2530 for-

71 2547 168 2577 mulis
181 2557 254 2577 cum
267 2548 482 2588 praepositione
498 2552 534 2580 de
541 2563 551 2580 .·
577 2550 596 2581 i.
612 2560 636 2580 e.
663 2554 684 2569 “
700 2552 726 2581 si
740 2552 798 2583 ali-

71 2603 95 2619 “
110 2611 172 2641 qua
201 2612 270 2641 pars
300 2603 398 2633 nostri
423 2605 568 2644 corporis,
601 2605 654 2636 alii
677 2606 799 2636 homini

73 2655 96 2671 “
111 2653 288 2694 conjuncta,
313 2655 394 2686 forte
418 2656 546 2688 fortuna
570 2668 697 2688 sensum
720 2664 800 2689 tem-

71 2705 95 2723 “
108 2714 182 2744 pore
197 2706 337 2745 quolibet
349 2707 503 2746 recipiet.”
537 2708 618 2739 Tota
631 2709 692 2740 loci
707 2711 796 2747 ratio,

71 2760 104 2786 et
126 2755 160 2785 in
185 2756 295 2796 primis
317 2769 395 2790 verr.
423 2763 495 2791 859.
525 2764 596 2792 860.
623 2765 694 2793 866.
718 2763 799 2793 hanc

71 2814 136 2837 ense
149 2808 248 2847 po‘etae
262 2818 403 2842 mentem
425 2812 676 2845 manifestissime
696 2815 798 2846 decla-

73 2862 160 2895 rant3
181 2859 222 2890 ad
235 2871 330 2901 quam
352 2869 459 2894 tamen
473 2874 569 2896 nemo
583 2865 681 2907 quivit
695 2867 798 2897 hacte-

73 2915 135 2938 nus
148 2916 315 2948 penetrare.

830 585 999 623 Caeterum,
1022 591 1059 615 ut
1080 585 1311 626 aliquantulum
1332 586 1495 625 exspatiari
1516 587 1553 617 li-

829 642 907 674 ceat,
939 636 1024 666 haud
1049 637 1243 667 infructuose
1268 637 1407 673 forsitan,
1441 637 1556 676 ellipsis

829 693 961 728 cognata
975 687 1086 718 fefellit
1107 687 1288 727 interpretes
1307 688 1347 719 ad
1371 689 1400 718 S.
1424 689 1554 725 Lucam,

830 750 938 780 evang.
962 750 1011 770 xv.
1041 744 1088 771 16.
1123 746 1177 771 Και
1205 743 1332 780 επεένμει
1360 754 1478 780 γεμισαι
1505 754 1555 773 ‘rm

831 799 940 821 xOIZtoev
955 792 1033 821 αὖτε
1048 803 1107 821 αἵθ
1131 805 1186 821 *Tam
1209 806 1354 834 xifoeflfflll,
1377 793 1412 822 ὧν
1428 794 1514 825 ”saloy
1531 792 1556 823 Οἱ

829 856 928 884 χοιρᾱι·
952 856 1001 873 και
1014 841 1082 876 ἔδεις
1099 842 1169 873 εδιὲε
1192 843 1226 884 (i.
1244 853 1269 873 e.
1287 857 1324 880 τι,
1340 843 1388 873 vel
1406 857 1438 874 το
1454 846 1556 881 scetem,

829 893 1010 933 subaudito)
1037 907 1125 933 αυτῳ.
1163 894 1338 932 Homerus,
1360 894 1421 925 Od.
1438 901 1465 925 P.
1481 897 1553 925 505.

829 949 948 978 utiliter
963 948 1096 978 conferri
1112 955 1226 988 potest:

849 1029 904 1057 Evfl'
917 1035 990 1057 αλλοι
1002 1040 1046 1064 μεν
1058 1041 1148 1060 παντες
1161 1036 1292 1061 esen->mrem
1307 1031 1338 1062 τ’,
1361 1032 1508 1058 ΕΔΟΣΑΝ
1523 1041 1556 1058 τε.

833 1102 983 1133 For-mula
998 1112 1062 1132 non
1076 1103 1226 1133 absimilis
1244 1103 1438 1143 Scaligerum
1453 1103 1557 1133 ludifi-

833 1159 901 1183 cata
914 1159 971 1191 est,
994 1160 1026 1183 et
1052 1153 1229 1192 Reiskium,
1252 1154 1292 1183 ad
1319 1154 1391 1183 Isaei
1417 1160 1492 1184 orat.
1520 1154 1559 1183 de

836 1204 942 1234 Ciron.
967 1204 1080 1233 haered.
1094 1214 1125 1242 p.
1144 1207 1180 1233 21
1191 1207 1298 1234 1.——a·z
1316 1211 1480 1243 εκωλυομην
1495 1217 1557 1234 συν-

833 1257 961 1291 &affe-ew,
996 1261 1083 1284 αλλα
1109 1266 1210 1284 ταντα
1236 1266 1388 1291 auvarorum,
1416 1267 1459 1294 εχ
1485 1255 1559 1288 ὅπως

834 1305 899 1336 «ηδε
914 1313 1130 1342 auximana-05,
1147 1304 1191 1336 832
1203 1310 1360 1340 Διοκλεκς.·
1386 1316 1510 1345 nempe,
1523 1320 1561 1336 τι.

833 1357 938 1387 Locus
952 1362 998 1387 est
1011 1356 1217 1387 sincerissime
1232 1357 1370 1397 scriptus.

878 1408 952 1439 Ver.
968 1411 1040 1439 856.
1067 1410 1234 1444 Detractu5
1260 1408 1304 1439 sic
1326 1410 1361 1440 L.
1386 1410 1434 1440 M.
1458 1415 1489 1440 et
1503 1421 1559 1440 no-

833 1460 883 1489 bis
907 1459 1077 1498 simplicior
1099 1459 1220 1490 videtur
1242 1460 1345 1499 lectio,
1369 1467 1461 1501 atque
1482 1461 1561 1492 adeo

834 1511 1032 1542 Lucretianae
1046 1511 1145 1542 indoli
1157 1512 1296 1543 vicinior.
1330 1513 1468 1554 Reliqui,
1483 1515 1561 1544 Dis·

835 1569 944 1595 tracta.

877 1614 950 1646 Ver.
968 1618 1041 1647 857.
1063 1622 1123 1647 esc:
1150 1616 1282 1647 editores
1303 1627 1342 1647 cx
1364 1616 1491 1647 arbitrio
1513 1627 1561 1647 re-

834 1673 966 1707 ponunt,
981 1670 1055 1703 lzoc;
1086 1668 1290 1699 audacissime
1317 1675 1409 1709 atque
1431 1668 1563 1699 inscitis-

835 1719 1037 1758 sime—quei
1052 1719 1138 1749 deest
1154 1719 1193 1749 V.
1209 1719 1440 1760 ed.—compcu.·
1459 1720 1500 1750 V.
1514 1720 1561 1750 ed.

836 1776 925 1808 caetu,
948 1780 1004 1809 pro
1019 1781 1080 1801 var.
1097 1770 1166 1802 lect.
1183 1777 1224 1801 Π.
1247 1778 1371 1807 conctu;
1398 1772 1435 1802 L.
1460 1777 1495 1801 ut
1517 1772 1562 1801 vi-

838 1820 937 1856 detur,
976 1827 1071 1857 coetu,·
1110 1832 1206 1861 quam
1235 1822 1402 1852 lectionem
1431 1822 1563 1853 editores

838 1871 921 1901 male
943 1882 1137 1911 praeposuere
1164 1878 1288 1911 nostrae‚
1318 1873 1460 1912 pluribus
1482 1873 1564 1903 nixae

838 1923 1024 1954 testimoniis
1038 1924 1198 1955 librorum.
1234 1927 1359 1965 Comptu.
1375 1925 1499 1961 scilicet,
1515 1937 1566 1955 or-

839 1982 929 2013 natu,
951 1975 999 2005 vel
1014 1975 1232 2013 instrumento,
1255 1982 1286 2006 et
1300 1983 1465 2016 apparatu:
1495 1976 1566 2007 vide

838 2036 896 2056 nos
919 2026 1088 2056 dictionem
1111 2027 1259 2058 Lucretio
1284 2034 1453 2058 asserentes
1478 2027 1517 2058 ad
1544 2028 1565 2058 i.

840 2081 911 2110 949.
937 2078 1039 2108 videas
1054 2079 1149 2109 etiam
1171 2089 1231 2110 ver.
1248 2083 1297 2110 88.
1313 2079 1443 2117 ibidem;
1467 2085 1498 2110 et
1513 2090 1564 2110 su-

837 2141 894 2169 pra
904 2140 965 2161 ver.
978 2134 1049 2161 260.
1065 2131 1124 2161 hoc
1139 2131 1226 2162 libro.
1251 2132 1447 2163 Glossarium
1460 2137 1561 2162 vetus:

839 2185 861 2200 “
880 2185 1034 2223 Comptus,
1057 2184 1298 2223 nauemmoeff'
1346 2187 1485 2224 Comptus
1505 2184 1565 2224 igi-

838 2238 899 2271 tur,
923 2240 1016 2275 atque
1030 2236 1219 2276 conjugium,
1242 2241 1288 2266 est
1296 2237 1428 2275 pulchra
1445 2246 1565 2275 compa-

836 2296 889 2325 ges
903 2286 1018 2315 animae
1032 2296 1068 2316 ac
1083 2286 1218 2325 corporis
1229 2287 1480 2327 conjunctorum.

882 2337 958 2368 Ver.
975 2341 1046 2369 858.
1061 2340 1164 2370 uniter
1178 2341 1277 2379 aplez':
1306 2346 1346 2370 Π.
1361 2342 1455 2371 wzica
1469 2342 1564 2380 capti.

840 2390 884 2420 Et
897 2400 982 2427 mox,
1007 2401 1065 2422 ver.
1083 2393 1154 2422 860.
1176 2404 1249 2430 non,
1272 2403 1328 2431 pro
1343 2404 1436 2424 nunc.

883 2441 958 2472 Ver.
973 2445 1045 2473 860.
1074 2446 1241 2483 redegerit.-
1267 2444 1300 2473 in
1316 2455 1433 2474 novum
1451 2445 1567 2475 scilicet

840 2492 1011 2528 hominem,
1042 2504 1080 2523 ex
1117 2494 1276 2533 particulis
1305 2495 1401 2525 nostri
1431 2496 1568 2534 corporis

842 2543 1058 2582 compositum.
1105 2545 1181 2575 Huc
1204 2551 1343 2584 spectant
1365 2545 1428 2576 duo
1443 2546 1569 2584 pulchri

843 2603 946 2623 versus
961 2595 1045 2634 apud
1058 2595 1170 2626 Stobaei
1182 2596 1237 2626 ecl.
1251 2597 1339 2636 phys.
1357 2607 1386 2636 p.
1404 2600 1474 2628 128.
1490 2607 1568 2638 quos

843 2646 1031 2677 emendabo:

881 2740 1000 2766 ΑΛΛΟΣ
1015 2739 1037 2766 δ’
1047 2742 1070 2772 εξ
1083 2745 1152 2767 αλλυ
1166 2750 1315 2775 γεννωμενος,
1335 2741 1375 2772 ἥδ’
1386 2742 1570 2769 ΑΝΑΒΛΑΣ-

998 2790 1086 2820 ΤΩΝ,

884 2835 1011 2869 Ψυχκτοιι
1025 2845 1116 2870 mulus
1129 2843 1217 2870 φυσεως
1229 2847 1396 2874 xpm-pauperum
1408 2839 1567 2864 KA1N012:

845 2917 884 2949 ad
899 2919 1033 2950 eandem
1047 2922 1271 2961 metaphoram,
1295 2923 1357 2964 qua
1377 2928 1481 2954 noster
1496 2930 1572 2952 usus
