1912 3292
467 245 700 299 LIBER
754 239 1135 299 QUARTUS.

1442 243 1535 284 293

196 380 445 428 Praesertim,
477 377 509 417 si
529 390 623 417 cum
643 387 804 415 summo
824 379 884 412 est
903 371 1080 412 clamore
1099 370 1298 425 profusus.

195 456 311 513 Ergo
331 463 571 507 corpoream
591 461 734 488 vocem
755 452 943 486 constare
962 458 1124 484 necesse
1144 451 1214 492 est,

82 535 163 571 545
199 529 336 571 Multa
354 527 522 580 loquens
543 520 738 577 quoniam
759 520 909 560 amittit
928 518 980 559 de
1000 531 1173 572 corpore
1191 524 1363 571 partem.

254 602 341 643 Nec
362 598 481 640 simili
501 603 718 652 penetrant
739 595 872 635 aureis
892 591 1119 648 primordia
1138 589 1286 639 forma,

195 676 336 724 Quom
355 673 455 714 tuba
474 671 666 727 depresso
686 670 867 727 graviter
887 668 962 709 sub
983 680 1193 708 murmure
1212 664 1359 721 mugit,

92 833 126 863 'V
127 842 168 863 er.
185 834 257 863 547.
278 833 331 862 sub
357 841 530 861 murmure:
557 829 657 860 Vind.
675 830 716 859 V.
731 829 779 861 ed.

50 884 88 915 L.
106 890 146 914 Π.
166 890 210 914 Ω.
226 884 278 914 sub
294 893 453 912 murmura
464 897 475 918 ,-
500 881 547 911 M.
562 892 598 912 su
610 892 780 911 murmura.

53 936 229 973 Nimirum,
275 933 443 964 clarissime
479 933 669 973 dispicimus,
706 932 782 973 quid

52 987 206 1027 scripserit
221 986 396 1022 Lucretius,
423 986 563 1026 quamvis
578 995 642 1015 non
658 986 727 1015 ausi
741 985 781 1014 si—

51 1039 172 1070 mus‘m
186 1043 334 1069 contextu
357 1047 481 1076 ponere,
508 1047 548 1066 ne
571 1036 605 1066 in
631 1036 781 1066 morosio-

53 1101 126 1121 rum
140 1089 413 1130 reprehensionem
433 1089 640 1124 incurramus,
660 1087 782 1128 conjec-

53 1141 132 1172 turis
143 1141 255 1171 criticis
269 1140 399 1170 minime
414 1139 597 1170 faventium.
629 1139 696 1170 En!
715 1149 782 1179 ger-

55 1192 272 1224 manissimam
286 1191 471 1230 scripturam
488 1191 575 1221 Cari:

85 1275 180 1307 Quom
199 1275 265 1299 tuba
286 1273 424 1306 depressam
449 1273 568 1305 graviter
588 1273 635 1297 sub
652 1278 785 1297 murmura

149 1314 250 1346 mugit.

55 1388 75 1419 i.
98 1397 124 1418 e.
157 1390 180 1406 “
205 1397 305 1428 quum
327 1387 403 1417 tuba
427 1386 590 1427 submugit
611 1394 782 1419 murmura,

58 1443 82 1459 ‘⁶
98 1438 233 1480 graviter
255 1438 434 1477 depressum
456 1437 787 1478 aliquid.’'—Copiam

55 1493 220 1522 verborum
235 1490 390 1528 adhibuit,
414 1495 449 1520 ut
464 1490 637 1520 evidentius
648 1499 716 1519 rem
732 1488 785 1518 de-

55 1543 193 1575 clararet.
244 1543 353 1574 Gravis
378 1547 484 1572 autem
504 1547 536 1571 et
559 1543 715 1581 depressus
737 1549 786 1569 so-

57 1605 118 1626 nus
129 1620 131 1623 .
143 1596 215 1625 altis
240 1593 418 1633 opponitur,
452 1600 484 1623 et
512 1594 620 1624 acutis.
667 1592 788 1622 Auctor

56 1648 170 1678 rhetor.
186 1645 226 1676 ad
242 1645 385 1676 Herenn.
401 1645 444 1676 iii.
464 1648 511 1675 12.
535 1648 557 1663 “
574 1645 714 1675 Firmam
728 1642 787 1683 igi-

59 1702 81 1718 “
97 1705 149 1730 tur
172 1697 308 1728 maxime
332 1697 506 1737 poterimus
529 1697 564 1727 in
586 1695 718 1726 dicendo
733 1705 788 1724 vo-

59 1754 83 1770 “
98 1761 167 1781 cem
183 1759 374 1785 conservare,
389 1749 416 1778 si
427 1758 523 1789 quam
534 1747 671 1777 maxime
681 1745 787 1776 sedata

59 1805 82 1820 “
100 1808 132 1832 et
161 1800 299 1841 depressa
328 1811 395 1831 voce
429 1798 582 1838 principia
611 1795 786 1828 dicemus.’'

63 1851 214 1883 Similiter
236 1851 311 1881 ibid.
333 1853 382 1880 14.
409 1850 478 1880 init.
507 1855 538 1879 et
559 1849 614 1879 fin.
637 1848 788 1879 sectionis

62 1904 176 1944 Neque
193 1901 348 1943 Virgilius
370 1901 500 1931 omnino
515 1900 660 1931 adveniet
678 1899 791 1929 intem-

63 1956 209 1996 pestivus,
233 1964 300 1995 geo.
316 1954 336 1983 i.
352 1956 424 1984 410.

92 2030 170 2054 Tum
181 2028 293 2059 liquidas
303 2027 379 2051 corvi
387 2030 471 2058 presso
481 2029 523 2052 ter
530 2029 634 2059 gutture
645 2032 736 2055 voceS,

91 2070 147 2094 Aut
159 2072 265 2098 quater,
286 2066 528 2098 ingeminant—.

63 2133 176 2164 Fateor
195 2137 302 2161 tamen
317 2129 444 2170 vulgata
458 2129 609 2170 liquidius
623 2128 794 2159 decurrere.

108 2183 192 2214 Ibid.
213 2183 465 2222 tuba—graviter
479 2183 533 2211 sub
555 2192 712 2212 murmure
726 2192 794 2211 mu-

64 2237 120 2275 git.
145 2234 196 2264 Sic
210 2234 244 2264 in
259 2243 349 2264 versu
362 2232 685 2273 magnificentissimo,
708 2243 793 2262 sum-

68 2298 140 2318 mus
154 2286 283 2326 po'eticae
297 2285 444 2316 dictionis
459 2285 570 2315 artifex
585 2285 645 2321 ille,
664 2285 795 2315 Mantu-

67 2349 158 2376 anus,
191 2338 266 2368 AEn.
282 2337 345 2367 viii.
361 2341 433 2368 526.

83 2407 297 2440 Tyrrhenusque
307 2407 374 2431 tubae
384 2407 482 2439 mugire
493 2414 541 2438 per
553 2406 657 2431 aethera
667 2407 777 2438 clangor.

69 2465 271 2503 Mollissime‚
287 2470 323 2495 ut
338 2465 452 2501 omnia,
471 2464 674 2501 Claudianus,
690 2475 751 2496 ver.
766 2468 796 2494 5.

69 2517 186 2560 praefat.
202 2516 236 2546 in
261 2515 367 2546 Rufin.
381 2516 413 2546 ii.

117 2598 194 2623 Nulla
204 2605 252 2630 per
263 2598 360 2623 Aonios
371 2598 472 2623 hostilis
481 2598 586 2622 buccina
596 2604 705 2631 campos

148 2638 276 2662 Carmina
286 2637 385 2669 mugitu
396 2637 528 2663 deteriore
538 2641 623 2662 vetat.

73 2708 279 2740 Praecesserat
290 2709 416 2739 Ennius
431 2708 514 2748 apud
527 2709 715 2739 Varronem:

164 2775 277 2801 Tibicina
287 2783 421 2801 maxumo
434 2776 524 2801 labore
535 2775 624 2808 mugit.

72 2831 266 2864 Prudentius
280 2834 314 2864 in
329 2835 436 2865 animo
451 2841 594 2866 nostrum
610 2835 729 2866 Carum
743 2836 799 2866 ha-

72 2884 151 2920 buit,
174 2885 214 2915 ad
230 2888 332 2926 apoth.
348 2890 422 2919 586.

72 2950 210 2982 Quidquid
218 2952 245 2978 in
256 2959 311 2980 aere
321 2961 389 2980 cavo
395 2955 506 2981 reboans
515 2955 576 2981 tuba
585 2963 666 2982 curva
678 2956 797 2989 remugit:

824 838 882 859 nec
896 828 1003 858 minus
1017 826 1051 856 in
1065 825 1229 866 hamartig.
1250 826 1321 856 916.

1142 906 1230 923 raucos
1241 901 1268 923 et
1278 896 1390 929 percipit
1401 902 1464 920 aure

857 941 971 973 Mugitus
979 940 1106 972 gravium
1117 939 1213 963 mundi
1222 938 1270 962 sub
1282 936 1335 961 fine
1346 936 1475 960 tubarum,

1489 996 1551 1028 Sed

827 1058 923 1096 enim,
941 1057 1135 1088 occasionem
1157 1057 1238 1085 hanc
1260 1053 1422 1092 arripiens,
1445 1061 1551 1082 emen-

827 1111 951 1142 datione
978 1109 1137 1141 verissima
1161 1110 1258 1139 beabo
1284 1107 1431 1143 Statium,
1461 1109 1552 1144 prout

827 1163 981 1203 hodieque
996 1162 1120 1202 legitur,
1147 1160 1226 1190 nulli
1249 1158 1379 1189 solertiae
1402 1157 1553 1195 interpre-

828 1215 868 1245 tis
891 1214 938 1244 vel
955 1214 1074 1253 sagacis
1099 1209 1354 1251 expugnabilem,
1376 1208 1475 1238 Theb.
1501 1206 1553 1236 vii.

832 1270 901 1297 120.

828 1005 979 1037 Conferas
1009 1004 1103 1035 etiam
1132 1001 1279 1034 Juvenal.
1310 1000 1361 1030 vii.
1393 1002 1443 1030 71.

846 1341 916 1364 Cum
927 1339 1033 1371 signum
1045 1337 1134 1362 luctus
1142 1342 1230 1369 grave
1242 1341 1319 1360 cornu
1330 1332 1439 1365 inmugit
1450 1332 1556 1357 adunco

845 1379 934 1403 Tibia.

832 1454 873 1483 In
889 1452 980 1483 editis
1002 1452 1104 1490 datur,
1127 1461 1222 1482 cornu
1244 1460 1336 1490 grave
1359 1449 1475 1487 mugit:
1504 1444 1558 1475 sed

832 1505 981 1537 Barthius
996 1505 1071 1535 dicit
1085 1514 1174 1534 voces
1197 1514 1291 1534 cornu
1304 1512 1395 1542 grave
1418 1505 1557 1537 transpo-

831 1558 904 1587 sitas
919 1556 1057 1587 exhiberi
1072 1556 1105 1585 in
1120 1555 1239 1594 optimo
1256 1553 1376 1589 codice;
1392 1557 1423 1582 et
1437 1550 1560 1581 literam

832 1621 860 1640 m
877 1608 1061 1648 absorpsisse
1076 1607 1227 1647 syllabam
1243 1608 1276 1636 in
1293 1611 1376 1647 patet
1390 1600 1558 1643 liquidissi-

832 1672 892 1692 me.
938 1663 1078 1700 Inmugit
1107 1665 1224 1695 autem,
1254 1664 1291 1688 ut
1319 1657 1469 1696 admugit.
1510 1653 1558 1684 Sic

834 1712 1006 1750 Ausonius,
1028 1711 1108 1751 epig.
1124 1715 1175 1741 65.

923 1781 967 1804 Me
977 1778 1076 1803 vitulus
1086 1784 1196 1803 cernens
1206 1775 1405 1808 immugiet—.

876 1846 950 1877 Ver.
969 1849 1040 1877 548.
1066 1844 1155 1875 Nihil
1177 1844 1291 1874 certius
1311 1848 1356 1873 est
1378 1840 1562 1872 lectionibus

834 1899 964 1939 hujusce
978 1897 1083 1928 versus
1097 1897 1141 1927 sic
1163 1896 1202 1926 ad
1224 1895 1318 1926 libros
1339 1892 1562 1924 vetustissimos

837 1949 1009 1987 constituti,
1032 1955 1064 1978 et
1077 1958 1169 1978 sensu
1191 1946 1272 1977 nihil
1294 1944 1490 1975 manifestius
1507 1948 1561 1974 aut

836 2002 1039 2033 commodius.
1063 2005 1086 2019 “
1104 2001 1147 2031 Et
1168 2000 1296 2030 barbara
1312 2000 1397 2035 tuba,
1421 2002 1504 2027 retro
1518 1996 1561 2026 ci-

838 2058 861 2073 “
878 2061 917 2090 ta,
942 2053 976 2096 (i.
993 2064 1019 2084 e.
1042 2052 1170 2092 reflexa)
1193 2056 1316 2081 revocat
1340 2051 1395 2091 (ob
1416 2054 1560 2079 curvatu-

847 2109 928 2136 “ras
951 2115 1132 2135 numerosas
1157 2101 1304 2148 scilicet)x
1321 2111 1452 2131 raucum
1474 2101 1562 2130 bom-

840 2160 862 2175 “
878 2156 985 2188 bum.”
1032 2155 1156 2187 Mirum
1168 2161 1274 2185 tamen
1291 2158 1347 2191 est,
1370 2157 1446 2193 quot
1467 2151 1564 2181 varie-

840 2210 954 2240 tatibus
983 2209 1135 2249 scriptura
1160 2206 1265 2238 versus
1286 2205 1561 2244 divexetur.—Et:

839 2260 939 2291 Vind.
957 2262 1039 2297 Aut;
1063 2265 1099 2290 ut
1112 2259 1217 2299 plures
1232 2257 1495 2289 editi—revocat.-
1521 2254 1564 2284 sic

840 2313 879 2343 L.
898 2313 937 2343 O.
955 2317 989 2344 Σ.
1013 2318 1044 2342 et
1069 2311 1152 2342 idem
1177 2311 1259 2342 valet
1280 2323 1313 2341 το
1334 2314 1452 2340 revorat
1467 2305 1564 2337 Vind.

842 2363 889 2393 M.
909 2369 953 2393 Ω..
981 2372 1116 2403 namque
1142 2373 1170 2399 c,
1193 2367 1215 2397 ι,
1238 2366 1270 2391 et
1292 2372 1321 2398 r,
1344 2359 1378 2389 in
1403 2358 1563 2388 minorum

839 2414 1001 2444 literarum
1023 2414 1144 2452 formis,
1166 2419 1240 2444 sunt
1261 2421 1410 2452 perquam
1433 2408 1561 2439 similes:

842 2466 881 2496 V.
897 2466 944 2497 ed.
960 2466 997 2497 Β.
1010 2477 1146 2502 reversa5
1167 2471 1202 2497 Δ.
1217 2466 1334 2499 reboat‚·
1356 2470 1396 2494 Π.
1408 2472 1566 2492 revera.—

839 2530 987 2549 raucum:
1014 2519 1055 2549 V.
1070 2518 1117 2549 ed.
1132 2525 1269 2554 tanturm
1294 2517 1331 2547 B.
1349 2522 1389 2546 Π.
1411 2521 1565 2545 tamen.—

840 2576 920 2601 retro
948 2572 1028 2601 cita:
1064 2569 1207 2607 Vossius,
1238 2569 1387 2608 probante
1411 2564 1566 2602 Bensseio,

842 2624 1065 2663 Berecyntlzia;
1089 2632 1152 2663 quo
1172 2621 1251 2651 nihil
1265 2618 1412 2650 audacius
1426 2626 1567 2658 unquam

842 2675 915 2713 vidi,
938 2680 993 2705 aut
1006 2675 1090 2715 quod
1111 2675 1151 2704 sit
1174 2673 1280 2704 minus
1301 2671 1366 2702 veri
1380 2669 1497 2707 simile;
1521 2669 1562 2699 V.

843 2728 890 2758 ed.
904 2734 983 2759 retro
999 2730 1078 2758 citra
1086 2741 1096 2762 ,·
1124 2726 1220 2756 Vind.
1239 2736 1323 2756 recro
1342 2726 1414 2755 cita.
1460 2722 1501 2752 In
1516 2732 1563 2752 re-

844 2781 936 2821 liquis
950 2790 1060 2811 omnes
1073 2779 1143 2810 libri
1155 2784 1271 2808 veteres
1285 2775 1490 2808 consentiunt.
1526 2773 1567 2804 Iu

844 2831 936 2862 editis
951 2830 1172 2862 communibus
1186 2840 1291 2860 versus
1303 2829 1347 2859 ita
1360 2827 1504 2859 scribitur
1509 2837 1519 2863 3
1541 2824 1567 2854 si

845 2884 980 2924 excipias
996 2881 1318 2922 Havercampianum:

858 2953 914 2980 Aut
924 2952 1027 2978 reboant
1036 2956 1149 2977 raucum
1159 2949 1286 2975 retrocita
1296 2955 1391 2973 cornua
1402 2945 1542 2971 bombum.
