1912 3292
290 217 386 258 330

795 206 856 256 T.
910 204 1294 256 LUCRETII

440 341 565 387 Mens
585 340 712 383 animi
731 340 889 398 vigilat,
912 340 991 381 nisi
1011 338 1092 396 qua
1113 338 1329 380 simulacra
1347 337 1547 379 lacessunt

444 417 555 458 Haec
575 417 718 459 eadem
737 424 899 458 nostros
918 415 1092 464 animos,
1115 428 1224 470 quae,
1246 427 1372 469 quom
1394 411 1623 469 vigilamus:

440 490 585 548 Usque
604 490 723 541 adeo,
745 498 855 532 certe
873 497 920 530 ut
938 487 1150 529 videamur
1169 501 1335 528 cernere
1354 502 1464 537 eum,
1487 500 1626 542 quem,

331 567 411 607 765
446 565 625 607 Reddita
645 565 744 615 vita,
759 565 846 619 jam
867 578 994 612 morS,
1016 570 1057 603 et
1076 570 1199 612 terra,
1220 563 1353 617 potita
1372 570 1443 603 est.

444 639 578 680 Hocc’
598 639 693 679 ideo
713 638 803 678 fieri
824 636 935 692 cogit
953 642 1118 683 natura,
1139 634 1251 689 quod
1267 649 1409 675 omnes

444 712 642 767 Corporis
663 710 835 751 obsectei
857 723 995 750 sensus
1015 721 1089 762 per
1108 708 1294 749 membra
1313 709 1542 764 quiescunt,

445 785 534 826 Nec
553 791 726 839 possunt
745 782 891 824 falsum
909 780 1014 822 veris
1035 781 1277 822 convincere
1296 782 1430 823 rebus.

301 953 349 972 res
364 941 427 970 vim
441 950 547 970 veram
562 940 774 979 arripuissent.
810 938 959 968 Demiror
974 948 1030 967 au-

303 1000 367 1023 tem
389 994 470 1022 hanc
492 992 604 1022 media:
627 992 710 1022 vocis
732 990 952 1031 proprietatem
968 999 1032 1019 non

302 1046 474 1076 editoribus
498 1044 670 1075 suboluisse
695 1044 734 1075 ad
760 1042 885 1074 Phaedri
907 1042 969 1072 fab.
993 1041 1032 1071 ἰν.

304 1100 332 1128 5.
348 1101 377 1127 5.

335 1189 427 1220 Quum
439 1187 506 1212 victi
517 1193 606 1211 mures
617 1185 794 1211 mustelarum
807 1184 964 1209 exercitu—

335 1229 482 1259 Fugerent‚
493 1230 520 1251 et
530 1231 602 1251 artos
612 1226 715 1250 circum
728 1225 893 1257 trepidarent
903 1231 994 1254 cavos,

339 1269 420 1299 AEgre
431 1266 531 1298 recepfi,
547 1269 640 1290 tamen
652 1269 794 1290 evaserunt
806 1271 918 1289 necem:

308 1357 327 1388 i.
343 1367 368 1388 e.
386 1368 416 1388 sc
431 1358 621 1396 recipientes,
644 1356 802 1386 intrantes.

351 1418 426 1448 Ver.
443 1420 516 1448 762.
541 1416 621 1457 qud.-
646 1418 689 1448 sic
715 1423 752 1448 Δ.
782 1416 968 1457 elegantius:
997 1414 1035 1445 V.

308 1469 354 1499 ed.
367 1480 441 1509 (μιᾶς
459 1468 547 1499 haud
558 1469 655 1499 dubie
666 1469 776 1499 eodem
790 1474 944 1507 spectans:
963 1476 1038 1496 nam

308 1519 450 1550 facillimi
473 1526 547 1549 sunt
573 1530 690 1550 errores
712 1520 745 1550 in
774 1519 823 1550 his
845 1517 1039 1557 compendiis

308 1571 540 1610 scripturarum.
564 1571 682 1612 Vulgo,
695 1574 783 1612 quod.
809 1570 970 1601 Glossator
984 1580 1035 1599 ve-

308 1627 372 1652 tus:
401 1625 422 1640 “
445 1621 522 1658 Qua,
551 1623 632 1653 6·.—1.·”
663 1633 734 1663 quae
760 1628 894 1661 potestas
920 1621 1038 1651 voculae

309 1673 383 1702 satis
407 1673 546 1712 profecto
571 1679 736 1712 pervagata
759 1679 815 1709 est,
839 1682 896 1702 nec
913 1671 1037 1712 fidejus-

309 1732 392 1752 sores
418 1723 553 1763 flagitat3
571 1723 752 1763 exquisitior
780 1729 887 1752 autem
916 1728 961 1752 est
991 1722 1042 1752 hic

310 1786 394 1811 usus,
418 1775 443 1804 si
466 1781 583 1815 spectes
597 1775 726 1805 alteram
749 1775 930 1806 dictionem:
957 1774 1041 1805 unde

311 1837 419 1857 exorsa
434 1832 479 1856 est
490 1827 660 1857 scribarum
676 1827 835 1857 vitiositas.

356 1887 429 1918 Ver.
447 1890 517 1919 765.
540 1898 609 1927 quae
624 1900 730 1928 quom.-
755 1888 793 1918 P.
812 1889 848 1918 B.
860 1894 924 1919 turn
941 1899 1020 1919 cum.

354 1948 429 1978 Ver.
446 1951 517 1979 764.
532 1960 600 1979 eum
613 1960 716 1989 quem:
739 1948 832 1979 Vind.
849 1954 884 1980 Σ.
897 1960 1039 1989 cumque;

313 1999 354 2029 V.
371 1999 417 2029 ed.
433 2006 574 2040 tunulum
600 2005 635 2031 Δ.
654 2007 694 2031 Π.
709 2012 871 2041 quumque.

358 2059 430 2089 Ver.
448 2062 519 2091 765.
542 2062 619 2091 vica'i
637 2060 712 2091 dant
741 2061 777 2090 P.
803 2061 841 2091 Ο.
861 2068 904 2092 Ω.
933 2061 1043 2102 reliqui

314 2120 436 2148 omnm,
460 2113 540 2142 vitu:
574 2111 628 2142 sed
657 2114 670 2142 i
694 2111 816 2142 literam
840 2113 888 2142 vel
912 2123 1044 2154 sequens

315 2171 374 2191 vox
390 2163 582 2202 absorpserit,
599 2162 647 2193 vel
662 2163 694 2193 id
709 2164 861 2193 habemus
869 2170 1043 2203 peccatum,

314 2212 398 2253 quod
413 2213 519 2243 scribae
542 2214 724 2245 Lucretiani
740 2216 856 2245 centies
870 2226 1043 2255 peccavere,

313 2267 347 2294 αϊ
362 2275 435 2294 cum
458 2278 476 2295 a
499 2271 668 2297 mutantes:
695 2266 765 2297 vide
780 2274 902 2298 nostros
918 2268 1043 2299 indices.

313 2315 336 2346 J
338 2326 390 2345 am
404 2326 486 2352 vero,
515 2317 539 2347 si
555 2317 690 2348 colorem
712 2319 874 2357 sermonis,
901 2329 963 2360 quo
978 2319 1043 2350 Lu-

315 2367 429 2397 eretius
443 2367 654 2409 distinguitur,
677 2370 845 2407 imbiberis,
866 2381 932 2401 non
946 2371 1045 2402 offen-

316 2417 371 2448 des
408 2419 448 2449 ad
484 2427 622 2451 nostram
657 2422 945 2461 interpretationem
974 2424 1044 2461 loci,

316 2479 412 2509 quam
427 2471 546 2511 magna
567 2483 604 2502 ex
621 2480 705 2513 parte
729 2474 786 2505 Pio
803 2485 835 2505 se
858 2476 1046 2516 suggessisse

317 2520 414 2552 video.
460 2523 595 2563 Nempe,
617 2527 741 2556 reddere
768 2525 800 2556 in
828 2526 876 2556 his
901 2527 1047 2558 carmini·

316 2573 373 2603 bus
388 2574 556 2614 saepissime
578 2586 633 2615 pro
655 2579 730 2608 dare
752 2578 893 2618 simplice
915 2578 1041 2610 adbibe-

317 2629 382 2662 tu1·;
413 2632 444 2656 et
471 2639 551 2658 mors
580 2639 637 2667 pro
660 2631 786 2661 interitu
817 2631 908 2662 debet
935 2632 1042 2672 accipi.

319 2676 403 2707 Tum
420 2679 468 2710 hic
484 2681 623 2722 exsurgit
637 2684 802 2714 verborum
816 2695 937 2715 sensus:
958 2689 981 2704 “
999 2686 1045 2716 Ut

321 2730 342 2745 ‘⁴
359 2729 518 2762 videamur
539 2743 664 2765 cernere
679 2746 765 2774 eum,
791 2746 885 2776 quem
901 2747 985 2767 mors
999 2737 1044 2767 vi-

321 2780 343 2795 “
361 2785 411 2817 tae,
423 2782 495 2819 jam
512 2783 595 2823 data,
615 2785 664 2816 vel
679 2788 780 2826 illata,
797 2794 827 2818 et
843 2794 932 2824 terra,
948 2789 1047 2828 potita

322 2833 343 2848 “
360 2832 436 2862 est.''
484 2837 589 2867 Polior
604 2838 732 2869 tertium
747 2850 854 2870 casum
869 2841 950 2881 regit
964 2841 1004 2871 ad
1015 2841 1046 2872 ii.

323 2885 393 2914 652.
411 2883 454 2914 iii.
477 2887 567 2917 1051.
593 2894 623 2918 et
640 2889 790 2921 locutioni
806 2903 884 2923 mors
905 2894 976 2923 viem
991 2903 1046 2933 ge-

1074 936 1251 967 minissima
1272 943 1345 968 sunt
1366 938 1422 967 illa
1444 937 1476 966 in
1500 938 1558 967 hoc
1580 936 1692 967 ultimo
1713 935 1807 973 libro,

1076 998 1137 1018 ver.
1154 992 1226 1018 882.

1109 1070 1251 1095 Mortalem
1262 1070 1350 1094 vitam
1362 1077 1426 1094 mors
1438 1069 1482 1094 cui
1492 1067 1642 1093 inmortalis
1650 1067 1755 1092 ademit.

1080 1133 1220 1164 Accedat
1241 1134 1336 1164 etiam
1360 1133 1494 1169 Plinius,
1517 1137 1579 1162 nat.
1594 1131 1665 1162 hist.
1681 1130 1740 1161 xiv.
1757 1133 1810 1161 28.

1079 1191 1148 1212 —“
1165 1198 1270 1218 rerum
1286 1188 1432 1218 omnium
1446 1186 1572 1224 oblivio,
1592 1194 1732 1226 morsque
1745 1194 1807 1214 me-

1303 1239 1440 1276 Interea,
1456 1238 1547 1268 variis
1561 1235 1749 1278 conjecturis
1762 1233 1810 1264 lo-

1081 1301 1154 1321 cum
1177 1291 1234 1320 viri
1259 1290 1342 1321 docti
1363 1295 1570 1321 tentaverunt.
1615 1289 1714 1319 Faber
1735 1296 1810 1318 cum

1079 1344 1156 1373 vitu'i
1172 1342 1247 1383 legit
1257 1353 1371 1382 pausa,
1393 1351 1450 1381 pro
1471 1352 1550 1372 mors
1555 1356 1566 1376 ‚·
1595 1339 1646 1370 cui
1661 1337 1807 1368 divinati-

1080 1392 1144 1429 oni,
1161 1393 1318 1423 vocabulis
1329 1392 1482 1422 librorum
1497 1397 1562 1420 tam
1578 1388 1732 1426 dissimili,
1747 1387 1809 1418 dif-

1082 1443 1162 1474 ficile
1178 1450 1224 1474 est
1237 1443 1391 1474 accedere.
1431 1441 1618 1476 Gronovius,
1641 1439 1681 1470 ad
1703 1439 1811 1469 Senec.

1083 1494 1158 1525 OEd.
1186 1497 1257 1526 271.
1283 1493 1397 1525 retinet
1421 1492 1513 1523 etiam
1538 1494 1626 1529 vita'i,
1655 1497 1685 1521 et
1707 1489 1812 1521 scribit

1081 1559 1156 1586 sors,
1180 1558 1236 1587 pro
1251 1559 1330 1578 mors
1335 1563 1346 1584 ‚·
1374 1547 1448 1577 satis
1469 1556 1524 1585 per
1546 1556 1578 1575 se
1601 1543 1816 1584 probabiliter,

1082 1600 1141 1630 nisi
1169 1599 1254 1640 quod
1282 1606 1362 1635 tum,
1392 1598 1622 1629 constructione
1645 1596 1678 1627 id
1701 1604 1811 1635 expos-

1089 1657 1190 1688 cente,
1212 1655 1374 1690 reponeret
1397 1649 1523 1689 insuper
1543 1660 1591 1679 eos
1621 1649 1716 1688 queis,
1739 1654 1815 1676 cum

1085 1708 1205 1743 poterat
1220 1701 1334 1732 minori
1348 1700 1522 1739 molimine,
1545 1712 1612 1732 eum
1628 1701 1717 1741 quoi„
1755 1697 1816 1729 Sed

1085 1755 1274 1792 emendatio,
1291 1764 1362 1795 quae
1377 1759 1423 1783 tot
1438 1752 1514 1783 alias
1528 1751 1714 1782 necessarias
1729 1749 1818 1788 facit,

1085 1818 1117 1837 se
1133 1806 1239 1837 statim
1254 1805 1317 1836 sere
1333 1805 1465 1845 perimit.
1510 1804 1606 1835 Hanc
1621 1803 1718 1844 igitur
1739 1802 1818 1833 mis-

1085 1869 1152 1888 sam
1167 1857 1331 1888 faciamus.
1358 1856 1522 1897 Denique,
1536 1854 1617 1885 nihil
1630 1859 1814 1886 renovatum

1086 1919 1124 1939 ex
1154 1909 1283 1950 ingenio
1310 1907 1460 1945 volentes,
1491 1912 1584 1947 atque
1612 1911 1660 1936 tot
1687 1904 1817 1945 optimae

1087 1960 1157 1991 fidei
1173 1959 1363 1999 exemplaria
1382 1958 1518 1994 reveriti,
1540 1956 1581 1987 ad
1601 1957 1814 1987 archa‘ismum

1086 2022 1160 2041 cum
1178 2010 1329 2041 Salmasio
1343 2016 1436 2050 atque
1453 2009 1672 2047 Havercampo
1686 2006 1814 2037 tandem

1088 2062 1297 2102 confugimus,
1313 2067 1349 2091 ut
1365 2074 1398 2092 -ro
1416 2058 1548 2091 Reddieci
1566 2059 1682 2089 scilicet
1698 2064 1816 2099 quartae

1087 2114 1127 2144 sit
1149 2112 1390 2154 conjugationis,
1412 2117 1505 2151 atque
1527 2110 1604 2141 adeo
1627 2109 1817 2150 producatur

1087 2165 1120 2195 in
1137 2163 1326 2205 penultimziz
1353 2163 1494 2204 quamvis
1516 2162 1602 2192 enim
1622 2171 1718 2192 sonus
1732 2161 1818 2192 auri-

1088 2218 1147 2247 bus
1161 2214 1362 2256 injucundior
1377 2214 1451 2244 hinc
1471 2215 1648 2253 obstrepere
1662 2212 1817 2251 videatur,

1088 2268 1147 2298 hoc
1163 2277 1228 2297 non
1243 2272 1368 2296 tantum
1383 2264 1463 2295 valet
1477 2265 1512 2294 in
1534 2263 1692 2300 Lucretio,
1715 2270 1751 2294 ut
1765 2274 1818 2295 co-

1089 2319 1173 2350 dices
1188 2329 1384 2360 spernamus,
1409 2325 1440 2349 et
1454 2317 1724 2350 emendationibus
1738 2317 1819 2348 arbi-

1089 2373 1192 2403 trariis
1200 2372 1439 2413 indulgeamus;
1451 2370 1718 2412 quemadmodum
1732 2371 1823 2402 nobis

1089 2427 1160 2467 plus
1174 2427 1239 2457 vice
1254 2426 1387 2466 simplici
1408 2425 1539 2467 contigit
1558 2425 1592 2455 in
1618 2424 1820 2465 praecedenti-

1089 2481 1149 2510 bus
1163 2478 1341 2510 admonere.
1370 2478 1537 2514 Caeterum,
1554 2477 1683 2508 verbum
1697 2478 1820 2508 reddire

1091 2530 1195 2560 videas
1210 2529 1296 2570 apud
1311 2529 1466 2566 Nonium,
1481 2529 1533 2559 vii.
1551 2531 1600 2560 75.
1628 2534 1659 2559 et
1680 2528 1714 2558 in
1736 2528 1821 2568 frag-

1093 2582 1208 2612 mentis
1223 2582 1319 2612 etiam
1335 2580 1498 2611 Plautinis.
1523 2583 1545 2598 “
1560 2579 1649 2610 Nihil
1663 2578 1768 2619 igitur,
1784 2582 1821 2607 ut

1088 2637 1109 2653 “
1126 2639 1214 2672 puto,
1238 2631 1453 2672 peccavimus”
1481 2629 1708 2673 (Havercampi
1719 2629 1820 2659 verbis

1088 2685 1173 2725 utor)
1199 2689 1221 2703 “
1239 2695 1277 2715 ex
1293 2684 1354 2715 fide
1371 2683 1469 2714 MSS.
1487 2681 1635 2713 Lucretio
1651 2680 1818 2721 antiquita-

1090 2740 1113 2755 “
1129 2736 1168 2767 tis
1182 2736 1312 2777 genium
1327 2733 1553 2766 restituentes.'’

1134 2787 1206 2817 Ver.
1223 2791 1294 2818 766.
1307 2788 1387 2828 fieri
1402 2787 1488 2816 abest
1503 2784 1542 2814 V.
1559 2783 1606 2814 ed.
1626 2783 1712 2814 libro.

1132 2840 1207 2870 Ver.
1225 2841 1298 2869 767.
1322 2839 1460 2878 obsec-lei.-
1487 2837 1524 2867 P.
1542 2843 1582 2866 Π.
1597 2834 1694 2877 effeci,-
1713 2835 1755 2865 V.
1773 2833 1820 2866 ed.

1091 2894 1128 2924 B.
1146 2897 1180 2924 Σ.
1195 2890 1309 2933 effecti,-
1334 2889 1389 2920 sed
1412 2888 1554 2920 lectionis
1575 2888 1674 2929 offecti
1696 2893 1728 2919 et
1742 2886 1821 2919 Pius

1081 1242 1103 1257 “
1120 1239 1257 1270 nzorioe.''
