1912 3292
485 224 719 274 LIBER
773 219 1156 278 QUARTUS.

1460 225 1547 266 261

206 361 318 402 Ae'ra
336 372 410 414 per
427 369 579 411 purum
598 353 777 410 graviter
797 350 1011 391 simulacra
1030 349 1232 401 feruntur,

205 435 262 476 Et
280 434 429 475 feriunt
447 429 601 478 oculos,
623 425 833 468 turbantia
852 423 1146 478 conposituras.

91 513 174 549 330
206 507 424 554 Praeterea,
446 501 654 558 splendor,
677 500 956 556 quiquomque
976 505 1035 538 est
1055 512 1163 547 acer,
1190 497 1327 538 adurit

205 582 324 635 Saepe
344 578 500 627 oculos;
532 576 642 625 ideo,
665 573 776 630 quod
797 573 953 614 semina
971 570 1152 626 possidet
1172 571 1278 627 ignis

202 653 352 703 Multa,
375 652 561 693 dolorem
581 649 708 691 oculis
729 662 821 704 quae
841 647 1020 703 gignunt
1039 644 1300 685 insinuando.

257 727 418 768 Lurida
435 733 636 781 praeterea
655 723 777 773 fiunt,
799 734 1100 778 quaequomque
1119 726 1288 759 tuentur

200 802 420 858 Arquatei3
453 801 550 857 quia
567 799 715 840 luroris
735 797 787 838 de
807 810 982 851 corpore
1008 808 1152 835 eorum

153 958 271 984 Ulterius
281 964 316 983 ne
327 957 399 982 tende
409 957 534 983 odiis—
541 966 551 983 .-

60 1031 109 1062 vel
123 1033 254 1067 tendere,
279 1040 336 1071 pro
358 1032 524 1065 intendere,
551 1035 588 1059 ut
610 1033 788 1068 repetamus

59 1085 159 1115 oculos
184 1093 223 1113 ex
248 1093 337 1113 versu
362 1081 575 1122 praecedente3
599 1081 639 1111 ad
664 1090 786 1110 morem

60 1135 201 1176 ejusdem
217 1133 400 1171 Biantuani,
415 1133 489 1163 ibid.
499 1143 526 1162 v.
544 1136 614 1164 508.
630 1131 787 1171 propriam

60 1193 153 1228 atque
175 1186 355 1217 translatam
377 1186 472 1216 unius
486 1184 630 1215 dictionis
652 1189 785 1222 potesta-

59 1244 125 1269 tem
147 1243 229 1269 caste
249 1238 355 1268 minus
377 1243 407 1268 et
428 1235 591 1267 artificiose
605 1234 785 1266 consocian-

61 1289 117 1320 tis:

223 1365 376 1397 pariterque
386 1363 478 1394 oculos,
487 1362 640 1393 telumque,
651 1361 764 1386 tetendit.

63 1427 144 1458 Vide
168 1427 209 1457 sis
230 1437 294 1465 me,
317 1427 358 1457 ad
372 1427 392 1457 i.
407 1428 459 1457 67.
505 1425 633 1456 Addam
652 1434 724 1455 vero
741 1425 787 1454 A-

61 1479 201 1517 vienum,
217 1479 306 1509 Arat.
325 1480 416 1509 1575.

90 1555 224 1586 Denique,
241 1561 290 1587 per
305 1554 429 1579 flammas
449 1553 542 1585 procul
560 1556 645 1585 atque
663 1553 790 1578 incendia

217 1595 264 1620 sol'

92 1637 151 1667 Ipsa
161 1635 205 1661 dei
214 1602 316 1661 cediint
326 1635 417 1661 blandi
426 1635 448 1660 si
457 1635 570 1664 lumina,
586 1634 665 1659 solers

91 1679 174 1704 Tende
184 1680 279 1709 οεκιω,ι
297 1684 372 1705 certa
382 1680 434 1705 hoc
457 1681 590 1706 ducentur
600 1681 676 1712 signa
692 1679 791 1712 magis-

217 1722 270 1744 tro.

63 1782 108 1812 Et
124 1783 334 1813 Ammianum
357 1783 594 1820 Marcellinum,
618 1783 677 1813 xvi.
697 1785 791 1813 10.—

65 1837 88 1852 “
102 1840 220 1864 rectam
234 1837 330 1865 aciem
345 1836 497 1866 luminum
513 1834 669 1865 tendens?

109 1885 184 1916 Ver.
201 1887 274 1916 527.
297 1888 357 1917 alte
373 1888 457 1917 Αὲνα
478 1897 536 1925 per
557 1897 673 1926 purum
685 1887 790 1925 gravi-

63 1943 118 1967 ter.
165 1937 294 1977 Signata
310 1943 357 1967 est
379 1937 486 1973 oratio,
514 1943 545 1967 et
559 1937 675 1977 quaevis
696 1936 792 1966 dictio

63 1998 158 2018 suum
172 1988 296 2027 pondus
321 1989 425 2026 habet,
451 1995 544 2028 atque
559 1987 744 2018 efficaciam:
771 1987 791 2017 i.

63 2050 89 2070 e.
123 2042 146 2058 “
162 2040 321 2070 Feruntur
348 2040 494 2080 graviter,
523 2041 563 2070 ob
593 2039 792 2070 altitudinem

64 2093 87 2110 “
102 2090 203 2129 casus,
227 2101 282 2131 per
297 2091 489 2121 immensum
511 2090 647 2130 spatium
662 2100 727 2121 non
742 2100 790 2120 re-

65 2146 87 2162 “
104 2143 239 2174 sistentis
254 2143 362 2174 a‘e'risst’

105 2196 180 2227 Ver.
196 2200 269 2228 529.
292 2199 520 2237 conposituras:
554 2203 589 2228 Δ.
613 2208 730 2237 compos
757 2199 791 2228 in

64 2259 149 2285 cras;
175 2255 216 2279 Il.
233 2254 350 2287 amem,
373 2256 489 2289 tempos
504 2252 613 2280 ituras.
662 2249 792 2280 Sinnius

67 2299 191 2337 Capito,
217 2299 302 2338 apud
328 2301 368 2330 A.
388 2300 469 2330 Gell.
492 2310 518 2330 V.
535 2304 585 2331 20.
609 2304 632 2318 “
650 2300 792 2330 Soloecis-

66 2353 89 2368 “
106 2360 177 2380 mus
192 2357 247 2387 est,
272 2351 384 2392 inquit,
411 2352 512 2391 impar
527 2358 557 2382 et
571 2352 794 2383 inconveniens

66 2405 89 2420 “
105 2405 305 2442 compositura
322 2404 456 2442 partium
473 2404 651 2434 orationis.’'

109 2453 190 2484 Ibid.
203 2454 329 2495 feriunt
345 2458 453 2486 oculos.
501 2456 622 2493 Cicero,
647 2456 733 2495 epist.
756 2456 796 2486 ad

65 2504 164 2535 famil.
180 2515 228 2535 xv,
245 2509 294 2536 16.
319 2509 341 2524 “
359 2506 421 2536 His
437 2513 542 2536 autem
559 2510 684 2546 spectris
699 2507 794 2537 etiam

68 2560 90 2574 “
108 2556 132 2586 si
148 2558 230 2589 oculi
243 2563 369 2597 possent
379 2559 489 2598 feriri,
506 2558 591 2599 quod
606 2559 655 2589 vel
669 2559 707 2589 iis
728 2559 794 2598 ipsa

67 2611 90 2626 “
106 2615 283 2646 occurrunt,
310 2610 434 2640 animus
449 2610 503 2651 qui
525 2611 630 2650 possit,
655 2621 714 2652 ego
730 2622 794 2642 non

66 2663 89 2679 “
105 2660 228 2691 video.”

109 2711 185 2742 Ver.
211 2715 283 2743 550.
316 2715 457 2753 splendor
485 2726 556 2746 acer
585 2717 701 2746 adurit.
757 2716 798 2746 In

67 2763 152 2793 hunc
181 2763 288 2795 locum
316 2766 473 2806 Virgilius
502 2766 609 2798 oculos
637 2767 796 2806 tendebat,

70 2814 110 2845 ad
124 2825 192 2855 geo.
208 2815 227 2846 i.
244 2821 295 2848 95.

86 2896 126 2920 Ne
134 2898 229 2922 tenues
239 2898 352 2930 pluviat,
363 2900 482 2933 rapidive
490 2902 603 2933 potentia
615 2902 673 2927 solis

84 2934 187 2966 Acrior,
198 2939 245 2962 aut
258 2938 351 2965 Boreae
363 2941 527 2972 penetrabile
538 2941 632 2974 frigus,
643 2941 748 2967 adurat.

832 955 898 986 Ubi
921 955 1125 984 Burmannus
1150 950 1266 981 frustra
1297 950 1468 988 cruciatur3
1501 951 1557 981 ob-

830 1006 905 1036 litus
931 1005 1040 1045 utique
1067 1002 1300 1034 consuetudinis
1325 1002 1463 1042 poeticae,
1486 1012 1558 1043 quae

830 1057 987 1097 singulare
1010 1056 1139 1086 verbum
1168 1053 1316 1084 clausulis
1341 1053 1481 1092 pluribus
1506 1063 1556 1083 ac-

830 1108 1015 1143 commodat,
1027 1107 1169 1148 quamvis
1183 1105 1223 1136 ad
1237 1105 1406 1136 nonnullas
1421 1104 1558 1135 fortassis

831 1160 997 1199 improprie
1012 1158 1203 1197 crassiusque
1218 1156 1377 1186 referatur.
1423 1156 1506 1186 Haec
1520 1155 1558 1185 li-

831 1211 933 1241 centia
954 1210 1048 1249 longe
1069 1208 1213 1239 usitatior
1235 1212 1288 1242 est,
1311 1216 1406 1246 quam
1429 1216 1498 1245 quae
1512 1206 1558 1235 vi-

830 1273 901 1293 rum
947 1260 1162 1291 doctissimum
1205 1258 1354 1288 debuerat
1397 1257 1556 1287 remorari.

832 1314 990 1354 Heynius,
1012 1313 1060 1342 uti
1073 1311 1174 1348 video,
1197 1320 1265 1340 rem
1280 1310 1375 1349 probe
1392 1308 1506 1345 tenuit,
1528 1314 1561 1338 et

832 1370 973 1396 accurate
988 1362 1163 1394 declaravit.

875 1427 950 1456 Ver.
966 1429 1039 1456 551.
1072 1426 1188 1456 semina
1213 1425 1347 1463 possidet
1384 1423 1484 1462 ignis‚·
1524 1427 1562 1452 ut

833 1479 1007 1516 Homerus,
1042 1476 1102 1507 Od.
1136 1482 1168 1507 E.
1200 1479 1272 1507 490.
1311 1487 1425 1517 σπερμαι
1457 1487 1558 1517 παρος

833 1529 998 1570 Virgilius,
1031 1528 1086 1558 ecl.
1110 1527 1148 1557 vi.
1175 1530 1228 1558 52.
1255 1528 1372 1557 semina
1399 1528 1497 1566 ignis;
1532 1530 1564 1555 et

833 1581 908 1611 AEn.
938 1580 975 1610 vi.
1002 1584 1030 1611 6.
1062 1580 1177 1610 semina
1195 1580 1346 1620 flammae.
1394 1577 1513 1608 Confer
1534 1586 1564 1606 v.

833 1635 904 1664 667.
929 1632 997 1662 Nec
1012 1631 1129 1667 dubito,
1146 1630 1223 1671 quin
1238 1629 1341 1670 figura
1355 1629 1466 1659 similis
1481 1627 1562 1668 peri-

833 1683 892 1714 erit
907 1682 1012 1720 Floro,
1036 1682 1076 1712 ad
1097 1682 1128 1712 ii.
1146 1683 1194 1712 17.
1216 1685 1247 1711 2.
1271 1682 1311 1711 ab
1333 1681 1424 1711 oculo
1446 1679 1565 1723 librarii

833 1736 867 1766 in
882 1734 1089 1774 praecedentia
1114 1739 1243 1771 repente
1267 1732 1420 1772 conjecto:
1448 1735 1470 1750 “
1487 1732 1564 1762 Post

835 1788 926 1819 “illa
955 1788 1019 1818 duo
1048 1787 1217 1817 clarissima
1246 1786 1375 1816 urbium
1405 1787 1563 1822 incendia,

835 1839 935 1869 “late
962 1844 1054 1878 atque
1078 1837 1203 1877 passim,
1230 1847 1287 1866 nec
1311 1846 1366 1875 per
1388 1835 1484 1874 vices,
1510 1835 1565 1866 sed

836 1895 858 1910 ‘⁶
874 1890 969 1921 simul
991 1890 1105 1929 pariter
1119 1889 1208 1929 quasi
1226 1899 1328 1918 unum
1344 1888 1483 1928 undique
1497 1887 1563 1917 bel-

836 1942 941 1972 “lum
964 1941 1040 1978 fuit;
1063 1950 1188 1980 prorsus
1208 1946 1244 1970 ut
1265 1939 1329 1969 illae
1350 1941 1454 1977 urbes,
1477 1939 1565 1979 quasi

837 1998 859 2013 “
873 1993 1063 2034 agitantibus
1093 1993 1204 2030 ventis,
1236 1990 1396 2022 diffudisse
1418 1990 1565 2032 quaedam

836 2048 858 2064 ‘⁶
872 2046 943 2075 belli
970 2045 1116 2075 incendia
1146 2049 1212 2073 toto
1244 2044 1317 2073 orbe
1351 2041 1563 2073 viderentur.'’

836 2096 1000 2127 Rescribas
1024 2094 1187 2135 ocyssime,
1217 2104 1289 2124 meo
1314 2092 1464 2133 periculo,
1495 2093 1566 2123 belli

834 2151 961 2180 semina.
1006 2147 1127 2177 Veram
1152 2157 1218 2176 esse
1241 2146 1466 2176 correctionem
1479 2150 1565 2175 totus

834 2199 982 2232 orationis
1012 2198 1097 2229 color
1130 2197 1326 2229 vociferatur.
1372 2199 1416 2228 Et
1444 2197 1565 2237 phrasis

835 2259 927 2287 simul
937 2258 1058 2297 pariter
1074 2255 1108 2297 (i.
1121 2266 1149 2286 e.
1165 2267 1226 2286 uno
1238 2261 1376 2295 tempore,
1392 2259 1485 2294 atque
1500 2250 1564 2283 und

836 2306 942 2347 operti)
970 2307 1128 2338 immerito
1154 2307 1314 2337 videbatur
1341 2304 1477 2336 Heinsio
1501 2313 1566 2333 non

838 2359 973 2390 ferenda.
1018 2360 1163 2398 Plautus,
1183 2359 1273 2389 Curc.
1289 2358 1308 2388 i.
1326 2361 1354 2388 1.
1371 2360 1421 2387 48.

869 2443 912 2466 Pa.
933 2441 1004 2473 Quid
1021 2442 1075 2466 ita?
1104 2441 1152 2466 Ph.
1171 2440 1240 2472 Quia
1252 2439 1391 2472 proprium
1402 2436 1486 2462 facio:
1503 2443 1565 2462 amo

992 2480 1088 2513 pariter
1098 2480 1186 2505 simul.

880 2561 954 2592 Ver.
971 2565 1043 2592 532.
1064 2563 1215 2601 gignunt:
1238 2559 1278 2589 V.
1294 2558 1342 2589 ed.
1358 2559 1396 2589 B.
1409 2559 1551 2598 gignitur
1558 2573 1569 2593 ;

838 2613 924 2644 unde
945 2613 1024 2643 mihi
1051 2613 1156 2643 videor
1186 2611 1339 2651 expiscari
1371 2609 1568 2651 germanissi-

840 2675 928 2696 mam
943 2665 1082 2696 Lucretii
1098 2665 1293 2703 scripturam,
1310 2663 1369 2693 hoc
1383 2661 1492 2692 modo:

873 2747 969 2778 Multa,
979 2747 1046 2772 dolos
1057 2747 1140 2772 oculis
1150 2746 1202 2779 qud
1211 2745 1328 2778 gignitur
1338 2745 1508 2770 insinuando.

841 2830 937 2862 ‚Dolos
962 2840 1088 2870 nempe,
1112 2829 1154 2860 ad
1177 2829 1381 2870 antiquorum
1403 2831 1572 2858 consuetu-

843 2882 963 2921 dinem,
989 2888 1025 2913 ut
1040 2884 1144 2920 Itonos,
1171 2883 1288 2920 humus,
1311 2882 1400 2918 colos,
1419 2880 1517 2910 labos:
1542 2883 1575 2907 et

843 2931 918 2975 quei,
947 2944 1004 2974 pro
1027 2937 1049 2952 “
1066 2932 1128 2975 quii
1153 2931 1213 2970 via,
1240 2932 1289 2963 vel
1315 2930 1475 2969 ratione;'’
1506 2927 1575 2959 redi
