<?xml version="1.0" encoding="UTF-8"?>
<!DOCTYPE html PUBLIC "-//W3C//DTD XHTML 1.0 Transitional//EN"
    "http://www.w3.org/TR/xhtml1/DTD/xhtml1-transitional.dtd">
<html xmlns="http://www.w3.org/1999/xhtml" xml:lang="en" lang="en">
 <head>
  <title>
</title>
<meta http-equiv="Content-Type" content="text/html;charset=utf-8" />
  <meta name='ocr-system' content='tesseract 3.04.00' />
  <meta name='ocr-capabilities' content='ocr_page ocr_carea ocr_par ocr_line ocrx_word'/>
</head>
<body>
  <div class='ocr_page' id='page_1' title='image "./tlucretiicarider02lucruoft_0501.png"; bbox 0 0 1912 3292; ppageno 0'>
   <div class='ocr_carea' id='block_1_1' title="bbox 502 277 1172 334">
    <p class='ocr_par' dir='ltr' id='par_1_1' title="bbox 502 277 1172 334">
     <span class='ocr_line' id='line_1_1' title="bbox 502 277 1172 334; baseline 0.003 -10"><span class='ocrx_word' id='word_1_1' title='bbox 502 277 735 326; x_wconf 87' lang='lat' dir='ltr'>LIBER</span> <span class='ocrx_word' id='word_1_2' title='bbox 788 277 1172 334; x_wconf 82' lang='lat' dir='ltr'><strong>QUARTUS.</strong></span> 
     </span>
    </p>
   </div>
   <div class='ocr_carea' id='block_1_2' title="bbox 1463 285 1558 325">
    <p class='ocr_par' dir='ltr' id='par_1_2' title="bbox 1463 285 1558 325">
     <span class='ocr_line' id='line_1_2' title="bbox 1463 285 1558 325; baseline -0.011 0"><span class='ocrx_word' id='word_1_3' title='bbox 1463 285 1558 325; x_wconf 75' lang='lat'>413</span> 
     </span>
    </p>
   </div>
   <div class='ocr_carea' id='block_1_3' title="bbox 74 407 1190 537">
    <p class='ocr_par' dir='ltr' id='par_1_3' title="bbox 74 407 1190 537">
     <span class='ocr_line' id='line_1_3' title="bbox 74 407 1109 464; baseline 0.003 -17"><span class='ocrx_word' id='word_1_4' title='bbox 74 412 179 449; x_wconf 77' lang='lat'>1265</span> <span class='ocrx_word' id='word_1_5' title='bbox 212 408 321 450; x_wconf 87' lang='lat' dir='ltr'>Eicit</span> <span class='ocrx_word' id='word_1_6' title='bbox 339 408 450 449; x_wconf 90' lang='lat' dir='ltr'>enim</span> <span class='ocrx_word' id='word_1_7' title='bbox 469 408 627 450; x_wconf 89' lang='lat' dir='ltr'>sulcum</span> <span class='ocrx_word' id='word_1_8' title='bbox 646 408 756 450; x_wconf 68' lang='lat' dir='ltr'>recta</span> <span class='ocrx_word' id='word_1_9' title='bbox 775 409 944 464; x_wconf 85' lang='lat' dir='ltr'>regione</span> <span class='ocrx_word' id='word_1_10' title='bbox 964 407 1109 464; x_wconf 69' lang='lat' dir='ltr'>viaque</span> 
     </span>
     <span class='ocr_line' id='line_1_4' title="bbox 212 481 1190 537; baseline -0.001 -13"><span class='ocrx_word' id='word_1_11' title='bbox 212 483 415 532; x_wconf 87' lang='lat' dir='ltr'>Vomeris,</span> <span class='ocrx_word' id='word_1_12' title='bbox 436 489 559 537; x_wconf 88' lang='lat' dir='ltr'>atque</span> <span class='ocrx_word' id='word_1_13' title='bbox 577 482 675 522; x_wconf 91' lang='lat' dir='ltr'>locis</span> <span class='ocrx_word' id='word_1_14' title='bbox 694 481 844 521; x_wconf 82' lang='lat' dir='ltr'>avortit</span> <span class='ocrx_word' id='word_1_15' title='bbox 863 481 1028 521; x_wconf 86' lang='lat' dir='ltr'>seminis</span> <span class='ocrx_word' id='word_1_16' title='bbox 1047 482 1190 523; x_wconf 88' lang='lat' dir='ltr'>ictum:</span> 
     </span>
    </p>
   </div>
   <div class='ocr_carea' id='block_1_4' title="bbox 212 554 1229 613">
    <p class='ocr_par' dir='ltr' id='par_1_4' title="bbox 212 554 1229 613">
     <span class='ocr_line' id='line_1_5' title="bbox 212 554 1229 613; baseline -0.002 -15"><span class='ocrx_word' id='word_1_17' title='bbox 212 557 358 613; x_wconf 90' lang='lat' dir='ltr'>quue,</span> <span class='ocrx_word' id='word_1_18' title='bbox 380 554 451 597; x_wconf 67' lang='lat' dir='ltr'>sua</span> <span class='ocrx_word' id='word_1_19' title='bbox 471 554 612 596; x_wconf 70' lang='lat' dir='ltr'>caussa</span> <span class='ocrx_word' id='word_1_20' title='bbox 633 562 883 596; x_wconf 88' lang='lat' dir='ltr'>consuerunt</span> <span class='ocrx_word' id='word_1_21' title='bbox 903 562 1038 596; x_wconf 88' lang='lat' dir='ltr'>scorta</span> <span class='ocrx_word' id='word_1_22' title='bbox 1056 555 1229 606; x_wconf 90' lang='lat' dir='ltr'>moveri,</span> 
     </span>
    </p>
   </div>
   <div class='ocr_carea' id='block_1_5' title="bbox 212 629 1273 686">
    <p class='ocr_par' dir='ltr' id='par_1_5' title="bbox 212 629 1273 686">
     <span class='ocr_line' id='line_1_6' title="bbox 212 629 1273 686; baseline -0.001 -15"><span class='ocrx_word' id='word_1_23' title='bbox 212 631 277 671; x_wconf 91' lang='lat' dir='ltr'>Ne</span> <span class='ocrx_word' id='word_1_24' title='bbox 295 629 584 684; x_wconf 87' lang='lat' dir='ltr'>conplerentur</span> <span class='ocrx_word' id='word_1_25' title='bbox 603 629 764 679; x_wconf 88' lang='lat' dir='ltr'>crebro,</span> <span class='ocrx_word' id='word_1_26' title='bbox 793 629 1057 686; x_wconf 78' lang='lat' dir='ltr'>gravidaeque</span> <span class='ocrx_word' id='word_1_27' title='bbox 1069 629 1273 684; x_wconf 85' lang='lat' dir='ltr'>jacerent;</span> 
     </span>
    </p>
   </div>
   <div class='ocr_carea' id='block_1_6' title="bbox 209 703 1261 759">
    <p class='ocr_par' dir='ltr' id='par_1_6' title="bbox 209 703 1261 759">
     <span class='ocr_line' id='line_1_7' title="bbox 209 703 1261 759; baseline -0.001 -14"><span class='ocrx_word' id='word_1_28' title='bbox 209 704 266 745; x_wconf 83' lang='lat' dir='ltr'>Et</span> <span class='ocrx_word' id='word_1_29' title='bbox 286 703 404 744; x_wconf 90' lang='lat' dir='ltr'>simul</span> <span class='ocrx_word' id='word_1_30' title='bbox 423 704 512 759; x_wconf 87' lang='lat' dir='ltr'>ipsa</span> <span class='ocrx_word' id='word_1_31' title='bbox 530 703 626 744; x_wconf 88' lang='lat' dir='ltr'>viris</span> <span class='ocrx_word' id='word_1_32' title='bbox 646 703 788 745; x_wconf 90' lang='lat' dir='ltr'>Venus</span> <span class='ocrx_word' id='word_1_33' title='bbox 809 712 855 745; x_wconf 90' lang='lat' dir='ltr'>ut</span> <span class='ocrx_word' id='word_1_34' title='bbox 882 703 1124 744; x_wconf 84' lang='lat' dir='ltr'>concinnior</span> <span class='ocrx_word' id='word_1_35' title='bbox 1144 711 1261 744; x_wconf 88' lang='lat' dir='ltr'>esset:</span> 
     </span>
    </p>
   </div>
   <div class='ocr_carea' id='block_1_7' title="bbox 73 777 1311 835">
    <p class='ocr_par' dir='ltr' id='par_1_7' title="bbox 73 777 1311 835">
     <span class='ocr_line' id='line_1_8' title="bbox 73 777 1311 835; baseline 0.001 -17"><span class='ocrx_word' id='word_1_36' title='bbox 73 779 178 820; x_wconf 77' lang='lat'>1270</span> <span class='ocrx_word' id='word_1_37' title='bbox 210 777 466 835; x_wconf 85' lang='lat' dir='ltr'>Conjugibus</span> <span class='ocrx_word' id='word_1_38' title='bbox 487 777 599 833; x_wconf 92' lang='lat' dir='ltr'>quod</span> <span class='ocrx_word' id='word_1_39' title='bbox 619 777 722 818; x_wconf 90' lang='lat' dir='ltr'>nihil</span> <span class='ocrx_word' id='word_1_40' title='bbox 741 778 890 819; x_wconf 91' lang='lat' dir='ltr'>nostris</span> <span class='ocrx_word' id='word_1_41' title='bbox 910 793 1013 833; x_wconf 90' lang='lat' dir='ltr'>opus</span> <span class='ocrx_word' id='word_1_42' title='bbox 1034 792 1118 819; x_wconf 86' lang='lat' dir='ltr'>esse</span> <span class='ocrx_word' id='word_1_43' title='bbox 1137 777 1311 819; x_wconf 82' lang='lat' dir='ltr'>videtur.</span> 
     </span>
    </p>
   </div>
   <div class='ocr_carea' id='block_1_8' title="bbox 205 852 1281 968">
    <p class='ocr_par' dir='ltr' id='par_1_8' title="bbox 205 852 1281 968">
     <span class='ocr_line' id='line_1_9' title="bbox 266 852 1281 910; baseline -0.001 -16"><span class='ocrx_word' id='word_1_44' title='bbox 266 853 356 894; x_wconf 90' lang='lat' dir='ltr'>Nec</span> <span class='ocrx_word' id='word_1_45' title='bbox 376 853 569 893; x_wconf 90' lang='lat' dir='ltr'>divinitus</span> <span class='ocrx_word' id='word_1_46' title='bbox 589 852 813 904; x_wconf 88' lang='lat' dir='ltr'>interdum,</span> <span class='ocrx_word' id='word_1_47' title='bbox 836 852 1089 909; x_wconf 85' lang='lat' dir='ltr'>Venerisque</span> <span class='ocrx_word' id='word_1_48' title='bbox 1109 852 1281 910; x_wconf 81' lang='lat' dir='ltr'>sagittis,</span> 
     </span>
     <span class='ocr_line' id='line_1_10' title="bbox 205 925 1160 968; baseline -0.001 0"><span class='ocrx_word' id='word_1_49' title='bbox 205 926 426 968; x_wconf 84' lang='lat' dir='ltr'>Deteriore</span> <span class='ocrx_word' id='word_1_50' title='bbox 446 926 493 967; x_wconf 87' lang='lat' dir='ltr'>fit</span> <span class='ocrx_word' id='word_1_51' title='bbox 513 934 558 967; x_wconf 91' lang='lat' dir='ltr'>ut</span> <span class='ocrx_word' id='word_1_52' title='bbox 576 925 709 968; x_wconf 71' lang='lat' dir='ltr'>forma</span> <span class='ocrx_word' id='word_1_53' title='bbox 729 927 965 968; x_wconf 82' lang='lat' dir='ltr'>muliercula</span> <span class='ocrx_word' id='word_1_54' title='bbox 985 934 1160 968; x_wconf 85' lang='lat' dir='ltr'>ametur:</span> 
     </span>
    </p>
   </div>
   <div class='ocr_carea' id='block_1_9' title="bbox 60 1084 789 1436">
    <p class='ocr_par' dir='ltr' id='par_1_9' title="bbox 60 1084 789 1436">
     <span class='ocr_line' id='line_1_11' title="bbox 62 1084 786 1124; baseline -0.001 -8"><span class='ocrx_word' id='word_1_55' title='bbox 62 1092 138 1116; x_wconf 84' lang='lat' dir='ltr'>tom.</span> <span class='ocrx_word' id='word_1_56' title='bbox 161 1085 201 1115; x_wconf 88' lang='lat' dir='ltr'>iv.</span> <span class='ocrx_word' id='word_1_57' title='bbox 225 1095 275 1124; x_wconf 87' lang='lat' dir='ltr'>pp.</span> <span class='ocrx_word' id='word_1_58' title='bbox 302 1086 353 1116; x_wconf 84' lang='lat'>58.</span> <span class='ocrx_word' id='word_1_59' title='bbox 379 1087 429 1116; x_wconf 88' lang='lat'>59.</span> <span class='ocrx_word' id='word_1_60' title='bbox 452 1084 541 1115; x_wconf 89' lang='lat' dir='ltr'>Hinc</span> <span class='ocrx_word' id='word_1_61' title='bbox 566 1084 681 1124; x_wconf 86' lang='lat' dir='ltr'>pendet</span> <span class='ocrx_word' id='word_1_62' title='bbox 707 1084 786 1115; x_wconf 93' lang='lat' dir='ltr'>Plu-</span> 
     </span>
     <span class='ocr_line' id='line_1_12' title="bbox 60 1134 786 1177; baseline -0.001 -10"><span class='ocrx_word' id='word_1_63' title='bbox 60 1137 198 1174; x_wconf 85' lang='lat' dir='ltr'>tarchus,</span> <span class='ocrx_word' id='word_1_64' title='bbox 223 1135 300 1175; x_wconf 88' lang='lat' dir='ltr'>plac.</span> <span class='ocrx_word' id='word_1_65' title='bbox 324 1134 398 1174; x_wconf 90' lang='lat' dir='ltr'>phil.</span> <span class='ocrx_word' id='word_1_66' title='bbox 421 1145 448 1166; x_wconf 85' lang='lat' dir='ltr'>v.</span> <span class='ocrx_word' id='word_1_67' title='bbox 470 1140 498 1167; x_wconf 89' lang='lat'>9.</span> <span class='ocrx_word' id='word_1_68' title='bbox 520 1136 564 1166; x_wconf 86' lang='lat' dir='ltr'>ita</span> <span class='ocrx_word' id='word_1_69' title='bbox 590 1135 786 1177; x_wconf 84' lang='lat' dir='ltr'>distinguen-</span> 
     </span>
     <span class='ocr_line' id='line_1_13' title="bbox 63 1186 787 1227; baseline -0.001 -9"><span class='ocrx_word' id='word_1_70' title='bbox 63 1188 136 1225; x_wconf 83' lang='lat' dir='ltr'>dus3</span> <span class='ocrx_word' id='word_1_71' title='bbox 163 1198 238 1217; x_wconf 89' lang='lat' dir='ltr'>nam</span> <span class='ocrx_word' id='word_1_72' title='bbox 263 1187 358 1223; x_wconf 86' lang='lat' dir='ltr'>locus,</span> <span class='ocrx_word' id='word_1_73' title='bbox 386 1187 434 1217; x_wconf 82' lang='lat' dir='ltr'>uti</span> <span class='ocrx_word' id='word_1_74' title='bbox 462 1186 557 1227; x_wconf 86' lang='lat' dir='ltr'>vulgo</span> <span class='ocrx_word' id='word_1_75' title='bbox 577 1187 787 1226; x_wconf 84' lang='lat' dir='ltr'>constituitur,</span> 
     </span>
     <span class='ocr_line' id='line_1_14' title="bbox 61 1239 789 1281; baseline 0 -11"><span class='ocrx_word' id='word_1_76' title='bbox 61 1239 213 1280; x_wconf 80' lang='lat' dir='ltr'>probabili</span> <span class='ocrx_word' id='word_1_77' title='bbox 233 1249 326 1270; x_wconf 85' lang='lat' dir='ltr'>sensu</span> <span class='ocrx_word' id='word_1_78' title='bbox 348 1245 514 1272; x_wconf 56' lang='grc' dir='ltr'>εἶπαι-η</span> <span class='ocrx_word' id='word_1_79' title='bbox 530 1253 613 1270; x_wconf 67' lang='grc' dir='ltr'>κατα</span> <span class='ocrx_word' id='word_1_80' title='bbox 629 1248 789 1281; x_wconf 71' lang='grc' dir='ltr'><strong><em>παραλυσιν</em></strong></span> 
     </span>
     <span class='ocr_line' id='line_1_15' title="bbox 64 1291 786 1335; baseline -0.001 -11"><span class='ocrx_word' id='word_1_81' title='bbox 64 1307 120 1324; x_wconf 75' lang='grc' dir='ltr'>«των</span> <span class='ocrx_word' id='word_1_82' title='bbox 134 1306 241 1335; x_wconf 78' lang='grc' dir='ltr'><strong><em>μοριων,</em></strong></span> <span class='ocrx_word' id='word_1_83' title='bbox 267 1293 292 1322; x_wconf 79' lang='grc' dir='ltr'>οἱ</span> <span class='ocrx_word' id='word_1_84' title='bbox 315 1291 342 1322; x_wconf 71' lang='grc' dir='ltr'>δε</span> <span class='ocrx_word' id='word_1_85' title='bbox 360 1293 498 1330; x_wconf 71' lang='grc' dir='ltr'>Σ-τωῖκοι,</span> <span class='ocrx_word' id='word_1_86' title='bbox 522 1305 605 1323; x_wconf 72' lang='grc' dir='ltr'>κατα</span> <span class='ocrx_word' id='word_1_87' title='bbox 628 1294 786 1331; x_wconf 55' lang='lat' dir='ltr'>mim-nrm·</span> 
     </span>
     <span class='ocr_line' id='line_1_16' title="bbox 61 1343 789 1386; baseline 0 -11"><span class='ocrx_word' id='word_1_88' title='bbox 61 1346 133 1386; x_wconf 67' lang='grc' dir='ltr'>(των</span> <span class='ocrx_word' id='word_1_89' title='bbox 147 1357 244 1386; x_wconf 75' lang='grc' dir='ltr'><em>μοριων</em></span> <span class='ocrx_word' id='word_1_90' title='bbox 258 1343 387 1384; x_wconf 89' lang='lat' dir='ltr'>scilicet)</span> <span class='ocrx_word' id='word_1_91' title='bbox 412 1356 450 1375; x_wconf 70' lang='grc' dir='ltr'>τε</span> <span class='ocrx_word' id='word_1_92' title='bbox 471 1351 570 1375; x_wconf 59' lang='lat' dir='ltr'>notum?</span> <span class='ocrx_word' id='word_1_93' title='bbox 591 1357 633 1384; x_wconf 77' lang='grc' dir='ltr'>μη</span> <span class='ocrx_word' id='word_1_94' title='bbox 653 1343 789 1385; x_wconf 50' lang='lat' dir='ltr'>&amp;raptem</span> 
     </span>
     <span class='ocr_line' id='line_1_17' title="bbox 62 1397 378 1436; baseline -0.003 -9"><span class='ocrx_word' id='word_1_95' title='bbox 62 1409 109 1427; x_wconf 70' lang='grc' dir='ltr'>τον</span> <span class='ocrx_word' id='word_1_96' title='bbox 125 1410 203 1436; x_wconf 76' lang='grc' dir='ltr'><strong><em>γονον</em></strong></span> <span class='ocrx_word' id='word_1_97' title='bbox 219 1397 378 1428; x_wconf 66' lang='grc' dir='ltr'>ευθυξολειν.</span> 
     </span>
    </p>
   </div>
   <div class='ocr_carea' id='block_1_10' title="bbox 58 1456 785 1600">
    <p class='ocr_par' dir='ltr' id='par_1_10' title="bbox 58 1456 785 1600">
     <span class='ocr_line' id='line_1_18' title="bbox 102 1456 785 1497; baseline 0.001 -11"><span class='ocrx_word' id='word_1_98' title='bbox 102 1456 186 1486; x_wconf 68' lang='lat' dir='ltr'>Ibid.</span> <span class='ocrx_word' id='word_1_99' title='bbox 207 1459 334 1487; x_wconf 81' lang='lat' dir='ltr'>sulcum.</span> <span class='ocrx_word' id='word_1_100' title='bbox 378 1456 532 1497; x_wconf 86' lang='lat' dir='ltr'>Virgilius</span> <span class='ocrx_word' id='word_1_101' title='bbox 553 1457 694 1497; x_wconf 89' lang='lat' dir='ltr'>ejusdem</span> <span class='ocrx_word' id='word_1_102' title='bbox 718 1467 785 1487; x_wconf 88' lang='lat' dir='ltr'>me-</span> 
     </span>
     <span class='ocr_line' id='line_1_19' title="bbox 58 1507 784 1546; baseline 0 -7"><span class='ocrx_word' id='word_1_103' title='bbox 58 1508 197 1546; x_wconf 81' lang='lat' dir='ltr'>taphorae</span> <span class='ocrx_word' id='word_1_104' title='bbox 211 1507 373 1537; x_wconf 86' lang='lat' dir='ltr'>involucro</span> <span class='ocrx_word' id='word_1_105' title='bbox 394 1518 461 1538; x_wconf 87' lang='lat' dir='ltr'>rem</span> <span class='ocrx_word' id='word_1_106' title='bbox 476 1508 588 1538; x_wconf 82' lang='lat' dir='ltr'>velavit</span> <span class='ocrx_word' id='word_1_107' title='bbox 601 1508 784 1539; x_wconf 88' lang='lat' dir='ltr'>inverecun-</span> 
     </span>
     <span class='ocr_line' id='line_1_20' title="bbox 61 1559 376 1600; baseline -0.003 -9"><span class='ocrx_word' id='word_1_108' title='bbox 61 1560 147 1598; x_wconf 89' lang='lat' dir='ltr'>dam,</span> <span class='ocrx_word' id='word_1_109' title='bbox 163 1570 231 1600; x_wconf 81' lang='lat' dir='ltr'>geo.</span> <span class='ocrx_word' id='word_1_110' title='bbox 246 1559 289 1590; x_wconf 85' lang='lat' dir='ltr'>iii.</span> <span class='ocrx_word' id='word_1_111' title='bbox 306 1562 376 1591; x_wconf 80' lang='lat'>155.</span> 
     </span>
    </p>
   </div>
   <div class='ocr_carea' id='block_1_11' title="bbox 90 1642 706 1714">
    <p class='ocr_par' dir='ltr' id='par_1_11' title="bbox 90 1642 706 1714">
     <span class='ocr_line' id='line_1_21' title="bbox 90 1642 697 1673; baseline -0.003 -5"><span class='ocrx_word' id='word_1_112' title='bbox 90 1644 147 1668; x_wconf 85' lang='lat' dir='ltr'>Hoc</span> <span class='ocrx_word' id='word_1_113' title='bbox 158 1642 272 1673; x_wconf 83' lang='lat' dir='ltr'>faciunt,</span> <span class='ocrx_word' id='word_1_114' title='bbox 283 1642 368 1668; x_wconf 89' lang='lat' dir='ltr'>nimio</span> <span class='ocrx_word' id='word_1_115' title='bbox 379 1648 413 1668; x_wconf 91' lang='lat' dir='ltr'>ne</span> <span class='ocrx_word' id='word_1_116' title='bbox 425 1644 494 1668; x_wconf 82' lang='lat' dir='ltr'>luxu</span> <span class='ocrx_word' id='word_1_117' title='bbox 506 1642 627 1667; x_wconf 83' lang='lat' dir='ltr'>obtusior</span> <span class='ocrx_word' id='word_1_118' title='bbox 636 1649 697 1667; x_wconf 85' lang='lat' dir='ltr'>usus</span> 
     </span>
     <span class='ocr_line' id='line_1_22' title="bbox 90 1681 706 1714; baseline -0.003 -7"><span class='ocrx_word' id='word_1_119' title='bbox 90 1683 129 1707; x_wconf 87' lang='lat' dir='ltr'>Sit</span> <span class='ocrx_word' id='word_1_120' title='bbox 140 1682 249 1714; x_wconf 87' lang='lat' dir='ltr'>genitali</span> <span class='ocrx_word' id='word_1_121' title='bbox 259 1689 340 1712; x_wconf 82' lang='lat' dir='ltr'>arvo,</span> <span class='ocrx_word' id='word_1_122' title='bbox 351 1685 379 1707; x_wconf 88' lang='lat' dir='ltr'>et</span> <span class='ocrx_word' id='word_1_123' title='bbox 389 1681 469 1706; x_wconf 82' lang='lat' dir='ltr'>sulcos</span> <span class='ocrx_word' id='word_1_124' title='bbox 480 1681 592 1707; x_wconf 89' lang='lat' dir='ltr'>oblimet</span> <span class='ocrx_word' id='word_1_125' title='bbox 605 1681 706 1706; x_wconf 83' lang='lat' dir='ltr'>inertis.</span> 
     </span>
    </p>
   </div>
   <div class='ocr_carea' id='block_1_12' title="bbox 59 1752 784 1837">
    <p class='ocr_par' dir='ltr' id='par_1_12' title="bbox 59 1752 784 1837">
     <span class='ocr_line' id='line_1_23' title="bbox 59 1752 784 1802; baseline 0 -18"><span class='ocrx_word' id='word_1_126' title='bbox 59 1754 104 1802; x_wconf 70' lang='lat' dir='ltr'>Et</span> <span class='ocrx_word' id='word_1_127' title='bbox 130 1753 294 1793; x_wconf 87' lang='lat' dir='ltr'>Apuleius,</span> <span class='ocrx_word' id='word_1_128' title='bbox 317 1753 352 1783; x_wconf 90' lang='lat' dir='ltr'>in</span> <span class='ocrx_word' id='word_1_129' title='bbox 374 1753 505 1784; x_wconf 82' lang='lat' dir='ltr'>Anthol.</span> <span class='ocrx_word' id='word_1_130' title='bbox 526 1753 596 1784; x_wconf 85' lang='lat' dir='ltr'>Lat.</span> <span class='ocrx_word' id='word_1_131' title='bbox 612 1753 722 1784; x_wconf 84' lang='lat' dir='ltr'>Burm.</span> <span class='ocrx_word' id='word_1_132' title='bbox 740 1752 784 1784; x_wconf 84' lang='lat' dir='ltr'>iii.</span> 
     </span>
     <span class='ocr_line' id='line_1_24' title="bbox 59 1809 197 1837; baseline 0 -1"><span class='ocrx_word' id='word_1_133' title='bbox 59 1810 131 1836; x_wconf 75' lang='grc'>251.</span> <span class='ocrx_word' id='word_1_134' title='bbox 151 1809 197 1837; x_wconf 87' lang='grc'>16.</span> 
     </span>
    </p>
   </div>
   <div class='ocr_carea' id='block_1_13' title="bbox 150 1887 690 1919">
    <p class='ocr_par' dir='ltr' id='par_1_13' title="bbox 150 1887 690 1919">
     <span class='ocr_line' id='line_1_25' title="bbox 150 1887 690 1919; baseline 0 -7"><span class='ocrx_word' id='word_1_135' title='bbox 150 1889 289 1919; x_wconf 86' lang='lat' dir='ltr'>Arentque</span> <span class='ocrx_word' id='word_1_136' title='bbox 299 1888 378 1912; x_wconf 82' lang='lat' dir='ltr'>sulcos</span> <span class='ocrx_word' id='word_1_137' title='bbox 388 1888 482 1913; x_wconf 84' lang='lat' dir='ltr'>molles</span> <span class='ocrx_word' id='word_1_138' title='bbox 492 1895 556 1913; x_wconf 85' lang='lat' dir='ltr'>arvo</span> <span class='ocrx_word' id='word_1_139' title='bbox 567 1887 690 1913; x_wconf 79' lang='lat' dir='ltr'>Venerio.</span> 
     </span>
    </p>
   </div>
   <div class='ocr_carea' id='block_1_14' title="bbox 60 1959 763 1999">
    <p class='ocr_par' dir='ltr' id='par_1_14' title="bbox 60 1959 763 1999">
     <span class='ocr_line' id='line_1_26' title="bbox 60 1959 763 1999; baseline 0.003 -9"><span class='ocrx_word' id='word_1_140' title='bbox 60 1960 183 1990; x_wconf 84' lang='lat' dir='ltr'>Notum</span> <span class='ocrx_word' id='word_1_141' title='bbox 198 1965 244 1990; x_wconf 80' lang='lat' dir='ltr'>est</span> <span class='ocrx_word' id='word_1_142' title='bbox 257 1959 337 1990; x_wconf 88' lang='lat' dir='ltr'>illud</span> <span class='ocrx_word' id='word_1_143' title='bbox 352 1959 569 1999; x_wconf 87' lang='lat' dir='ltr'>Euripideum,</span> <span class='ocrx_word' id='word_1_144' title='bbox 586 1960 696 1992; x_wconf 86' lang='lat' dir='ltr'>Phoen.</span> <span class='ocrx_word' id='word_1_145' title='bbox 716 1964 763 1992; x_wconf 89' lang='lat'>18.</span> 
     </span>
    </p>
   </div>
   <div class='ocr_carea' id='block_1_15' title="bbox 97 2049 726 2084">
    <p class='ocr_par' dir='ltr' id='par_1_15' title="bbox 97 2049 726 2084">
     <span class='ocr_line' id='line_1_27' title="bbox 97 2049 726 2084; baseline 0.003 -10"><span class='ocrx_word' id='word_1_146' title='bbox 97 2051 142 2078; x_wconf 65' lang='lat' dir='ltr'>M„</span> <span class='ocrx_word' id='word_1_147' title='bbox 157 2050 282 2075; x_wconf 81' lang='grc' dir='ltr'><strong>ΣΠΕῙΡΕ</strong></span> <span class='ocrx_word' id='word_1_148' title='bbox 297 2058 385 2076; x_wconf 60' lang='lat' dir='ltr'>atzmu</span> <span class='ocrx_word' id='word_1_149' title='bbox 399 2051 520 2076; x_wconf 87' lang='lat' dir='ltr'>AAOKA</span> <span class='ocrx_word' id='word_1_150' title='bbox 537 2050 656 2084; x_wconf 72' lang='grc' dir='ltr'>δαιμωων</span> <span class='ocrx_word' id='word_1_151' title='bbox 671 2049 726 2084; x_wconf 66' lang='grc' dir='ltr'>ζιᾳ.</span> 
     </span>
    </p>
   </div>
   <div class='ocr_carea' id='block_1_16' title="bbox 54 2125 784 2378">
    <p class='ocr_par' dir='ltr' id='par_1_16' title="bbox 60 2125 763 2166">
     <span class='ocr_line' id='line_1_28' title="bbox 60 2125 763 2166; baseline 0.004 -11"><span class='ocrx_word' id='word_1_152' title='bbox 60 2125 176 2156; x_wconf 87' lang='lat' dir='ltr'>Confer</span> <span class='ocrx_word' id='word_1_153' title='bbox 194 2125 286 2165; x_wconf 86' lang='lat' dir='ltr'>soph.</span> <span class='ocrx_word' id='word_1_154' title='bbox 305 2125 414 2166; x_wconf 79' lang='lat' dir='ltr'>Antig.</span> <span class='ocrx_word' id='word_1_155' title='bbox 431 2129 502 2158; x_wconf 88' lang='lat'><strong>569.</strong></span> <span class='ocrx_word' id='word_1_156' title='bbox 533 2133 569 2157; x_wconf 88' lang='lat' dir='ltr'>ut</span> <span class='ocrx_word' id='word_1_157' title='bbox 583 2127 635 2157; x_wconf 90' lang='lat' dir='ltr'>alii</span> <span class='ocrx_word' id='word_1_158' title='bbox 651 2127 763 2166; x_wconf 86' lang='lat' dir='ltr'>plures.</span> 
     </span>
    </p>

    <p class='ocr_par' dir='ltr' id='par_1_17' title="bbox 54 2184 784 2378">
     <span class='ocr_line' id='line_1_29' title="bbox 98 2184 782 2226; baseline 0.003 -11"><span class='ocrx_word' id='word_1_159' title='bbox 98 2184 180 2216; x_wconf 84' lang='lat' dir='ltr'>Ibid.</span> <span class='ocrx_word' id='word_1_160' title='bbox 201 2184 283 2216; x_wconf 72' lang='lat' dir='ltr'>rec-td</span> <span class='ocrx_word' id='word_1_161' title='bbox 306 2187 438 2225; x_wconf 82' lang='lat' dir='ltr'>regione,</span> <span class='ocrx_word' id='word_1_162' title='bbox 460 2185 578 2226; x_wconf 70' lang='lat' dir='ltr'>viciqaeoe.</span> <span class='ocrx_word' id='word_1_163' title='bbox 624 2187 685 2217; x_wconf 91' lang='lat' dir='ltr'>Per</span> <span class='ocrx_word' id='word_1_164' title='bbox 705 2187 782 2217; x_wconf 88' lang='lat' dir='ltr'>hen-</span> 
     </span>
     <span class='ocr_line' id='line_1_30' title="bbox 55 2236 782 2278; baseline 0.007 -13"><span class='ocrx_word' id='word_1_165' title='bbox 55 2236 176 2276; x_wconf 84' lang='lat' dir='ltr'>dyaden</span> <span class='ocrx_word' id='word_1_166' title='bbox 192 2237 251 2266; x_wconf 91' lang='lat' dir='ltr'>hoc</span> <span class='ocrx_word' id='word_1_167' title='bbox 269 2236 384 2266; x_wconf 88' lang='lat' dir='ltr'>dicitur</span> <span class='ocrx_word' id='word_1_168' title='bbox 397 2247 454 2276; x_wconf 88' lang='lat' dir='ltr'>pro</span> <span class='ocrx_word' id='word_1_169' title='bbox 473 2236 556 2268; x_wconf 70' lang='lat' dir='ltr'>reclc&#39;t&#39;</span> <span class='ocrx_word' id='word_1_170' title='bbox 572 2240 694 2278; x_wconf 83' lang='lat' dir='ltr'>regione</span> <span class='ocrx_word' id='word_1_171' title='bbox 707 2240 782 2275; x_wconf 56' lang='grc' dir='ltr'><strong><em>υἱώ,-</em></strong></span> 
     </span>
     <span class='ocr_line' id='line_1_31' title="bbox 54 2287 784 2327; baseline 0.005 -11"><span class='ocrx_word' id='word_1_172' title='bbox 54 2297 151 2327; x_wconf 89' lang='lat' dir='ltr'>quam</span> <span class='ocrx_word' id='word_1_173' title='bbox 169 2287 302 2317; x_wconf 84' lang='lat' dir='ltr'>formam</span> <span class='ocrx_word' id='word_1_174' title='bbox 316 2288 420 2327; x_wconf 86' lang='lat' dir='ltr'>posuit</span> <span class='ocrx_word' id='word_1_175' title='bbox 437 2287 589 2327; x_wconf 86' lang='lat' dir='ltr'>superius,</span> <span class='ocrx_word' id='word_1_176' title='bbox 610 2290 642 2319; x_wconf 91' lang='lat' dir='ltr'>ii.</span> <span class='ocrx_word' id='word_1_177' title='bbox 658 2293 729 2321; x_wconf 78' lang='lat'>249.</span> <span class='ocrx_word' id='word_1_178' title='bbox 753 2296 784 2320; x_wconf 91' lang='lat' dir='ltr'>et</span> 
     </span>
     <span class='ocr_line' id='line_1_32' title="bbox 56 2338 468 2378; baseline 0.007 -11"><span class='ocrx_word' id='word_1_179' title='bbox 56 2338 219 2378; x_wconf 86' lang='lat' dir='ltr'>Virgilius,</span> <span class='ocrx_word' id='word_1_180' title='bbox 236 2339 311 2369; x_wconf 85' lang='lat' dir='ltr'>AEn.</span> <span class='ocrx_word' id='word_1_181' title='bbox 327 2339 380 2369; x_wconf 87' lang='lat' dir='ltr'>vii.</span> <span class='ocrx_word' id='word_1_182' title='bbox 395 2342 468 2370; x_wconf 73' lang='lat'>5215.</span> 
     </span>
    </p>
   </div>
   <div class='ocr_carea' id='block_1_17' title="bbox 118 2410 675 2443">
    <p class='ocr_par' dir='ltr' id='par_1_18' title="bbox 118 2410 675 2443">
     <span class='ocr_line' id='line_1_33' title="bbox 118 2410 675 2443; baseline 0.005 -8"><span class='ocrx_word' id='word_1_183' title='bbox 118 2413 173 2436; x_wconf 85' lang='lat' dir='ltr'>Nec</span> <span class='ocrx_word' id='word_1_184' title='bbox 183 2410 253 2436; x_wconf 86' lang='lat' dir='ltr'>sidus</span> <span class='ocrx_word' id='word_1_185' title='bbox 264 2412 361 2443; x_wconf 82' lang='lat' dir='ltr'>regione</span> <span class='ocrx_word' id='word_1_186' title='bbox 372 2412 439 2442; x_wconf 80' lang='lat' dir='ltr'>viae,</span> <span class='ocrx_word' id='word_1_187' title='bbox 450 2411 557 2443; x_wconf 85' lang='lat' dir='ltr'>litusve,</span> <span class='ocrx_word' id='word_1_188' title='bbox 568 2412 675 2438; x_wconf 78' lang='lat' dir='ltr'>fefellit.</span> 
     </span>
    </p>
   </div>
   <div class='ocr_carea' id='block_1_18' title="bbox 50 2483 783 2795">
    <p class='ocr_par' dir='ltr' id='par_1_19' title="bbox 52 2483 783 2632">
     <span class='ocr_line' id='line_1_34' title="bbox 98 2483 782 2517; baseline 0.004 -3"><span class='ocrx_word' id='word_1_189' title='bbox 98 2483 179 2514; x_wconf 89' lang='lat' dir='ltr'>Ibid.</span> <span class='ocrx_word' id='word_1_190' title='bbox 194 2488 225 2514; x_wconf 89' lang='lat' dir='ltr'>et</span> <span class='ocrx_word' id='word_1_191' title='bbox 241 2487 333 2516; x_wconf 83' lang='lat'>1266.</span> <span class='ocrx_word' id='word_1_192' title='bbox 355 2486 473 2516; x_wconf 82' lang='lat' dir='ltr'>sulcum</span> <span class='ocrx_word' id='word_1_193' title='bbox 496 2487 638 2517; x_wconf 78' lang='lat' dir='ltr'>Vomeris.</span> <span class='ocrx_word' id='word_1_194' title='bbox 666 2486 718 2517; x_wconf 93' lang='lat' dir='ltr'>De</span> <span class='ocrx_word' id='word_1_195' title='bbox 733 2486 782 2517; x_wconf 86' lang='lat' dir='ltr'>his</span> 
     </span>
     <span class='ocr_line' id='line_1_35' title="bbox 52 2537 783 2581; baseline 0.005 -14"><span class='ocrx_word' id='word_1_196' title='bbox 52 2537 201 2568; x_wconf 86' lang='lat' dir='ltr'>involutis</span> <span class='ocrx_word' id='word_1_197' title='bbox 229 2538 479 2570; x_wconf 83' lang='lat' dir='ltr'>obscoenitatibus</span> <span class='ocrx_word' id='word_1_198' title='bbox 513 2540 689 2571; x_wconf 80' lang='lat' dir='ltr'>Gatakerus</span> <span class='ocrx_word' id='word_1_199' title='bbox 719 2540 783 2581; x_wconf 88' lang='lat' dir='ltr'>egit</span> 
     </span>
     <span class='ocr_line' id='line_1_36' title="bbox 54 2590 578 2632; baseline 0 -11"><span class='ocrx_word' id='word_1_200' title='bbox 54 2590 185 2629; x_wconf 88' lang='lat' dir='ltr'>copiose,</span> <span class='ocrx_word' id='word_1_201' title='bbox 198 2590 231 2619; x_wconf 92' lang='lat' dir='ltr'>in</span> <span class='ocrx_word' id='word_1_202' title='bbox 247 2600 317 2629; x_wconf 92' lang='lat' dir='ltr'>opp.</span> <span class='ocrx_word' id='word_1_203' title='bbox 332 2600 361 2629; x_wconf 91' lang='lat' dir='ltr'>p.</span> <span class='ocrx_word' id='word_1_204' title='bbox 381 2593 433 2621; x_wconf 90' lang='lat'>70.</span> <span class='ocrx_word' id='word_1_205' title='bbox 452 2596 483 2621; x_wconf 87' lang='lat' dir='ltr'>et</span> <span class='ocrx_word' id='word_1_206' title='bbox 499 2601 578 2632; x_wconf 87' lang='lat' dir='ltr'>seqq.</span> 
     </span>
    </p>

    <p class='ocr_par' dir='ltr' id='par_1_20' title="bbox 50 2650 782 2795">
     <span class='ocr_line' id='line_1_37' title="bbox 95 2650 782 2693; baseline 0.006 -14"><span class='ocrx_word' id='word_1_207' title='bbox 95 2650 173 2680; x_wconf 84' lang='lat' dir='ltr'>Ver.</span> <span class='ocrx_word' id='word_1_208' title='bbox 192 2653 284 2681; x_wconf 76' lang='lat'>1266.</span> <span class='ocrx_word' id='word_1_209' title='bbox 307 2652 456 2682; x_wconf 82' lang='lat' dir='ltr'>Vomerz&#39;s:</span> <span class='ocrx_word' id='word_1_210' title='bbox 477 2651 513 2681; x_wconf 91' lang='lat' dir='ltr'>P.</span> <span class='ocrx_word' id='word_1_211' title='bbox 537 2653 685 2688; x_wconf 52' lang='lat' dir='ltr'>Volnerim</span> <span class='ocrx_word' id='word_1_212' title='bbox 705 2663 782 2693; x_wconf 88' lang='lat' dir='ltr'>quas</span> 
     </span>
     <span class='ocr_line' id='line_1_38' title="bbox 52 2701 780 2741; baseline 0.003 -9"><span class='ocrx_word' id='word_1_213' title='bbox 52 2701 184 2741; x_wconf 89' lang='lat' dir='ltr'>ineptias</span> <span class='ocrx_word' id='word_1_214' title='bbox 198 2702 252 2732; x_wconf 88' lang='lat' dir='ltr'>ille</span> <span class='ocrx_word' id='word_1_215' title='bbox 266 2701 366 2732; x_wconf 88' lang='lat' dir='ltr'>editor</span> <span class='ocrx_word' id='word_1_216' title='bbox 381 2702 522 2733; x_wconf 85' lang='lat' dir='ltr'>suaviore</span> <span class='ocrx_word' id='word_1_217' title='bbox 544 2703 780 2741; x_wconf 86' lang='lat' dir='ltr'>commentario,</span> 
     </span>
     <span class='ocr_line' id='line_1_39' title="bbox 50 2754 637 2795; baseline 0 -10"><span class='ocrx_word' id='word_1_218' title='bbox 50 2764 147 2795; x_wconf 89' lang='lat' dir='ltr'>quam</span> <span class='ocrx_word' id='word_1_219' title='bbox 161 2754 216 2795; x_wconf 89' lang='lat' dir='ltr'>qui</span> <span class='ocrx_word' id='word_1_220' title='bbox 226 2756 315 2794; x_wconf 84' lang='lat' dir='ltr'>pium</span> <span class='ocrx_word' id='word_1_221' title='bbox 331 2754 449 2791; x_wconf 83' lang='lat' dir='ltr'>deceat,</span> <span class='ocrx_word' id='word_1_222' title='bbox 469 2756 637 2785; x_wconf 84' lang='lat' dir='ltr'>exornavit.</span> 
     </span>
    </p>
   </div>
   <div class='ocr_carea' id='block_1_19' title="bbox 49 2812 781 3013">
    <p class='ocr_par' dir='ltr' id='par_1_21' title="bbox 49 2812 781 3013">
     <span class='ocr_line' id='line_1_40' title="bbox 95 2812 781 2854; baseline 0.004 -12"><span class='ocrx_word' id='word_1_223' title='bbox 95 2812 177 2843; x_wconf 89' lang='lat' dir='ltr'>Ibid.</span> <span class='ocrx_word' id='word_1_224' title='bbox 219 2816 380 2845; x_wconf 83' lang='lat' dir='ltr'>Vomerz&#39;s:</span> <span class='ocrx_word' id='word_1_225' title='bbox 419 2820 466 2852; x_wconf 88' lang='lat' dir='ltr'>ut,</span> <span class='ocrx_word' id='word_1_226' title='bbox 499 2820 568 2854; x_wconf 89' lang='lat' dir='ltr'>post</span> <span class='ocrx_word' id='word_1_227' title='bbox 595 2815 673 2845; x_wconf 88' lang='lat' dir='ltr'>alios</span> <span class='ocrx_word' id='word_1_228' title='bbox 702 2816 781 2846; x_wconf 91' lang='lat' dir='ltr'>bene</span> 
     </span>
     <span class='ocr_line' id='line_1_41' title="bbox 50 2865 780 2909; baseline 0.005 -15"><span class='ocrx_word' id='word_1_229' title='bbox 50 2865 179 2904; x_wconf 87' lang='lat' dir='ltr'>multos,</span> <span class='ocrx_word' id='word_1_230' title='bbox 209 2880 327 2909; x_wconf 68' lang='grc' dir='ltr'>αρστρων</span> <span class='ocrx_word' id='word_1_231' title='bbox 358 2867 504 2904; x_wconf 83' lang='lat' dir='ltr'>Nonnus,</span> <span class='ocrx_word' id='word_1_232' title='bbox 536 2868 665 2908; x_wconf 85' lang='lat' dir='ltr'>Dionys.</span> <span class='ocrx_word' id='word_1_233' title='bbox 696 2868 780 2898; x_wconf 86' lang='lat' dir='ltr'>xviii.</span> 
     </span>
     <span class='ocr_line' id='line_1_42' title="bbox 50 2917 777 2962; baseline 0.007 -15"><span class='ocrx_word' id='word_1_234' title='bbox 50 2920 122 2948; x_wconf 80' lang='lat'>228.</span> <span class='ocrx_word' id='word_1_235' title='bbox 145 2917 179 2948; x_wconf 91' lang='lat' dir='ltr'>in</span> <span class='ocrx_word' id='word_1_236' title='bbox 194 2917 262 2949; x_wconf 91' lang='lat' dir='ltr'>loco</span> <span class='ocrx_word' id='word_1_237' title='bbox 276 2920 319 2950; x_wconf 90' lang='lat' dir='ltr'>sic</span> <span class='ocrx_word' id='word_1_238' title='bbox 335 2919 544 2960; x_wconf 87' lang='lat' dir='ltr'>emendando,</span> <span class='ocrx_word' id='word_1_239' title='bbox 566 2926 659 2962; x_wconf 83' lang='lat' dir='ltr'>atque</span> <span class='ocrx_word' id='word_1_240' title='bbox 674 2920 708 2951; x_wconf 91' lang='lat' dir='ltr'>in</span> <span class='ocrx_word' id='word_1_241' title='bbox 727 2930 777 2952; x_wconf 90' lang='lat' dir='ltr'>or-</span> 
     </span>
     <span class='ocr_line' id='line_1_43' title="bbox 49 2967 465 3013; baseline 0.014 -15"><span class='ocrx_word' id='word_1_242' title='bbox 49 2967 156 3000; x_wconf 81' lang='lat' dir='ltr'>dinem</span> <span class='ocrx_word' id='word_1_243' title='bbox 173 2979 268 3002; x_wconf 86' lang='lat' dir='ltr'>suum</span> <span class='ocrx_word' id='word_1_244' title='bbox 281 2970 465 3013; x_wconf 77' lang='lat' dir='ltr'>redigendo:</span> 
     </span>
    </p>
   </div>
   <div class='ocr_carea' id='block_1_20' title="bbox 829 1088 1557 1352">
    <p class='ocr_par' dir='ltr' id='par_1_22' title="bbox 830 1088 1443 1123">
     <span class='ocr_line' id='line_1_44' title="bbox 830 1088 1443 1123; baseline -0.002 -10"><span class='ocrx_word' id='word_1_245' title='bbox 830 1088 950 1122; x_wconf 56' lang='lat' dir='ltr'>Aacuptog</span> <span class='ocrx_word' id='word_1_246' title='bbox 962 1096 1021 1113; x_wconf 75' lang='grc' dir='ltr'>ποτε</span> <span class='ocrx_word' id='word_1_247' title='bbox 1034 1089 1120 1117; x_wconf 59' lang='grc' dir='ltr'><strong>Βῆλος,</strong></span> <span class='ocrx_word' id='word_1_248' title='bbox 1138 1095 1197 1120; x_wconf 70' lang='grc' dir='ltr'>εμης</span> <span class='ocrx_word' id='word_1_249' title='bbox 1210 1091 1330 1120; x_wconf 46' lang='lat' dir='ltr'>zoaras-gog</span> <span class='ocrx_word' id='word_1_250' title='bbox 1343 1097 1443 1123; x_wconf 68' lang='grc' dir='ltr'>αρερκς,</span> 
     </span>
    </p>

    <p class='ocr_par' dir='ltr' id='par_1_23' title="bbox 830 1134 1419 1170">
     <span class='ocr_line' id='line_1_45' title="bbox 830 1134 1419 1170; baseline 0 -10"><span class='ocrx_word' id='word_1_251' title='bbox 830 1137 941 1164; x_wconf 60' lang='lat' dir='ltr'>Timum</span> <span class='ocrx_word' id='word_1_252' title='bbox 954 1134 1116 1170; x_wconf 72' lang='grc' dir='ltr'>προκελευθος,</span> <span class='ocrx_word' id='word_1_253' title='bbox 1133 1144 1261 1169; x_wconf 74' lang='grc' dir='ltr'>εμαρναοτο</span> <span class='ocrx_word' id='word_1_254' title='bbox 1275 1144 1323 1160; x_wconf 67' lang='lat' dir='ltr'>cuo</span> <span class='ocrx_word' id='word_1_255' title='bbox 1335 1137 1419 1166; x_wconf 72' lang='grc' dir='ltr'><em>τοκηϊ,</em></span> 
     </span>
    </p>

    <p class='ocr_par' dir='ltr' id='par_1_24' title="bbox 829 1171 1556 1218">
     <span class='ocr_line' id='line_1_46' title="bbox 829 1171 1556 1218; baseline 0 -10"><span class='ocrx_word' id='word_1_256' title='bbox 829 1183 948 1213; x_wconf 61' lang='lat' dir='ltr'>‘Omns-s,</span> <span class='ocrx_word' id='word_1_257' title='bbox 959 1192 1098 1218; x_wconf 65' lang='grc' dir='ltr'><strong><em>μητρωῃσιν</em></strong></span> <span class='ocrx_word' id='word_1_258' title='bbox 1112 1171 1390 1208; x_wconf 65' lang='grc' dir='ltr'><strong>ΕΠΕΣΣῨΜΕΝΟΙΟ</strong></span> <span class='ocrx_word' id='word_1_259' title='bbox 1402 1191 1556 1216; x_wconf 71' lang='grc' dir='ltr'>χαμευναις,</span> 
     </span>
    </p>

    <p class='ocr_par' dir='ltr' id='par_1_25' title="bbox 833 1229 1518 1265">
     <span class='ocr_line' id='line_1_47' title="bbox 833 1229 1518 1265; baseline 0.001 -10"><span class='ocrx_word' id='word_1_260' title='bbox 833 1229 941 1262; x_wconf 69' lang='grc' dir='ltr'>Κεφιζων</span> <span class='ocrx_word' id='word_1_261' title='bbox 956 1233 1041 1265; x_wconf 72' lang='grc' dir='ltr'><strong><em>Κρσνος</em></strong></span> <span class='ocrx_word' id='word_1_262' title='bbox 1052 1230 1162 1256; x_wconf 78' lang='grc' dir='ltr'><strong>’ΥΜΟΣ</strong></span> <span class='ocrx_word' id='word_1_263' title='bbox 1174 1239 1347 1265; x_wconf 66' lang='grc' dir='ltr'>αμερσιγαμυ</span> <span class='ocrx_word' id='word_1_264' title='bbox 1362 1240 1428 1261; x_wconf 62' lang='grc' dir='ltr'><strong><em>γένυν</em></strong></span> <span class='ocrx_word' id='word_1_265' title='bbox 1438 1230 1518 1265; x_wconf 64' lang='grc' dir='ltr'>ἀρετῆς</span> 
     </span>
    </p>

    <p class='ocr_par' dir='ltr' id='par_1_26' title="bbox 831 1278 1557 1352">
     <span class='ocr_line' id='line_1_48' title="bbox 831 1278 1557 1312; baseline 0 -9"><span class='ocrx_word' id='word_1_266' title='bbox 831 1280 937 1311; x_wconf 72' lang='grc' dir='ltr'><em>Ταμνεν</em></span> <span class='ocrx_word' id='word_1_267' title='bbox 957 1286 1112 1311; x_wconf 68' lang='grc' dir='ltr'>ωνυμφευτων</span> <span class='ocrx_word' id='word_1_268' title='bbox 1129 1287 1230 1311; x_wconf 73' lang='grc' dir='ltr'>σταιχυν</span> <span class='ocrx_word' id='word_1_269' title='bbox 1251 1287 1343 1312; x_wconf 72' lang='grc' dir='ltr'>αρσενοι</span> <span class='ocrx_word' id='word_1_270' title='bbox 1362 1288 1455 1312; x_wconf 59' lang='grc' dir='ltr'>παπ-ρος</span> <span class='ocrx_word' id='word_1_271' title='bbox 1477 1278 1557 1304; x_wconf 83' lang='lat' dir='ltr'><strong>APO·</strong></span> 
     </span>
     <span class='ocr_line' id='line_1_49' title="bbox 1025 1327 1132 1352; baseline 0.019 -2"><span class='ocrx_word' id='word_1_272' title='bbox 1025 1327 1132 1352; x_wconf 80' lang='grc' dir='ltr'>ΤΡΩΝ.</span> 
     </span>
    </p>
   </div>
   <div class='ocr_carea' id='block_1_21' title="bbox 828 1392 1559 1988">
    <p class='ocr_par' dir='ltr' id='par_1_27' title="bbox 829 1392 1557 1483">
     <span class='ocr_line' id='line_1_50' title="bbox 830 1392 1557 1432; baseline -0.003 -8"><span class='ocrx_word' id='word_1_273' title='bbox 830 1393 896 1424; x_wconf 88' lang='lat' dir='ltr'>His</span> <span class='ocrx_word' id='word_1_274' title='bbox 910 1392 1028 1424; x_wconf 90' lang='lat' dir='ltr'>decoris</span> <span class='ocrx_word' id='word_1_275' title='bbox 1052 1392 1303 1423; x_wconf 86' lang='lat' dir='ltr'>obscoenitatibus</span> <span class='ocrx_word' id='word_1_276' title='bbox 1328 1393 1467 1432; x_wconf 85' lang='lat' dir='ltr'>profecto</span> <span class='ocrx_word' id='word_1_277' title='bbox 1492 1402 1557 1422; x_wconf 84' lang='lat' dir='ltr'>sca-</span> 
     </span>
     <span class='ocr_line' id='line_1_51' title="bbox 829 1444 1452 1483; baseline 0 -9"><span class='ocrx_word' id='word_1_278' title='bbox 829 1450 897 1474; x_wconf 85' lang='lat' dir='ltr'>tent</span> <span class='ocrx_word' id='word_1_279' title='bbox 911 1450 1051 1475; x_wconf 86' lang='lat' dir='ltr'>veterum</span> <span class='ocrx_word' id='word_1_280' title='bbox 1067 1444 1231 1483; x_wconf 79' lang='lat' dir='ltr'>po&#39;etarum</span> <span class='ocrx_word' id='word_1_281' title='bbox 1247 1444 1452 1475; x_wconf 86' lang='lat' dir='ltr'>monimenta.</span> 
     </span>
    </p>

    <p class='ocr_par' dir='ltr' id='par_1_28' title="bbox 873 1493 1559 1537">
     <span class='ocr_line' id='line_1_52' title="bbox 873 1493 1559 1537; baseline 0.004 -12"><span class='ocrx_word' id='word_1_282' title='bbox 873 1495 957 1526; x_wconf 91' lang='lat' dir='ltr'>Ibid.</span> <span class='ocrx_word' id='word_1_283' title='bbox 981 1496 1080 1536; x_wconf 84' lang='lat' dir='ltr'>Lego,</span> <span class='ocrx_word' id='word_1_284' title='bbox 1097 1493 1359 1536; x_wconf 75' lang='lat' dir='ltr'>semini&#39;jactum,</span> <span class='ocrx_word' id='word_1_285' title='bbox 1382 1496 1484 1537; x_wconf 90' lang='lat' dir='ltr'>inquit</span> <span class='ocrx_word' id='word_1_286' title='bbox 1497 1497 1525 1528; x_wconf 86' lang='lat' dir='ltr'><strong>F</strong></span> <span class='ocrx_word' id='word_1_287' title='bbox 1526 1507 1559 1528; x_wconf 86' lang='lat' dir='ltr'>a·</span> 
     </span>
    </p>

    <p class='ocr_par' dir='ltr' id='par_1_29' title="bbox 828 1546 1558 1988">
     <span class='ocr_line' id='line_1_53' title="bbox 829 1546 1558 1586; baseline 0.003 -10"><span class='ocrx_word' id='word_1_288' title='bbox 829 1548 898 1584; x_wconf 91' lang='lat' dir='ltr'>ber;</span> <span class='ocrx_word' id='word_1_289' title='bbox 921 1546 972 1577; x_wconf 91' lang='lat' dir='ltr'>cui</span> <span class='ocrx_word' id='word_1_290' title='bbox 995 1547 1038 1576; x_wconf 87' lang='lat' dir='ltr'>sic</span> <span class='ocrx_word' id='word_1_291' title='bbox 1061 1555 1246 1586; x_wconf 87' lang='lat' dir='ltr'>responsum</span> <span class='ocrx_word' id='word_1_292' title='bbox 1270 1546 1355 1577; x_wconf 88' lang='lat' dir='ltr'>dedit</span> <span class='ocrx_word' id='word_1_293' title='bbox 1370 1547 1558 1578; x_wconf 65' lang='lat' dir='ltr'>Beni-Lm-</span> 
     </span>
     <span class='ocr_line' id='line_1_54' title="bbox 829 1610 886 1630; baseline -0.018 0"><span class='ocrx_word' id='word_1_294' title='bbox 829 1610 849 1630; x_wconf 86' lang='lat' dir='ltr'>u</span> <span class='ocrx_word' id='word_1_295' title='bbox 858 1610 870 1630; x_wconf 88' lang='lat' dir='ltr'>s</span> <span class='ocrx_word' id='word_1_296' title='bbox 880 1612 886 1629; x_wconf 93' lang='lat'>:</span> 
     </span>
     <span class='ocr_line' id='line_1_55' title="bbox 830 1650 1557 1690; baseline 0.006 -11"><span class='ocrx_word' id='word_1_297' title='bbox 830 1650 918 1686; x_wconf 81' lang='lat' dir='ltr'>Quid</span> <span class='ocrx_word' id='word_1_298' title='bbox 933 1660 1008 1690; x_wconf 88' lang='lat' dir='ltr'>ergo</span> <span class='ocrx_word' id='word_1_299' title='bbox 1023 1650 1077 1680; x_wconf 86' lang='lat' dir='ltr'>fiet</span> <span class='ocrx_word' id='word_1_300' title='bbox 1097 1650 1136 1681; x_wconf 91' lang='lat' dir='ltr'>de</span> <span class='ocrx_word' id='word_1_301' title='bbox 1151 1661 1226 1681; x_wconf 82' lang='lat' dir='ltr'>vers.</span> <span class='ocrx_word' id='word_1_302' title='bbox 1244 1651 1341 1682; x_wconf 79' lang='lat'>1258?</span> <span class='ocrx_word' id='word_1_303' title='bbox 1367 1652 1421 1681; x_wconf 91' lang='lat' dir='ltr'>An</span> <span class='ocrx_word' id='word_1_304' title='bbox 1436 1652 1487 1683; x_wconf 90' lang='lat' dir='ltr'>hic</span> <span class='ocrx_word' id='word_1_305' title='bbox 1501 1654 1557 1683; x_wconf 90' lang='lat' dir='ltr'>ho-</span> 
     </span>
     <span class='ocr_line' id='line_1_56' title="bbox 828 1701 1558 1741; baseline 0.005 -11"><span class='ocrx_word' id='word_1_306' title='bbox 828 1711 883 1731; x_wconf 91' lang='lat' dir='ltr'>mo</span> <span class='ocrx_word' id='word_1_307' title='bbox 897 1701 1023 1740; x_wconf 87' lang='lat' dir='ltr'>ineptus</span> <span class='ocrx_word' id='word_1_308' title='bbox 1036 1711 1131 1731; x_wconf 84' lang='lat' dir='ltr'>suurn</span> <span class='ocrx_word' id='word_1_309' title='bbox 1146 1701 1240 1741; x_wconf 78' lang='lat' dir='ltr'>jactu</span> <span class='ocrx_word' id='word_1_310' title='bbox 1259 1701 1445 1733; x_wconf 81' lang='lat' dir='ltr'>substituet?</span> <span class='ocrx_word' id='word_1_311' title='bbox 1469 1704 1558 1734; x_wconf 89' lang='lat' dir='ltr'>Pari-</span> 
     </span>
     <span class='ocr_line' id='line_1_57' title="bbox 829 1751 1558 1789; baseline 0.004 -7"><span class='ocrx_word' id='word_1_312' title='bbox 829 1758 876 1783; x_wconf 89' lang='lat' dir='ltr'>ter</span> <span class='ocrx_word' id='word_1_313' title='bbox 891 1751 1015 1783; x_wconf 92' lang='lat' dir='ltr'>Plinius</span> <span class='ocrx_word' id='word_1_314' title='bbox 1030 1752 1109 1782; x_wconf 83' lang='lat' dir='ltr'>dixit</span> <span class='ocrx_word' id='word_1_315' title='bbox 1131 1754 1227 1783; x_wconf 84' lang='lat' dir='ltr'>ictum</span> <span class='ocrx_word' id='word_1_316' title='bbox 1253 1755 1365 1789; x_wconf 80' lang='lat' dir='ltr'>salivae,</span> <span class='ocrx_word' id='word_1_317' title='bbox 1396 1752 1447 1784; x_wconf 89' lang='lat' dir='ltr'>lib.</span> <span class='ocrx_word' id='word_1_318' title='bbox 1462 1754 1513 1784; x_wconf 89' lang='lat' dir='ltr'>vii.</span> <span class='ocrx_word' id='word_1_319' title='bbox 1532 1764 1558 1785; x_wconf 91' lang='lat' dir='ltr'>c.</span> 
     </span>
     <span class='ocr_line' id='line_1_58' title="bbox 828 1802 1558 1843; baseline 0.003 -10"><span class='ocrx_word' id='word_1_320' title='bbox 828 1807 858 1834; x_wconf 76' lang='lat'>2.</span> <span class='ocrx_word' id='word_1_321' title='bbox 882 1806 904 1822; x_wconf 87' lang='lat'><strong>“</strong></span> <span class='ocrx_word' id='word_1_322' title='bbox 920 1802 1040 1834; x_wconf 88' lang='lat' dir='ltr'>Ferunt</span> <span class='ocrx_word' id='word_1_323' title='bbox 1053 1808 1210 1842; x_wconf 84' lang='lat' dir='ltr'>serpentes</span> <span class='ocrx_word' id='word_1_324' title='bbox 1234 1805 1328 1834; x_wconf 81' lang='lat' dir='ltr'>ictum</span> <span class='ocrx_word' id='word_1_325' title='bbox 1349 1806 1466 1843; x_wconf 68' lang='lat' dir='ltr'>salivae,</span> <span class='ocrx_word' id='word_1_326' title='bbox 1488 1812 1558 1835; x_wconf 88' lang='lat' dir='ltr'>tan-</span> 
     </span>
     <span class='ocr_line' id='line_1_59' title="bbox 830 1854 1558 1895; baseline 0.004 -11"><span class='ocrx_word' id='word_1_327' title='bbox 830 1857 852 1873; x_wconf 86' lang='lat'><strong>“</strong></span> <span class='ocrx_word' id='word_1_328' title='bbox 868 1865 963 1895; x_wconf 88' lang='lat' dir='ltr'>quam</span> <span class='ocrx_word' id='word_1_329' title='bbox 993 1865 1081 1894; x_wconf 85' lang='lat' dir='ltr'>aquae</span> <span class='ocrx_word' id='word_1_330' title='bbox 1110 1854 1257 1884; x_wconf 82' lang='lat' dir='ltr'>ferventis</span> <span class='ocrx_word' id='word_1_331' title='bbox 1285 1861 1474 1892; x_wconf 87' lang='lat' dir='ltr'>contactum,</span> <span class='ocrx_word' id='word_1_332' title='bbox 1506 1856 1558 1887; x_wconf 85' lang='lat' dir='ltr'>su-</span> 
     </span>
     <span class='ocr_line' id='line_1_60' title="bbox 830 1906 1557 1946; baseline 0.004 -11"><span class='ocrx_word' id='word_1_333' title='bbox 830 1909 853 1924; x_wconf 91' lang='lat'>“</span> <span class='ocrx_word' id='word_1_334' title='bbox 869 1906 1190 1946; x_wconf 81' lang='lat' dir='ltr'>gere.”—-Juvenalis,</span> <span class='ocrx_word' id='word_1_335' title='bbox 1217 1906 1255 1936; x_wconf 77' lang='lat' dir='ltr'>vi.</span> <span class='ocrx_word' id='word_1_336' title='bbox 1275 1909 1343 1936; x_wconf 73' lang='lat'>126.</span> <span class='ocrx_word' id='word_1_337' title='bbox 1372 1907 1411 1937; x_wconf 86' lang='lat' dir='ltr'>de</span> <span class='ocrx_word' id='word_1_338' title='bbox 1438 1907 1557 1938; x_wconf 82' lang='lat' dir='ltr'>Messa·</span> 
     </span>
     <span class='ocr_line' id='line_1_61' title="bbox 828 1957 909 1988; baseline 0.025 -2"><span class='ocrx_word' id='word_1_339' title='bbox 828 1957 909 1988; x_wconf 63' lang='lat' dir='ltr'>lina:</span> 
     </span>
    </p>
   </div>
   <div class='ocr_carea' id='block_1_22' title="bbox 860 2030 1516 2063">
    <p class='ocr_par' dir='ltr' id='par_1_30' title="bbox 860 2030 1516 2063">
     <span class='ocr_line' id='line_1_62' title="bbox 860 2030 1516 2063; baseline 0.002 -8"><span class='ocrx_word' id='word_1_340' title='bbox 860 2032 893 2055; x_wconf 84' lang='lat' dir='ltr'>Et</span> <span class='ocrx_word' id='word_1_341' title='bbox 903 2031 1026 2063; x_wconf 78' lang='lat' dir='ltr'>resupina</span> <span class='ocrx_word' id='word_1_342' title='bbox 1034 2031 1124 2062; x_wconf 84' lang='lat' dir='ltr'>jacens</span> <span class='ocrx_word' id='word_1_343' title='bbox 1135 2030 1286 2055; x_wconf 87' lang='lat' dir='ltr'>multorum</span> <span class='ocrx_word' id='word_1_344' title='bbox 1298 2031 1433 2055; x_wconf 77' lang='lat' dir='ltr'>absorbuit</span> <span class='ocrx_word' id='word_1_345' title='bbox 1444 2031 1516 2056; x_wconf 69' lang='lat' dir='ltr'>ictus.</span> 
     </span>
    </p>
   </div>
   <div class='ocr_carea' id='block_1_23' title="bbox 815 2101 1557 2444">
    <p class='ocr_par' dir='ltr' id='par_1_31' title="bbox 815 2101 1557 2444">
     <span class='ocr_line' id='line_1_63' title="bbox 830 2101 1555 2142; baseline 0 -10"><span class='ocrx_word' id='word_1_346' title='bbox 830 2101 994 2132; x_wconf 81' lang='lat' dir='ltr'>Hactenus</span> <span class='ocrx_word' id='word_1_347' title='bbox 1009 2101 1227 2138; x_wconf 82' lang='lat' dir='ltr'>subiracunde,</span> <span class='ocrx_word' id='word_1_348' title='bbox 1254 2101 1307 2132; x_wconf 90' lang='lat' dir='ltr'>sed</span> <span class='ocrx_word' id='word_1_349' title='bbox 1323 2108 1407 2132; x_wconf 87' lang='lat' dir='ltr'>recto</span> <span class='ocrx_word' id='word_1_350' title='bbox 1425 2102 1555 2142; x_wconf 71' lang='lat' dir='ltr'>judicio,</span> 
     </span>
     <span class='ocr_line' id='line_1_64' title="bbox 829 2154 1557 2194; baseline 0.003 -11"><span class='ocrx_word' id='word_1_351' title='bbox 829 2155 875 2183; x_wconf 89' lang='lat' dir='ltr'>vir</span> <span class='ocrx_word' id='word_1_352' title='bbox 892 2154 1103 2191; x_wconf 72' lang='lat' dir='ltr'>doctissimus;</span> <span class='ocrx_word' id='word_1_353' title='bbox 1127 2154 1181 2194; x_wconf 89' lang='lat' dir='ltr'>qui</span> <span class='ocrx_word' id='word_1_354' title='bbox 1201 2160 1305 2184; x_wconf 87' lang='lat' dir='ltr'>tamen</span> <span class='ocrx_word' id='word_1_355' title='bbox 1329 2154 1434 2185; x_wconf 88' lang='lat' dir='ltr'>locum</span> <span class='ocrx_word' id='word_1_356' title='bbox 1456 2161 1557 2194; x_wconf 84' lang='lat' dir='ltr'>poste-</span> 
     </span>
     <span class='ocr_line' id='line_1_65' title="bbox 826 2205 1551 2244; baseline 0 -9"><span class='ocrx_word' id='word_1_357' title='bbox 826 2205 942 2236; x_wconf 84' lang='lat' dir='ltr'>riorem</span> <span class='ocrx_word' id='word_1_358' title='bbox 956 2205 1079 2236; x_wconf 84' lang='lat' dir='ltr'>videtur</span> <span class='ocrx_word' id='word_1_359' title='bbox 1093 2205 1200 2235; x_wconf 72' lang='lat' dir='ltr'>minus</span> <span class='ocrx_word' id='word_1_360' title='bbox 1213 2207 1294 2235; x_wconf 87' lang='lat' dir='ltr'>bene</span> <span class='ocrx_word' id='word_1_361' title='bbox 1316 2205 1551 2244; x_wconf 80' lang='lat' dir='ltr'>interpretatus:</span> 
     </span>
     <span class='ocr_line' id='line_1_66' title="bbox 827 2257 1555 2297; baseline -0.001 -9"><span class='ocrx_word' id='word_1_362' title='bbox 827 2258 968 2288; x_wconf 87' lang='lat' dir='ltr'>conferas</span> <span class='ocrx_word' id='word_1_363' title='bbox 985 2257 1070 2287; x_wconf 85' lang='lat' dir='ltr'>enim</span> <span class='ocrx_word' id='word_1_364' title='bbox 1085 2257 1204 2287; x_wconf 88' lang='lat' dir='ltr'>ibidem</span> <span class='ocrx_word' id='word_1_365' title='bbox 1221 2258 1425 2297; x_wconf 86' lang='lat' dir='ltr'>Grangaeum,</span> <span class='ocrx_word' id='word_1_366' title='bbox 1449 2263 1480 2287; x_wconf 90' lang='lat' dir='ltr'>et</span> <span class='ocrx_word' id='word_1_367' title='bbox 1494 2267 1555 2287; x_wconf 80' lang='lat' dir='ltr'>ver.</span> 
     </span>
     <span class='ocr_line' id='line_1_67' title="bbox 826 2309 1555 2350; baseline -0.001 -10"><span class='ocrx_word' id='word_1_368' title='bbox 826 2312 899 2340; x_wconf 83' lang='grc'><strong>578.</strong></span> <span class='ocrx_word' id='word_1_369' title='bbox 921 2309 1062 2350; x_wconf 88' lang='lat' dir='ltr'>ejusdem</span> <span class='ocrx_word' id='word_1_370' title='bbox 1078 2309 1356 2349; x_wconf 85' lang='lat' dir='ltr'>satyrae.—Porro‚</span> <span class='ocrx_word' id='word_1_371' title='bbox 1378 2321 1476 2340; x_wconf 79' lang='lat' dir='ltr'>vomer</span> <span class='ocrx_word' id='word_1_372' title='bbox 1490 2320 1555 2340; x_wconf 89' lang='lat' dir='ltr'>non</span> 
     </span>
     <span class='ocr_line' id='line_1_68' title="bbox 815 2361 1555 2402; baseline 0 -10"><span class='ocrx_word' id='word_1_373' title='bbox 815 2362 912 2402; x_wconf 80' lang='lat' dir='ltr'>jacit,</span> <span class='ocrx_word' id='word_1_374' title='bbox 939 2361 994 2392; x_wconf 89' lang='lat' dir='ltr'>sed</span> <span class='ocrx_word' id='word_1_375' title='bbox 1021 2363 1075 2392; x_wconf 82' lang='lat' dir='ltr'>icit</span> <span class='ocrx_word' id='word_1_376' title='bbox 1099 2361 1229 2392; x_wconf 88' lang='lat' dir='ltr'>scilicet:</span> <span class='ocrx_word' id='word_1_377' title='bbox 1256 2367 1292 2390; x_wconf 86' lang='lat' dir='ltr'>ut</span> <span class='ocrx_word' id='word_1_378' title='bbox 1319 2371 1356 2391; x_wconf 84' lang='lat' dir='ltr'>ex</span> <span class='ocrx_word' id='word_1_379' title='bbox 1382 2361 1555 2392; x_wconf 80' lang='lat' dir='ltr'>abundanti</span> 
     </span>
     <span class='ocr_line' id='line_1_69' title="bbox 827 2412 1339 2444; baseline -0.004 0"><span class='ocrx_word' id='word_1_380' title='bbox 827 2413 920 2444; x_wconf 87' lang='lat' dir='ltr'>Fabri</span> <span class='ocrx_word' id='word_1_381' title='bbox 935 2419 1151 2444; x_wconf 86' lang='lat' dir='ltr'>commentum</span> <span class='ocrx_word' id='word_1_382' title='bbox 1173 2412 1339 2443; x_wconf 83' lang='lat' dir='ltr'>refellatur.</span> 
     </span>
    </p>
   </div>
   <div class='ocr_carea' id='block_1_24' title="bbox 823 2473 1593 2712">
    <p class='ocr_par' dir='ltr' id='par_1_32' title="bbox 823 2473 1593 2712">
     <span class='ocr_line' id='line_1_70' title="bbox 824 2473 1554 2514; baseline 0 -10"><span class='ocrx_word' id='word_1_383' title='bbox 824 2474 902 2505; x_wconf 89' lang='lat' dir='ltr'>Jam</span> <span class='ocrx_word' id='word_1_384' title='bbox 916 2484 989 2504; x_wconf 87' lang='lat' dir='ltr'>vero</span> <span class='ocrx_word' id='word_1_385' title='bbox 1004 2474 1189 2511; x_wconf 86' lang='lat' dir='ltr'>Lambinus,</span> <span class='ocrx_word' id='word_1_386' title='bbox 1212 2473 1371 2514; x_wconf 86' lang='lat' dir='ltr'>egregiam</span> <span class='ocrx_word' id='word_1_387' title='bbox 1388 2483 1442 2512; x_wconf 85' lang='lat' dir='ltr'>per</span> <span class='ocrx_word' id='word_1_388' title='bbox 1462 2473 1554 2504; x_wconf 87' lang='lat' dir='ltr'>insci-</span> 
     </span>
     <span class='ocr_line' id='line_1_71' title="bbox 825 2526 1554 2567; baseline -0.001 -10"><span class='ocrx_word' id='word_1_389' title='bbox 825 2527 912 2563; x_wconf 88' lang='lat' dir='ltr'>tiam,</span> <span class='ocrx_word' id='word_1_390' title='bbox 935 2533 1027 2567; x_wconf 90' lang='lat' dir='ltr'>atque</span> <span class='ocrx_word' id='word_1_391' title='bbox 1046 2527 1262 2562; x_wconf 82' lang='lat' dir='ltr'>temeritatem,</span> <span class='ocrx_word' id='word_1_392' title='bbox 1285 2526 1394 2557; x_wconf 89' lang='lat' dir='ltr'>sobriis</span> <span class='ocrx_word' id='word_1_393' title='bbox 1409 2526 1554 2557; x_wconf 83' lang='lat' dir='ltr'>omnibus</span> 
     </span>
     <span class='ocr_line' id='line_1_72' title="bbox 831 2577 1558 2619; baseline -0.001 -11"><span class='ocrx_word' id='word_1_394' title='bbox 831 2578 1024 2609; x_wconf 83' lang='lat' dir='ltr'>intemeratae</span> <span class='ocrx_word' id='word_1_395' title='bbox 1054 2578 1244 2619; x_wconf 86' lang='lat' dir='ltr'>antiquitatis</span> <span class='ocrx_word' id='word_1_396' title='bbox 1270 2577 1442 2608; x_wconf 85' lang='lat' dir='ltr'>cultoribus</span> <span class='ocrx_word' id='word_1_397' title='bbox 1469 2577 1558 2607; x_wconf 89' lang='lat' dir='ltr'>dam-</span> 
     </span>
     <span class='ocr_line' id='line_1_73' title="bbox 831 2627 1593 2668; baseline -0.003 -8"><span class='ocrx_word' id='word_1_398' title='bbox 831 2629 981 2668; x_wconf 89' lang='lat' dir='ltr'>nandam,</span> <span class='ocrx_word' id='word_1_399' title='bbox 1005 2629 1048 2659; x_wconf 91' lang='lat' dir='ltr'>sic</span> <span class='ocrx_word' id='word_1_400' title='bbox 1070 2629 1168 2660; x_wconf 85' lang='lat' dir='ltr'>edidit</span> <span class='ocrx_word' id='word_1_401' title='bbox 1189 2639 1226 2660; x_wconf 89' lang='lat' dir='ltr'>ex</span> <span class='ocrx_word' id='word_1_402' title='bbox 1242 2628 1376 2665; x_wconf 87' lang='lat' dir='ltr'>arbitrio,</span> <span class='ocrx_word' id='word_1_403' title='bbox 1398 2627 1556 2668; x_wconf 87' lang='lat' dir='ltr'>probanti·</span> <span class='ocrx_word' id='word_1_404' title='bbox 1588 2646 1593 2652; x_wconf 85' lang='lat'><strong>·</strong></span> 
     </span>
     <span class='ocr_line' id='line_1_74' title="bbox 823 2680 1067 2712; baseline -0.008 0"><span class='ocrx_word' id='word_1_405' title='bbox 823 2681 882 2712; x_wconf 92' lang='lat' dir='ltr'>bus</span> <span class='ocrx_word' id='word_1_406' title='bbox 896 2681 929 2711; x_wconf 93' lang='lat' dir='ltr'>id</span> <span class='ocrx_word' id='word_1_407' title='bbox 945 2680 1067 2710; x_wconf 83' lang='lat' dir='ltr'>multis:</span> 
     </span>
    </p>
   </div>
   <div class='ocr_carea' id='block_1_25' title="bbox 916 2752 1463 2825">
    <p class='ocr_par' dir='ltr' id='par_1_33' title="bbox 916 2752 1463 2825">
     <span class='ocr_line' id='line_1_75' title="bbox 917 2752 1463 2785; baseline -0.002 -7"><span class='ocrx_word' id='word_1_408' title='bbox 917 2753 984 2778; x_wconf 85' lang='lat' dir='ltr'>Eicit</span> <span class='ocrx_word' id='word_1_409' title='bbox 995 2753 1068 2778; x_wconf 85' lang='lat' dir='ltr'>enim</span> <span class='ocrx_word' id='word_1_410' title='bbox 1080 2753 1144 2778; x_wconf 77' lang='lat' dir='ltr'>sulci</span> <span class='ocrx_word' id='word_1_411' title='bbox 1156 2753 1232 2778; x_wconf 65' lang='lat' dir='ltr'>recta</span> <span class='ocrx_word' id='word_1_412' title='bbox 1245 2753 1353 2785; x_wconf 85' lang='lat' dir='ltr'>regione</span> <span class='ocrx_word' id='word_1_413' title='bbox 1364 2752 1463 2783; x_wconf 69' lang='lat' dir='ltr'>viaque</span> 
     </span>
     <span class='ocr_line' id='line_1_76' title="bbox 916 2794 1301 2825; baseline -0.003 -6"><span class='ocrx_word' id='word_1_414' title='bbox 916 2796 1054 2822; x_wconf 81' lang='lat' dir='ltr'>Vomerem;</span> <span class='ocrx_word' id='word_1_415' title='bbox 1072 2797 1155 2825; x_wconf 87' lang='lat' dir='ltr'>atque</span> <span class='ocrx_word' id='word_1_416' title='bbox 1167 2794 1301 2819; x_wconf 87' lang='lat' dir='ltr'>locis—.</span> 
     </span>
    </p>
   </div>
   <div class='ocr_carea' id='block_1_26' title="bbox 823 2864 1556 3014">
    <p class='ocr_par' dir='ltr' id='par_1_34' title="bbox 823 2864 1556 3014">
     <span class='ocr_line' id='line_1_77' title="bbox 867 2864 1555 2909; baseline -0.006 -10"><span class='ocrx_word' id='word_1_417' title='bbox 867 2869 943 2900; x_wconf 83' lang='lat' dir='ltr'>Ver.</span> <span class='ocrx_word' id='word_1_418' title='bbox 960 2872 1052 2900; x_wconf 81' lang='lat'>1267.</span> <span class='ocrx_word' id='word_1_419' title='bbox 1072 2871 1187 2909; x_wconf 82' lang='lat' dir='ltr'>quue:</span> <span class='ocrx_word' id='word_1_420' title='bbox 1215 2875 1255 2899; x_wconf 87' lang='grc' dir='ltr'>Π.</span> <span class='ocrx_word' id='word_1_421' title='bbox 1277 2869 1386 2908; x_wconf 82' lang='lat' dir='ltr'>Atque.</span> <span class='ocrx_word' id='word_1_422' title='bbox 1431 2864 1555 2906; x_wconf 88' lang='lat' dir='ltr'>Nempe</span> 
     </span>
     <span class='ocr_line' id='line_1_78' title="bbox 824 2918 1555 2961; baseline -0.003 -11"><span class='ocrx_word' id='word_1_423' title='bbox 824 2920 1057 2961; x_wconf 84' lang='lat' dir='ltr'>exquisitiorem</span> <span class='ocrx_word' id='word_1_424' title='bbox 1085 2920 1360 2956; x_wconf 89' lang='lat' dir='ltr'>constructionem,</span> <span class='ocrx_word' id='word_1_425' title='bbox 1390 2918 1430 2949; x_wconf 85' lang='lat' dir='ltr'>ad</span> <span class='ocrx_word' id='word_1_426' title='bbox 1459 2928 1555 2959; x_wconf 83' lang='lat' dir='ltr'>quarn</span> 
     </span>
     <span class='ocr_line' id='line_1_79' title="bbox 823 2969 1556 3014; baseline -0.005 -11"><span class='ocrx_word' id='word_1_427' title='bbox 823 2972 939 3004; x_wconf 87' lang='lat' dir='ltr'>centies</span> <span class='ocrx_word' id='word_1_428' title='bbox 953 2973 1123 3005; x_wconf 80' lang='lat' dir='ltr'>habuimus</span> <span class='ocrx_word' id='word_1_429' title='bbox 1136 2975 1192 3006; x_wconf 78' lang='grc' dir='ltr'><em>Ιιοσ</em></span> <span class='ocrx_word' id='word_1_430' title='bbox 1208 2978 1239 3004; x_wconf 88' lang='lat' dir='ltr'>et</span> <span class='ocrx_word' id='word_1_431' title='bbox 1253 2974 1333 3014; x_wconf 85' lang='lat' dir='ltr'>quod</span> <span class='ocrx_word' id='word_1_432' title='bbox 1350 2971 1384 3002; x_wconf 89' lang='lat' dir='ltr'>in</span> <span class='ocrx_word' id='word_1_433' title='bbox 1398 2969 1556 3005; x_wconf 87' lang='lat' dir='ltr'>Lucretio,</span> 
     </span>
    </p>
   </div>
  </div>
 </body>
</html>
