1912 3292
496 223 729 272 LIBER
782 220 1162 278 QUARTUS.

1456 231 1552 273 239

214 356 450 411 Propterea,
472 353 568 407 quia
587 358 682 392 sunt
701 365 724 391 e
742 351 885 406 primis
905 350 1011 391 facta
1030 351 1212 393 minutis:

211 430 320 479 Quae
339 426 452 484 quasi
471 424 693 475 cuduntur,
715 438 870 480 perque
889 425 993 465 a'e'ris
1013 425 1270 468 intervallum

63 600 229 631 lectionem
242 608 298 638 pro
311 597 496 638 glossemate
510 597 678 639 marginali
700 597 784 629 haud

64 656 187 692 egomet
207 659 335 689 arguere
357 648 570 680 dubitaverim.
616 657 657 681 Π.
680 656 785 681 autem

62 701 159 732 codex
174 705 276 730 noster
297 699 422 730 exhibet
444 707 538 737 stans,
561 701 628 731 voci
650 701 786 741 praelatae

61 752 206 784 nonnihil
216 751 325 792 utique
339 751 521 792 suffragans.
561 753 686 784 Nonius
698 754 786 784 Mar-

60 804 168 842 cellus,
190 804 228 834 iv.
253 806 324 834 421.
348 798 510 842 “*Staress’
532 805 645 841 scribit,
677 809 700 824 “
714 817 785 837 con-

60 862 83 878 “
98 861 201 890 sistere
215 858 360 889 omnium
375 869 528 890 consensu
539 859 692 890 dicitur:”
716 861 784 901 qui-

58 913 118 942 bus
139 920 307 950 componas
328 910 421 940 velim
445 911 604 950 Serviana,
632 911 673 942 ad
695 912 784 953 Virg.

59 963 135 994 AEn.
156 962 200 992 iii.
224 965 295 993 210.
326 962 365 993 iv.
389 965 461 994 509.
483 963 535 996 xii.
558 966 630 994 408.
653 969 684 993 et
713 975 783 1004 quae

58 1014 278 1054 disputaverim
286 1014 417 1054 ipsemet
428 1025 520 1055 super
531 1016 624 1055 Soph.
636 1015 782 1047 Trachin.

60 1069 151 1096 1108.

99 1127 174 1157 Ver.
204 1130 274 1157 186.
296 1127 367 1157 solis
391 1137 500 1166 vapor:
533 1126 553 1156 i.
571 1137 596 1157 e.
620 1126 715 1164 calor3
747 1132 784 1157 ut

56 1177 130 1208 alibi
146 1176 218 1216 plus
232 1177 336 1208 semel.
353 1177 546 1208 Ammianus
569 1177 781 1213 Marcellinus,

56 1229 140 1259 xxiv.
157 1231 254 1259 4.—“
270 1234 362 1259 aestus
388 1229 422 1259 in
446 1229 609 1259 meridiem
630 1239 779 1267 crescens,

55 1284 79 1300 “
89 1280 293 1322 effervescente
302 1283 478 1321 vaporatius
485 1283 724 1317 sola—cunctos
731 1291 778 1311 re-

54 1336 78 1352 “
94 1334 326 1365 vocaverat-—ss'
371 1335 533 1366 Homerus
547 1335 694 1374 apposite,
717 1334 777 1365 Od.

57 1390 79 1414 l.
94 1388 167 1416 589.

178 1465 200 1491 οἱ
210 1465 312 1502 βλεφαρ’
323 1473 399 1500 aphet,
411 1476 460 1492 και
470 1473 547 1502 οφρυς,
559 1467 621 1494 εὗσεν
633 1456 775 1494 A‘r'rMH.

93 1535 169 1566 Ver.
185 1537 256 1565 188.
279 1537 454 1566 cuduntur:
479 1534 499 1567 i.
515 1545 542 1566 e.
559 1535 776 1573 excuduntur;

50 1586 144 1617 verbo
167 1585 307 1626 simplice
329 1592 514 1625 potestatem
536 1587 699 1627 compositi
721 1588 776 1618 ha-

49 1637 155 1668 bente:
181 1643 218 1668 ut
242 1637 337 1668 modo
363 1637 514 1674 similiter,
544 1638 583 1668 ad
609 1649 669 1669 ver.
703 1641 774 1670 185.

49 1692 72 1708 “
91 1691 208 1721 Cadere
222 1694 329 1720 autem
344 1689 462 1720 caedere
477 1695 508 1720 et
522 1689 615 1720 ferire
637 1691 717 1728 est;”
741 1696 777 1722 ut

50 1740 199 1777 Isidorus,
225 1741 323 1782 origg.
347 1742 409 1772 xix.
432 1744 461 1773 7.
485 1741 617 1778 Servius,
641 1742 682 1772 ad
698 1742 775 1773 AEn.

49 1794 70 1824 i.
87 1797 156 1824 174.
172 1788 174 1791 ’
200 1794 288 1834 Ergo
309 1803 419 1823 vocem
440 1793 585 1823 adhibuit
600 1793 775 1831 Lucretius,

49 1855 120 1886 quae
134 1844 376 1875 similitudinem
391 1845 657 1884 speciosissimam,
680 1852 711 1876 et
732 1846 777 1876 rei

48 1897 258 1937 depingendae
271 1896 365 1938 longe
379 1897 672 1934 commodissimam,
696 1908 775 1938 prae-

47 1950 115 1986 bet;
138 1948 201 1989 qua
217 1949 382 1990 significat,
407 1952 430 1968 “
444 1949 583 1980 minutas
604 1950 683 1980 lucis
704 1961 775 1989 par-

47 2004 70 2020 “
86 2001 195 2031 ticulas
211 1999 248 2031 ea
262 2001 423 2032 velocitate
446 2012 466 2031 a
487 2012 614 2041 corpore
634 2002 707 2032 solis
721 2005 774 2033 ab·

46 2054 69 2070 “
85 2052 199 2087 sistere,
214 2051 277 2092 qua
291 2052 444 2090 scintillae,
456 2063 527 2092 quae
537 2053 681 2083 candenti
693 2054 774 2085 ferro

45 2106 67 2121 ‘⁵
85 2103 149 2144 (vel
163 2102 291 2133 fortasse
306 2103 420 2133 collisae
436 2103 529 2143 silici)
542 2103 771 2135 excuduntur.'‘

44 2155 120 2186 Jam
134 2165 218 2193 vero,
242 2155 366 2194 poetam
392 2160 534 2185 nostrum
557 2155 700 2186 solertius
714 2167 768 2196 po-

44 2206 141 2236 tuisse
160 2217 277 2237 munus
298 2207 514 2238 administrare
536 2207 660 2238 confido
684 2208 770 2249 equi-

45 2256 118 2287 dem
133 2257 294 2288 neminem
309 2257 466 2288 dicturum
482 2269 561 2290 esse:
580 2269 638 2290 nec
649 2259 771 2290 dubita-

44 2314 157 2339 verunt
170 2315 276 2339 tamen
291 2309 423 2340 editores
438 2310 528 2340 nobis
542 2310 655 2340 cudere
677 2321 773 2342 suum

44 2365 226 2401 truduntur,
252 2364 342 2394 nihili
365 2364 513 2394 facientes
529 2374 687 2394 summam
701 2375 769 2394 om-

43 2415 134 2445 nium
148 2415 301 2446 librorum
317 2421 456 2446 veterum
471 2417 503 2445 in
520 2415 624 2446 nostra
638 2415 770 2446 lectione

42 2466 289 2502 consensionem,
305 2467 368 2496 sive
380 2467 575 2506 scriptorum,
586 2468 649 2496 sive
661 2466 771 2497 formis

0 2541 1 2558 2
42 2521 277 2560 impressorum.
311 2522 391 2552 Tam
409 2523 577 2562 praefractae
589 2522 772 2553 temeritatis

41 2576 148 2601 tamen
163 2572 197 2601 in
212 2572 423 2612 superioribus
439 2583 502 2602 non
518 2584 616 2612 pauca
637 2583 702 2603 sese
717 2583 770 2603 ex·

41 2622 151 2661 empla,
174 2623 261 2663 piget
281 2623 398 2655 dicere!
424 2624 514 2654 nobis
536 2624 769 2655 obtulerunt.—

40 2674 119 2705 Mox
137 2681 178 2705 Π.
193 2682 341 2716 sequente.

80 2733 155 2764 Ver.
173 2737 243 2766 189.
262 2737 336 2766 Non
352 2737 511 2767 dubitant:
529 2735 630 2766 vivide
648 2735 768 2766 dictum

38 2789 85 2813 est
98 2783 138 2815 de
151 2787 243 2816 rebus
257 2786 408 2817 inanimis
429 2793 461 2817 et
487 2787 700 2826 insensilibus;
725 2787 768 2817 sic

37 2841 144 2866 autem
159 2844 382 2878 argumentum
398 2850 492 2870 suum
508 2839 652 2869 nobilitat
666 2845 697 2870 et
712 2849 764 2869 ex-

35 2891 128 2917 ornat
150 2894 262 2926 noster,
286 2900 322 2921 ac
341 2890 482 2922 defendit
496 2891 600 2922 lectori
617 2891 761 2922 taedium:

827 597 931 629 videas
941 599 1100 629 observata
1110 597 1150 628 ad
1160 608 1222 629 ver.
1236 600 1304 629 154.
1320 604 1352 629 et
1366 598 1554 640 elegantiam

828 662 946 692 parem,
962 651 1002 682 ad
1016 651 1056 681 vi.
1073 655 1165 684 1190.

873 704 954 734 Ibid.
968 705 1106 744 sequenti
1115 705 1233 735 concita
1241 702 1356 744 plagci:
1374 704 1393 735 i.
1406 715 1432 735 e.
1449 708 1472 724 “
1484 717 1553 746 par-

831 761 853 777 “
869 757 965 789 ticula
976 757 1160 798 particulam
1171 757 1363 797 impellente,
1373 758 1450 790 dum
1462 759 1555 801 plaga

830 813 853 829 “
869 809 995 850 plagam
1010 809 1189 850 insequitur,
1213 814 1244 839 et
1258 809 1407 840 continuo
1422 810 1553 841 flumine

831 865 852 880 “
868 861 972 892 lucem
1004 861 1078 892 facit
1105 861 1275 902 prosilire.’'
1319 862 1482 892 Nimirum
1517 863 1553 895 in

828 912 940 943 eadem
970 912 1072 954 figura
1104 918 1288 952 perseverat,
1325 913 1553 953 interpretatio-

826 975 962 1005 nemque
991 975 1095 995 meam
1116 964 1318 1004 praecedentis
1344 965 1449 995 versus
1477 965 1554 996 vali-

826 1017 951 1048 dissime
960 1017 1136 1048 communit
1144 1017 1241 1056 locus,
1249 1023 1280 1048 et
1288 1027 1339 1048 me
1348 1018 1554 1049 certissimam

827 1075 967 1100 mentem
995 1070 1094 1109 po'etae
1123 1068 1360 1108 deprehendisse
1388 1068 1470 1099 clare
1499 1069 1554 1100 de-

825 1125 990 1151 monstrat:
1031 1119 1115 1161 quod
1143 1120 1283 1159 impense
1313 1120 1423 1159 placet,
1453 1130 1553 1161 quum

826 1183 930 1203 versus
955 1173 987 1203 in
1003 1174 1088 1203 hunc
1110 1173 1195 1203 diem
1221 1173 1315 1212 plane
1340 1173 1553 1203 conclamatus

819 1223 947 1264 jaceret,
978 1234 1014 1254 ac
1044 1223 1206 1263 projectus.
1256 1223 1321 1253 His
1349 1229 1457 1253 autem
1486 1234 1550 1254 non

825 1274 933 1304 minus
947 1274 1064 1314 optime
1079 1279 1258 1315 congruunt
1273 1275 1442 1315 sequentia.

868 1326 946 1356 Ver.
965 1329 1036 1358 191.
1053 1328 1188 1366 protelo:
1216 1326 1255 1356 O.
1274 1332 1318 1357 Ω.
1339 1337 1398 1366 pro
1420 1328 1489 1364 tel05
1514 1330 1549 1359 Σ.

816 1389 875 1418 pro
906 1379 1215 1409 cela—stimulatur:
1247 1384 1287 1408 Π.
1309 1380 1551 1409 simulantur.—

813 1430 962 1470 fulgure:
991 1436 1033 1461 Π.
1052 1434 1087 1462 Σ.
1099 1430 1234 1471 ficlgere.
1280 1430 1357 1461 Pius
1373 1436 1480 1462 autem
1495 1431 1550 1462 de·

821 1482 880 1521 dit,
889 1482 1144 1523 filgurefolgur;
1161 1492 1259 1523 quam
1273 1482 1458 1522 scripturam
1478 1493 1550 1522 pro-

819 1535 870 1570 bo,
901 1539 931 1564 et
953 1544 970 1564 e
992 1533 1078 1564 libris
1100 1533 1218 1573 scriptis
1240 1533 1417 1574 provenisse
1439 1534 1547 1565 nullus

819 1585 974 1617 dubitem:
1000 1585 1117 1616 invitus
1131 1586 1226 1616 etiam
1241 1596 1306 1616 non
1326 1596 1449 1627 sequor,
1465 1591 1501 1617 ut
1515 1586 1548 1617 in

818 1638 928 1669 multis
947 1637 1014 1668 aliis
1029 1638 1168 1677 profecto
1182 1638 1408 1669 consimilibus.

865 1689 945 1720 Ibid.
963 1691 1096 1729 protelo:
1122 1690 1141 1720 i.
1168 1700 1197 1720 e.
1217 1699 1273 1729 per
1296 1689 1408 1719 seriem
1432 1689 1546 1720 indesi-

819 1746 931 1771 nenter
946 1740 1174 1771 continuatam:
1200 1740 1308 1769 redeas
1323 1740 1363 1770 ad
1377 1740 1409 1770 ii.
1425 1743 1498 1771 551.

863 1791 945 1823 Ibid.
978 1793 1168 1822 stimulatur.-
1209 1791 1368 1831 eleganter
1396 1791 1546 1830 profecto,

819 1843 998 1884 vivideque3
1014 1843 1093 1874 radii
1106 1844 1273 1874 verberibus
1285 1843 1374 1883 quasi
1388 1843 1489 1874 radios
1497 1844 1546 1874 in-

819 1900 1022 1933 sectarentur,
1052 1901 1083 1925 et
1107 1900 1266 1925 morantes
1280 1893 1484 1934 flagellarent:
1511 1900 1548 1925 ut

820 1947 895 1978 alibi
909 1957 990 1986 saepe
1004 1946 1168 1987 finguntur
1183 1946 1262 1976 radii
1276 1952 1436 1986 percutere
1450 1951 1482 1976 et
1493 1946 1547 1987 fe-

939 1998 992 2028 De
1006 1999 1073 2028 luce
1090 1997 1192 2033 Maro,
1209 1998 1282 2027 AEn.
1299 1996 1361 2026 viii.
1379 1999 1429 2028 25.

1043 2062 1197 2093 summique
1200 2062 1267 2094 ferit
1277 2062 1411 2093 laquearia
1420 2062 1498 2088 tecti.

819 2001 893 2030 rire.

817 2128 949 2160 Ovidius
970 2133 1076 2159 autem
1099 2127 1193 2167 longe
1215 2126 1464 2167 elegantissimus
1486 2131 1544 2164 est,

815 2186 846 2211 et
861 2179 1038 2210 felicissime
1053 2178 1182 2220 quidem
1193 2177 1306 2214 audax,
1322 2177 1389 2208 fast.
1405 2178 1424 2208 i.
1442 2181 1492 2209 77.

846 2254 956 2279 Flamma
969 2253 1056 2279 nitore
1066 2260 1114 2278 suo
1124 2253 1291 2285 templorum
1303 2252 1425 2278 verberat
1434 2259 1542 2278 aurum.

859 2323 939 2353 Ibid.
952 2323 1083 2364 fulgure
1097 2323 1229 2364 fulgur;
1254 2334 1310 2363 pro
1335 2323 1458 2364 fulgore
1480 2323 1542 2353 ful-

814 2384 884 2414 gor:
911 2375 981 2404 vide
998 2385 1068 2415 quae
1083 2375 1227 2405 dedimus
1242 2375 1282 2405 ad
1297 2375 1328 2405 ii.
1347 2377 1419 2405 527.
1432 2379 1463 2404 et
1475 2377 1544 2405 165.

813 2425 937 2456 ibidem.

857 2477 931 2506 Ver.
950 2479 1020 2508 195.
1043 2479 1292 2508 Innumerabile:
1320 2477 1363 2506 sic
1383 2475 1475 2515 prisci
1490 2485 1542 2506 co·-

815 2527 898 2558 dices
921 2528 989 2565 Pii;
1012 2528 1074 2569 qu&
1100 2529 1232 2559 lectione
1259 2528 1339 2558 nihil
1367 2527 1487 2558 doctius
1512 2533 1543 2558 et

815 2579 997 2620 exquisitius
1020 2580 1097 2621 fingi
1119 2586 1234 2620 potest:
1262 2581 1319 2609 has
1347 2586 1453 2609 autem
1479 2578 1541 2609 ele-

811 2630 933 2671 gantias
949 2630 1064 2661 librarii
1080 2642 1189 2670 parum
1205 2631 1336 2661 assecuti
1359 2640 1452 2660 suum
1475 2631 1540 2660 Im-

811 2683 1014 2720 memorabc'le,
1030 2682 1113 2723 quod
1129 2692 1238 2712 omnes
1253 2681 1330 2711 alios
1345 2681 1439 2711 libros
1453 2680 1537 2711 vide-

811 2739 862 2764 tur
877 2743 1052 2772 occupasse,
1082 2733 1157 2774 (nisi
1177 2732 1261 2774 quod
1283 2735 1332 2763 ira
1348 2733 1538 2763 memorabile

811 2796 848 2816 ex
865 2786 902 2817 B.
925 2786 1145 2825 depromptum
1162 2785 1216 2826 sit)
1244 2785 1284 2815 ad
1309 2784 1470 2815 arbitrium
1488 2783 1537 2813 in-

808 2844 936 2868 trusere.
984 2837 1058 2867 Non
1085 2837 1224 2867 ferebant
1249 2837 1358 2877 utique
1379 2836 1455 2867 boni
1482 2834 1539 2864 viri

809 2899 917 2920 vocem
933 2899 1092 2920 numerum
1109 2888 1147 2919 de
1157 2891 1253 2930 spatio
1266 2887 1409 2929 usurpari
1415 2899 1424 2926 3
1440 2895 1537 2928 quam
