1912 3292
512 237 745 286 LIBER
811 238 1165 288 TERTIUS.

1507 255 1521 294 1
1534 256 1559 295 5
1568 254 1593 294 ξ’

225 374 256 394 “
280 368 376 410 Non
394 366 530 422 potius
548 367 643 408 vitae
663 366 789 408 finem
802 368 921 423 jacis,
940 376 1065 425 atque
1083 371 1257 414 laboris?

224 448 255 468 “
278 442 400 490 Nam,
422 440 497 481 tibi
516 448 717 495 praeterea
736 441 849 498 quod
868 442 1080 485 machiner
1099 445 1401 504 inveniamque,

225 521 255 542 ⁸‘
279 514 405 563 Quod
424 515 595 570 placeat,
618 516 721 557 nihil
741 524 815 558 est:

80 669 115 710 (l.
140 668 227 709 ὅμως)
256 681 437 710 στυγεοντες,
462 673 511 715 ζῃν
541 675 660 705 εθελεσι
691 674 803 714 Baſsam.

78 719 179 751 αἴδεω.
225 719 331 751 Idem:
361 728 524 763 Ανοημσνες,
550 727 669 757 θανατον
687 725 803 759 δεδοικυ-

78 785 134 808 τες,
152 785 302 815 ’γηρασκειν
323 776 448 807 estham.
493 778 718 812 BENTLEIUS.

119 824 194 855 Ver.
214 828 285 857 955.
307 828 402 858 mali:
428 828 471 859 sic
487 830 530 860 V.
559 830 605 862 ed.
634 833 672 862 B.
698 833 735 864 L.
764 834 803 864 Ο.

77 878 114 906 Δ.
138 881 179 906 Π.
203 882 248 907 Ω.
271 876 392 918 reliqui,
416 885 452 909 ut
476 881 619 922 vulgares
639 883 801 924 editiones,

76 928 172 962 male5
206 927 308 958 multo
337 930 444 961 minus
468 932 634 974 eleganter.
680 935 806 966 Metue-

75 979 152 1009 bant
173 980 323 1011 nimirum
348 983 422 1013 boni
442 984 511 1023 viri,
534 992 570 1016 ut
591 997 651 1017 vox
674 990 807 1029 amplius

75 1029 159 1060 virili
181 1031 318 1062 nominis
340 1033 443 1065 officio
458 1035 588 1078 defungi
604 1045 722 1077 posset:
753 1041 807 1071 sed

46 1088 50 1089 ⁷
75 1092 171 1124 quam
186 1083 355 1122 immerito,
372 1086 504 1119 Plautus
514 1089 634 1129 doceat,
649 1092 726 1124 Cist.
738 1103 766 1124 v.
776 1098 805 1124 4.

122 1196 187 1221 Tibi
196 1197 258 1223 mea
269 1199 350 1230 opera
360 1199 493 1226 liberorum
503 1209 558 1229 esse
569 1165 751 1236 ampgsffl:

76 1265 110 1289 et
125 1260 280 1292 Menaech.
297 1272 323 1293 v.
340 1267 371 1293 2.
388 1268 439 1295 95.

107 1325 180 1350 Prius
192 1333 273 1357 quam
285 1328 419 1354 turbarum
429 1331 491 1362 quid
500 1331 582 1358 faciat
592 1335 772 1367 amplius—.

79 1382 276 1425 Subjungam
292 1385 490 1429 Terentium,
507 1391 625 1424 Heaut.
642 1393 664 1424 i.
685 1399 710 1426 1.
726 1398 758 1427 3.

137 1453 192 1477 Nec
203 1453 239 1477 rei
249 1453 307 1480 fere
314 1462 378 1481 sane
388 1457 499 1489 amplius
509 1459 648 1493 quidquam
662 1461 724 1487 fuit.

70 1512 246 1545 -obcidat.·
273 1515 311 1546 P.
326 1515 366 1546 V.
381 1516 429 1548 ed.
447 1521 586 1557 accidat;
610 1531 675 1552 non
687 1521 803 1562 inepte,

76 1567 114 1593 ut
127 1573 253 1603 censco;
276 1565 331 1597 sed
346 1568 386 1598 ob
400 1578 461 1599 ver.
477 1573 551 1601 950.
575 1571 740 1612 vulgatum
756 1573 802 1604 fa-

73 1613 132 1645 cile
157 1616 361 1655 praetulerim:
390 1620 428 1650 B.
454 1623 580 1652 accidit.
625 1623 735 1661 Porro,
762 1631 801 1656 Π.

73 1665 167 1697 habet
178 1674 315 1708 gratum,
339 1670 406 1700 vice
420 1673 588 1711 ingratum.

118 1717 199 1749 Ibid.
222 1721 315 1751 mali:
341 1720 360 1751 i.
383 1732 409 1752 e.
432 1722 608 1763 infortunii,
633 1725 680 1756 vel
703 1727 802 1757 offen·

75 1767 189 1809 sionis;
211 1771 329 1811 respice
342 1782 405 1804 ver.
424 1777 495 1806 954.

117 1819 192 1851 Ver.
211 1825 283 1853 956.
316 1824 408 1855 Non:
443 1825 498 1863 sic,
528 1825 624 1868 longe
647 1829 805 1862 efficacius

79 1876 111 1901 et
131 1872 311 1910 animosius,
335 1875 372 1905 L.
397 1876 446 1907 M.
466 1877 507 1908 O.
526 1884 561 1909 Δ.
578 1884 612 1911 Σ.
632 1887 675 1912 Ω.
698 1881 803 1923 vulgo,

78 1924 157 1960 Mc,
173 1930 210 1955 ut
226 1931 267 1956 11.
281 1925 335 1958 sed
353 1927 390 1957 P.
406 1928 447 1958 V.
463 1929 510 1960 ed.
528 1932 638 1967 Nunc;
661 1933 694 1963 in
708 1933 802 1965 Vind.

72 1978 158 2004 totus
170 1984 277 2006 versus
291 1976 628 2023 desideratur.—finem
637 1997 647 2013 .·
676 1990 716 2015 Π.
722 1987 804 2026 fine.

74 2024 212 2064 —jacz‘s:
237 2026 276 2057 P.
293 2034 338 2059 Ω.
352 2028 456 2069 facz's;
479 2036 516 2061 ut
540 2032 574 2062 in
599 2033 692 2065 editis
716 2045 802 2067 com-

20 2080 27 2087 *
74 2077 224 2108 munibus
239 2078 367 2120 legitur:
394 2087 425 2112 et
449 2092 523 2113 sane
549 2084 700 2117 dictiones
710 2088 802 2129 facio

76 2133 106 2158 et
111 2128 199 2168 jacio
215 2136 416 2163 commutatae
430 2139 504 2164 sunt
517 2134 558 2165 ad
573 2136 639 2168 Liv.
656 2137 708 2169 xli.
724 2142 753 2170 4.
770 2143 800 2171 2.

74 2179 130 2209 ubi
150 2179 242 2218 plura
256 2181 547 2224 Drakenborchius;
570 2188 609 2218 ad
632 2189 714 2220 Vell.
739 2190 801 2222 Pa-

73 2234 146 2260 tere.
161 2230 193 2261 ii.
208 2235 259 2263 65.
284 2233 375 2264 Ovid.
390 2235 456 2266 fast.
471 2236 512 2268 vi.
530 2241 601 2269 458.
617 2240 671 2270 sed
687 2241 720 2271 in
736 2242 801 2273 Lu-

77 2281 172 2311 cretio
193 2283 334 2322 pluribus
359 2292 390 2315 et
415 2287 693 2328 incorruptioribus
717 2292 803 2324 libris

78 2332 151 2362 stari
175 2332 274 2366 debet.
317 2338 425 2368 Jacere
454 2349 579 2379 nempe,
602 2352 659 2381 pro
678 2355 800 2383 ponere,

76 2383 244 2423 saepissime
270 2387 443 2420 adhibetur.
490 2391 614 2423 Prostet
637 2395 801 2436 Virgilius,

76 2444 146 2475 geo.
162 2435 201 2467 ἰν.
219 2441 290 2468 294.

109 2502 203 2527 Omnis
214 2503 240 2528 ln
255 2504 305 2530 hac
316 2510 419 2532 certain
432 2509 504 2543 regio
508 2510 575 2542 jacit
584 2515 643 2537 arte
653 2513 774 2540 salutem.-

73 2559 128 2589 ubi
158 2560 300 2592 Servium
322 2564 476 2602 consulas,
499 2573 531 2597 et
557 2568 699 2600 Nonium
722 2581 801 2610 prae-

74 2611 193 2651 sertim,
218 2613 257 2643 iv.
274 2617 345 2646 249.
369 2617 423 2656 qui
443 2628 566 2649 versum
582 2621 677 2652 etiam
692 2623 801 2665 Virgi-

75 2660 197 2694 lianum
211 2665 350 2703 protulit,
373 2667 541 2710 locumque
555 2682 593 2702 ex
608 2673 733 2705 Lucilio
747 2686 802 2716 ap-

76 2715 310 2753 positissimum.
334 2719 462 2751 Phrasis
469 2729 575 2754 autem
585 2725 723 2757 Lucretii
734 2738 803 2759 mo-

76 2774 145 2798 rem
161 2771 285 2810 respicit
303 2773 444 2807 limitum
469 2780 551 2819 agris
573 2782 803 2823 ponendorum,

76 2819 126 2850 vel
152 2829 324 2865 metarum3
366 2839 443 2871 quas
481 2832 598 2872 lapides
626 2837 803 2878 angulares,

77 2870 172 2903 fuisse
185 2878 404 2919 pyramidum,
420 2887 486 2912 tam
499 2894 536 2914 ex
550 2885 654 2918 Gellio
666 2888 804 2930 aliisque,

80 2922 175 2962 ‘quam
198 2936 237 2958 ex
260 2931 491 2974 speciminibus,
523 2947 594 2978 quae
619 2949 673 2978 per
697 2941 805 2974 ruinas

848 517 992 559 eadem
1013 527 1107 561 sunt
1128 522 1268 563 omnia
1288 538 1459 580 semper.

846 681 1025 716 temporum
1041 676 1082 707 ad
1098 688 1155 708 nos
1171 677 1293 719 integra
1308 690 1484 720 pervenere,
1506 693 1575 721 pro-

846 729 885 757 be
900 728 1054 759 novimus.
1099 729 1188 759 Hinc
1211 737 1316 761 autem
1345 731 1399 762 lux
1422 733 1575 772 Euripidi.

848 778 928 809 Hec.
947 783 995 810 16.
1018 790 1117 820 quum
1132 786 1232 811 turres
1246 781 1351 818 etiam,
1375 789 1405 813 et
1420 784 1481 814 alia
1501 784 1574 815 aedi-

847 829 991 861 ficiorum
1004 841 1129 871 genera,
1146 832 1185 862 ad
1202 832 1278 863 fines
1294 834 1429 874 regionis
1440 843 1574 876 persaepc

845 888 1046 920 ponerentur:

886 959 949 987 Ἕως
959 969 1003 993 μεν
1017 970 1044 986 εν
1060 971 1106 992 γῆς
1117 961 1193 987 ΟΡΘ’
1209 961 1276 989 εκειθ’
1287 963 1498 995 ὈΡΙΣΜΑΊ“Α,

887 1007 1013 1033 ΠΥΡΓΟῘ
1028 1008 1050 1033 τ’
1062 1009 1196 1043 ωθροευστοι
1209 1012 1325 1045 Τρωϊκης
1339 1021 1403 1040 nam
1412 1011 1541 1046 χθονος-,

849 1073 960 1112 Porro,
983 1074 1017 1105 in
1029 1075 1061 1116 f
1083 1082 1113 1106 et
1127 1077 1149 1116 j
1172 1077 1269 1107 literis
1290 1079 1397 1108 scribae
1422 1090 1486 1110 non
1509 1091 1577 1111 raro

849 1127 977 1157 turbant
984 1138 994 1164 ;
1008 1127 1098 1168 cujus
1106 1129 1309 1160 aberrationis
1320 1140 1407 1161 exem
1413 1131 1498 1170 plum
1510 1133 1578 1164 vide

849 1177 888 1208 ad
904 1177 924 1207 i.
939 1180 990 1208 55.

893 1228 974 1258 Ibid.
979 1230 1082 1270 finem
1097 1232 1276 1270 vitaejacz's:
1302 1232 1320 1262 i.
1337 1243 1362 1263 e.
1389 1236 1411 1252 ‘⁴
1427 1235 1578 1266 terminos

849 1282 872 1298 “
887 1279 977 1318 ponis
1000 1280 1070 1311 vitae
1094 1282 1194 1319 tuae;'’
1217 1282 1264 1313 uti
1281 1283 1443 1323 scriptores
1467 1287 1575 1326 optimi

848 1330 963 1370 passim
979 1330 1159 1372 loquuntur.
1186 1333 1351 1375 Virgilius,
1366 1336 1440 1367 AEn.
1453 1336 1493 1368 iv.
1505 1341 1578 1368 614.

879 1398 912 1422 Et
923 1397 959 1422 sic
971 1397 1028 1423 fata
1039 1399 1111 1430 Jovis
1122 1403 1247 1432 poscunt,
1262 1401 1307 1427 hic
1318 1402 1440 1427 terminus
1450 1403 1526 1428 haerec
1536 1413 1544 1429 .-

847 1463 867 1494 i.
884 1474 910 1494 e.
934 1465 1001 1495 haec
1016 1473 1094 1497 meta
1121 1468 1193 1497 satis
1210 1468 1273 1499 alte
1296 1469 1438 1511 infigitur
1459 1473 1576 1512 telluri,

848 1514 926 1546 adeo
950 1522 986 1547 ut
1011 1518 1179 1549 stationem
1202 1520 1283 1551 tueri
1307 1522 1413 1561 possit,
1437 1530 1468 1554 et
1492 1532 1576 1556 recta

847 1566 968 1598 durare.
1013 1569 1073 1599 Est
1097 1570 1183 1600 enim
1205 1577 1237 1602 et
1258 1573 1331 1604 huic
1347 1575 1449 1605 versui
1468 1576 1577 1606 similis

846 1620 1015 1651 translatio.

890 1671 966 1702 Ver.
980 1675 1054 1704 957.
1067 1675 1297 1717 inveniamque.-
1317 1677 1353 1708 P.
1365 1681 1576 1721 inveniamque

845 1729 897 1754 est.

891 1774 974 1805 Ibid.
995 1779 1153 1808 machiner
1165 1780 1386 1821 inveniamque.
1410 1782 1485 1814 Hoc
1499 1794 1576 1825 quo—

847 1837 909 1868 que
938 1839 993 1868 per
1024 1831 1222 1871 hendyadem
1255 1833 1348 1865 debet
1375 1836 1484 1876 accipi,
1522 1847 1578 1877 pro

848 1884 870 1899 “
892 1880 989 1916 Quod
1004 1882 1060 1912 tibi
1075 1893 1130 1922 per
1144 1885 1324 1916 machinam
1338 1888 1480 1927 quamvis
1491 1889 1575 1920 inve-

848 1934 871 1950 “
888 1933 957 1963 nire
976 1943 1013 1964 ac
1029 1944 1209 1974 comparare
1224 1937 1373 1969 valeam.‘'
1414 1940 1438 1972 J
1439 1951 1490 1970 am
1506 1952 1578 1972 vero

847 1993 957 2014 vocem
985 1988 1145 2017 machinor
1176 1994 1207 2018 et
1235 1996 1383 2030 cognatas
1412 2002 1431 2022 a
1455 1994 1578 2025 Graecizi

847 2035 1041 2075 profluxisse,
1054 2043 1148 2079 atque
1157 2039 1199 2070 ibi
1209 2041 1352 2073 similiter
1362 2044 1477 2083 passim
1486 2056 1575 2077 usur-

846 2087 924 2126 pari,
947 2088 981 2118 in
997 2089 1044 2119 his
1066 2089 1162 2121 literis
1183 2102 1308 2132 prorsus
1329 2095 1440 2135 hospes
1461 2097 1501 2127 sit
1522 2107 1574 2129 ne-

847 2148 931 2169 cesse
946 2146 1002 2176 est,
1025 2142 1080 2182 qui
1096 2152 1128 2172 se
1142 2142 1320 2177 docendum
1335 2148 1478 2186 postulet.

888 2191 964 2222 Ver.
980 2194 1052 2224 958.
1070 2195 1212 2233 placeat:
1237 2196 1274 2227 L.
1303 2198 1351 2228 M.
1371 2201 1474 2239 placet
1481 2216 1492 2236 ;
1521 2202 1575 2243 qui

847 2242 1129 2274 vetustissimorum
1154 2248 1382 2287 exemplarium
1411 2261 1578 2284 consensus

846 2294 1031 2333 scrupulum
1062 2297 1151 2327 nobis
1181 2298 1289 2339 injicit.

846 2344 998 2384 quiddam
1024 2360 1065 2388 τῳ
1088 2354 1138 2384 est,
1162 2349 1202 2380 ad
1224 2350 1319 2381 finem
1334 2353 1438 2383 versus
1461 2365 1574 2393 praecc-

846 2395 948 2426 dentis
970 2397 1004 2428 in
1029 2399 1065 2429 P.
1093 2401 1205 2441 posito,
1228 2403 1457 2443 subindicatur;
1481 2413 1512 2437 et
1534 2418 1574 2438 an

847 2446 966 2479 dederit
979 2450 1164 2484 Lucretius?

1345 2302 1441 2333 Anne
1471 2311 1577 2335 autem

877 2521 957 2552 Quod
963 2522 1057 2554 placet,
1072 2528 1111 2549 est
1128 2526 1211 2552 nihil:
1229 2531 1270 2552 ast
1288 2529 1382 2554 eadem
1402 2533 1465 2555 sunt
1484 2533 1576 2558 omnia

953 2568 1067 2594 semper.

847 2630 979 2670 Saltem,
995 2639 1032 2664 ut
1047 2645 1133 2666 nunc
1149 2647 1180 2667 se
1196 2647 1244 2667 res
1258 2639 1363 2678 habet,
1379 2640 1454 2673 citra
1469 2653 1571 2675 neces-

846 2681 970 2713 sitatem
985 2684 1064 2715 nihil
1079 2687 1261 2719 novandum
1276 2695 1330 2721 est.

891 2735 966 2766 Ver.
983 2740 1055 2769 959.
1078 2740 1113 2769 Sz·
1126 2741 1183 2770 tibi
1205 2744 1297 2773 armis
1311 2754 1418 2784 corpus
1440 2754 1569 2779 marcet.-

846 2788 867 2819 i.
882 2799 909 2819 e.
926 2791 1020 2825 tabet,
1042 2791 1185 2832 liquitur:
1211 2795 1281 2826 vide
1294 2796 1326 2826 ii.
1342 2798 1460 2837 penult.
1482 2801 1574 2832 Glos-

848 2846 932 2870 sator
945 2847 1051 2873 vetus:
1077 2847 1099 2862 “
1117 2846 1262 2883 Marceo,
1288 2851 1440 2890 rnnopoeif’
1479 2852 1573 2882 Com--

848 2892 981 2924 modum
1011 2896 1172 2928 accesserit
1200 2897 1353 2930 distichon
1389 2901 1573 2940 speciosissi-

847 2953 938 2975 mum
953 2945 1062 2987 elegiae
1085 2947 1119 2978 in
1137 2948 1266 2981 Anthol.
1292 2951 1361 2982 Lat.
1377 2952 1420 2982 iii.
1438 2956 1506 2983 275,
1525 2955 1563 2983 32<
