1912 3292
547 209 779 258 LIBER
828 208 1185 257 TERTIUS.

1495 217 1583 261 147

241 342 346 383 Illud
366 342 408 382 in
428 340 505 380 hiis
524 340 644 380 rebus
663 353 750 380 non
770 338 943 379 addunt:
979 344 1008 364 ‘⁴
1033 338 1121 379 Nee
1142 338 1216 378 tibi
1236 353 1377 379 earum

240 423 268 441 “
290 416 382 457 Jam
403 413 646 455 desiderium
668 427 805 454 rerum
826 412 974 454 insidet
994 412 1162 467 insuper
1182 411 1301 453 unzi?

117 587 167 611 Sed
178 592 234 616 vos,
246 584 362 615 Calliope
373 584 378 608 !
396 586 490 608 nostro
501 584 601 609 donate
611 584 704 614 labori,

112 629 180 651 Nota
191 631 284 657 parum
298 623 389 655 magni
400 623 500 655 longum
512 625 654 648 tradantur
665 624 691 648 in
703 631 789 648 aevom

108 668 167 691 Fata
179 665 238 694 viri,
249 667 276 689 et
289 663 417 688 meritum
428 664 486 688 vati
495 671 628 689 sacremus
640 665 781 689 honorem.

43 755 45 757 ·
92 738 327 780 -floremibus:
360 736 403 766 ita
428 736 594 777 magnifice
618 743 650 767 et
678 737 812 778 egregie,

91 796 127 820 ut
151 789 231 820 nihil
255 798 356 828 supra,
379 787 502 818 codices
525 788 660 818 universi
685 795 812 827 veteres,

89 849 155 874 tam
170 841 267 873 MSS.
289 851 384 881 quam
399 841 479 881 typis
493 841 649 880 impressi:
676 843 734 871 hoc
757 853 813 872 au-

91 903 155 928 tem
170 906 233 926 non
255 895 394 926 contenti
417 895 549 926 editores
571 906 627 926 sua
648 895 813 926 insulsissi-

90 959 154 986 ma,
184 958 219 977 os
247 946 377 978 durum!
417 947 507 978 nobis
535 947 731 988 largiuntur;
760 949 817 978 tibi

80 999 215 1041 jin-tibus
228 999 357 1030 scilicet!
384 1000 430 1029 At
443 998 513 1029 illos
530 1009 604 1029 cum
618 998 676 1029 sua
689 998 815 1029 temeri-

89 1057 151 1083 tate
161 1051 232 1092 plus
241 1061 336 1092 quam
350 1051 508 1092 sacrilega,
520 1061 635 1092 magna
647 1051 816 1089 Divarum,

90 1103 199 1144 perdat
229 1103 355 1134 Critice!
389 1103 473 1133 Vide
501 1109 652 1139 nostrum,
690 1113 716 1133 v.
741 1106 814 1133 550.

92 1155 256 1186 Cornelius
292 1155 410 1195 Nepos,
450 1155 489 1186 de
527 1156 672 1194 Cimone,
709 1154 752 1185 iii.
787 1158 815 1184 1.

88 1211 110 1226 “
129 1208 252 1244 Quibus
279 1209 366 1239 rebus
390 1218 490 1248 quum
515 1218 598 1238 unus
626 1207 661 1237 in
690 1207 813 1237 civitate

88 1265 110 1281 “
126 1263 264 1294 maxime
277 1263 479 1304 floreret—2³
523 1264 567 1293 Et
591 1262 730 1302 optimus
743 1262 812 1303 qui-

89 1315 134 1345 vis
149 1316 266 1346 centies
286 1315 429 1346 similiter
450 1316 572 1346 locutus
599 1322 655 1353 est,
684 1317 810 1346 Graeco-

86 1376 159 1396 rum
173 1366 302 1407 vestigia
325 1371 458 1397 secutus.
503 1367 590 1397 Dicit
604 1377 678 1407 ergo
693 1367 810 1396 Lucre-

85 1417 159 1448 tius:
187 1420 209 1436 “
226 1418 301 1448 Non
327 1417 462 1457 amplius
485 1417 544 1448 eris
569 1418 669 1459 gloria
695 1414 811 1458 magni

84 1473 108 1490 ‘⁵
122 1470 179 1508 vir,
195 1476 227 1501 et
241 1470 354 1501 florens
367 1470 543 1501 laudibus.''

125 1523 201 1552 Ver.
218 1526 288 1554 911.
313 1524 519 1554 Praesidium.-
544 1523 588 1553 sic
603 1533 713 1553 omnes
727 1522 811 1560 libri;

85 1574 254 1606 editoribus
282 1580 388 1605 autem
417 1575 547 1614 placuit,
580 1577 751 1606 Prcesidio:
780 1580 811 1605 et

83 1637 159 1657 sane
172 1636 322 1667 perquam
336 1626 483 1656 credibile
497 1632 553 1665 est,
578 1628 729 1657 Praesidio
745 1626 811 1656 Lu-

82 1676 256 1708 cretianum
269 1677 304 1707 in
321 1679 516 1715 Praesidiom,
540 1682 571 1707 et
590 1677 705 1707 deinde
722 1678 811 1707 Prae-

83 1730 208 1764 sidium,
237 1728 459 1769 degenerasse;
481 1728 534 1759 sed
556 1728 742 1769 neutiquam
764 1733 810 1757 est

84 1781 150 1810 haec
174 1780 345 1810 lectionum
359 1780 551 1811 sincerarum
565 1780 745 1812 constitutio
759 1790 808 1810 ar-

84 1832 169 1863 bitrii
183 1833 279 1863 nostri
293 1836 504 1864 rese—misero
516 1835 640 1864 misere:
659 1833 702 1863 sic
710 1832 807 1863 Vind.

88 1884 127 1914 V.
143 1884 191 1914 ed.
207 1884 244 1915 L.
262 1885 309 1915 M.
334 1888 369 1915 Δ.
386 1889 421 1917 Σ.
439 1891 483 1915 Ω..
505 1885 618 1926 quibus
633 1883 713 1914 nihil
729 1884 807 1914 veri-

84 1945 121 1965 us
135 1941 190 1966 aut
210 1935 396 1976 elegantius:
421 1936 491 1966 vide
513 1947 584 1977 quae
609 1936 747 1966 diximus
770 1935 808 1966 de

84 1988 143 2017 hoc
165 1987 288 2018 dicendi
318 1998 432 2029 genere
455 1988 495 2019 ad
519 1988 540 2019 i.
569 1991 641 2019 742.
664 1988 806 2025 Plautus,

83 2038 176 2068 Truc.
191 2038 223 2069 ii.
239 2042 268 2070 5.
287 2042 333 2069 15.

113 2115 189 2140 milli
199 2116 305 2145 morbo,
324 2115 351 2139 id
362 2115 399 2139 illi
410 2116 483 2140 senio
495 2118 546 2146 est,
561 2123 592 2141 ea
604 2115 642 2140 illi
653 2116 751 2141 miserae
761 2115 807 2141 mi-

203 2155 268 2180 seria
279 2159 328 2181 est.

85 2218 185 2254 Idem,
204 2218 278 2249 Cist.
292 2219 332 2249 iv.
348 2223 377 2250 2.
394 2223 444 2250 21.

398 2299 443 2324 illo
453 2302 516 2324 sunt
527 2299 649 2324 homines
660 2299 748 2324 misere

145 2338 242 2363 Miseri.

86 2409 219 2447 Rursus,
238 2409 346 2440 Aulul.
362 2410 400 2441 iv.
419 2414 467 2441 10.
484 2413 497 2440 1
505 2432 512 2440 .

112 2489 175 2496 —-
185 2478 253 2507 1mo,
263 2484 314 2509 ego
324 2484 384 2502 sum
395 2478 479 2508 miser,
490 2482 517 2503 et
528 2478 615 2503 mirere
625 2479 753 2511 perditus.

84 2533 185 2570 Salus,
211 2540 243 2564 et
261 2534 354 2572 nitor,
378 2545 442 2566 non
464 2535 590 2566 aliunde
605 2536 708 2567 veniet
722 2537 804 2578 ejus-

80 2585 155 2616 dem
169 2586 283 2616 fabulae
297 2586 463 2626 depravato
477 2588 589 2627 versui,
601 2588 632 2619 ii.
649 2592 678 2619 4.
693 2592 746 2620 56.

111 2663 225 2695 AEdepol
236 2664 242 2688 !
261 2664 404 2690 mortalem
415 2668 490 2697 parce
498 2670 604 2697 parcum
615 2665 754 2697 praedicas.

111 2705 224 2729 Censen’
235 2712 299 2730 vero
310 2705 377 2730 adeo
390 2705 519 2736 miserum,
530 2709 558 2731 et
568 2706 655 2730 misere
664 2706 771 2732 vivere?

82 2775 188 2817 Vulgo
202 2776 328 2818 legitur,
344 2788 433 2809 versu
449 2778 660 2818 productiore:

101 2842 212 2868 Censen’
223 2851 287 2870 vero
296 2846 363 2871 adeo
373 2852 423 2871 esse
429 2849 548 2878 parcum,
559 2848 587 2870 et
595 2845 692 2871 misere
700 2844 801 2870 vivere?

80 2902 251 2944 Nimirum,
271 2914 411 2939 mentem
425 2909 542 2941 librarii
558 2919 675 2940 nomen
684 2918 801 2949 parcus

867 585 1122 615 circumsonabat.
1168 583 1341 620 Bmsseius,
1357 584 1422 615 vice
1436 597 1494 616 esse
1513 598 1589 626 par-

864 648 946 674 cum,
977 636 1136 676 proposuit
1154 647 1259 675 parce.
1305 636 1383 674 Nos,
1411 637 1470 667 nisi
1497 638 1591 668 nimi-

857 698 913 718 um
929 694 1034 718 nostra
1048 687 1201 727 placeant,
1218 697 1284 717 rem
1300 697 1360 717 acu
1375 688 1589 728 tetigimus—

858 739 1026 778 Deinceps‚
1053 739 1088 768 P.
1115 740 1217 776 miser,
1244 750 1259 768 ο
1281 740 1388 769 miser.-
1414 739 1499 780 quod
1521 740 1585 770 edi-

858 796 940 821 tores
969 791 1139 830 arripuere:
1169 790 1209 821 Ο.
1245 793 1364 822 miserce
1390 793 1499 823 misero
1506 807 1516 828 ;
1546 799 1586 823 Π.

858 845 974 880 misere,
990 842 1126 873 secunda
1148 843 1284 873 dictione
1307 843 1583 876 omissae—aiunl:

860 899 895 925 Δ.
918 897 1207 926 autem—ademit:
1236 894 1331 924 Vind.
1355 900 1391 925 Δ.
1412 902 1454 926 Π.
1472 901 1508 927 Σ.
1533 898 1586 927 de-

859 948 932 976 mit:
958 956 1022 976 non
1051 945 1148 983 male3
1182 946 1237 975 sed
1266 945 1461 977 elementum
1489 947 1584 978 finale

859 997 1060 1037 praecedentis
1075 998 1158 1028 vocis
1178 997 1270 1028 facile
1294 999 1432 1037 primum
1454 1000 1586 1040 hujusce

861 1051 1021 1080 absorbere
1036 1055 1163 1089 poterat.

904 1102 985 1133 Ibid.
1009 1103 1097 1143 Lego
1122 1104 1184 1132 alc!
1211 1102 1276 1132 vice
1299 1104 1338 1133 o!
1365 1108 1401 1133 ut
1428 1103 1584 1142 Catullus,

859 1154 899 1185 lx.
920 1158 990 1186 159.
1006 1154 1070 1185 lxii.
1087 1157 1136 1184 61.
1153 1153 1311 1192 Tibullus,
1325 1154 1345 1184 i.
1362 1158 1410 1185 95.
1426 1161 1457 1185 et
1474 1156 1585 1186 Graece

856 1205 968 1236 αδειλ’.
1013 1206 1239 1235 ΒΕΝΤιειυε.

858 1257 890 1287 Si
906 1267 962 1286 nos
977 1266 1082 1286 veram
1096 1255 1237 1286 Lucretii
1249 1257 1433 1295 scripturam
1447 1257 1583 1287 restitui-

854 1318 936 1346 mus,
961 1307 1000 1337 de
1014 1308 1072 1336 hac
1096 1306 1315 1337 emendatione
1337 1307 1370 1337 id
1385 1313 1454 1338 tuto
1468 1307 1582 1338 dixeri-

854 1372 935 1397 mus,
961 1360 1045 1401 quod
1062 1360 1179 1399 Apollo
1194 1359 1233 1390 de
1249 1360 1361 1390 Pelide
1376 1361 1410 1390 iu
1426 1361 1580 1392 Hectore-

854 1423 911 1442 um
926 1411 1057 1442 cadaver
1071 1411 1258 1450 impotenter
1273 1412 1432 1442 saeviente:

931 1487 1015 1518 Κωφην
1026 1495 1077 1520 γαρ
1089 1485 1119 1514 δη
1129 1495 1207 1516 yonam
1218 1484 1317 1515 αεικιζει
1329 1494 1463 1519 pervacuum.

897 1547 979 1578 Ibid.
1003 1550 1190 1579 Praesidium
1200 1562 1210 1579 .·
1235 1548 1303 1578 redi
1331 1548 1372 1579 ad
1397 1548 1428 1579 ii.
1455 1552 1527 1579 642.
1551 1554 1583 1579 et

853 1599 896 1629 ibi
911 1600 1021 1630 collata
1036 1601 1134 1631 nobis.
1179 1603 1201 1618 “
1219 1600 1292 1630 Non
1308 1600 1434 1639 posthac
1449 1610 1515 1631 esse
1526 1599 1581 1631 de-

855 1657 878 1673 “
895 1665 949 1685 cus
971 1655 1026 1685 tibi
1042 1654 1172 1694 poteris;
1195 1665 1253 1684 nec
1278 1659 1420 1684 tutamen
1443 1654 1580 1693 parenti-

855 1710 877 1726 “
893 1709 961 1745 bus,
974 1717 1039 1737 aevo
1050 1707 1209 1745 confectis,
1222 1707 1350 1747 conjugi
1361 1713 1436 1744 tuae,
1445 1707 1580 1743 filiabus,

855 1763 877 1779 “
893 1761 1036 1802 filiisque,
1055 1760 1197 1791 nondum
1212 1760 1295 1790 bello
1310 1759 1471 1790 utilibus.”

897 1811 969 1842 Ver.
987 1815 1058 1843 912.
1073 1812 1201 1852 infesta:
1220 1811 1239 1842 i.
1256 1821 1281 1841 e.
1296 1810 1431 1841 fataliter
1441 1811 1578 1848 inimica,

851 1873 950 1903 quum
966 1863 1022 1893 tibi
1037 1868 1172 1892 mortem
1195 1861 1341 1893 attulerit.
1387 1863 1461 1893 Hoc
1483 1862 1580 1902 pollet

852 1915 945 1945 dictio
955 1915 1039 1954 apud
1050 1915 1220 1955 Virgilium
1229 1925 1364 1955 quoque,
1377 1915 1451 1945 AEn.
1464 1925 1492 1945 x.
1506 1918 1578 1945 882.

851 1965 891 1996 de
906 1965 1021 2002 AEnezi‚
1041 1966 1237 1997 Mezentium
1251 1965 1462 2002 interfectum,
1486 1968 1579 1997 verba

851 2017 1034 2048 facientem:

881 2087 1005 2110 Tantum
1017 2085 1121 2117 effatus,
1130 2089 1157 2111 et
1167 2087 1261 2119 infesta?
1272 2087 1343 2112 subit
1355 2087 1448 2112 obvius
1459 2088 1543 2114 hasta.

895 2143 976 2174 Ibid.
994 2146 1145 2184 praemz'a:
1169 2145 1188 2175 i.
1205 2156 1230 2175 e.
1248 2145 1329 2188 δωρα,
1345 2146 1475 2183 fructus,
1492 2156 1574 2177 corn-

851 2194 1025 2231 moditates‚
1040 2196 1170 2236 gaudia:
1190 2196 1260 2227 vide
1272 2207 1333 2227 ver.
1345 2202 1417 2229 969.
1429 2208 1455 2228 v.
1473 2200 1502 2229 5.
1526 2198 1577 2228 Ita

851 2246 1020 2287 Virgilius,
1037 2248 1113 2277 AEn.
1130 2247 1169 2277 iv.
1183 2251 1234 2278 53.

883 2328 976 2353 Solane
988 2329 1117 2360 perpetua
1128 2336 1246 2354 moerens
1257 2330 1367 2362 carpere
1374 2331 1486 2361 juventi
1496 2339 1505 2360 ;

881 2368 935 2392 Nec
947 2367 1031 2392 dulcis
1041 2372 1129 2398 natos,
1147 2369 1253 2394 Veneris
1264 2376 1314 2394 nec
1321 2369 1440 2401 prmnia,
1458 2369 1541 2394 noris?

850 2441 918 2471 Sola
942 2441 1059 2482 utique,
1084 2444 1150 2473 sine
1163 2444 1244 2479 vz'ro;
1268 2448 1304 2473 ut
1327 2445 1418 2480 solus,
1442 2453 1510 2482 geo.
1536 2443 1574 2473 iv.

849 2494 920 2522 517.
943 2492 1010 2523 sine
1026 2503 1140 2531 uxore;
1157 2500 1188 2523 et
1202 2494 1246 2524 sic
1260 2495 1355 2533 probe
1371 2495 1575 2525 Burmannus

849 2543 990 2582 explicat.
1035 2545 1275 2575 Animadvertas
1290 2551 1395 2575 autem
1408 2545 1501 2575 velim
1512 2545 1574 2576 ele-

849 2595 988 2635 gantiam
1003 2597 1087 2627 verbi
1103 2596 1243 2637 carpere.-
1269 2597 1288 2626 i.
1306 2607 1331 2626 e.
1353 2603 1382 2627 te
1397 2608 1512 2637 carpes,
1535 2597 1574 2628 ad

847 2652 1029 2686 potestatem
1044 2648 1156 2678 mediae
1168 2648 1250 2677 vocis
1268 2648 1451 2678 Graecorum
1466 2648 1574 2689 exqui-

848 2697 992 2728 sitissime
1007 2699 1364 2738 adhibiti.—Caeterum,
1381 2710 1453 2730 cum
1471 2699 1574 2739 phrasi

849 2749 1028 2789 Virgilian-:t
1044 2750 1157 2780 melius
1171 2756 1376 2789 componetur
1398 2750 1478 2781 illud
1494 2751 1573 2782 Pin-

846 2800 1000 2839 daricum,
1029 2801 1080 2832 Ol.
1106 2801 1125 2831 i.
1154 2804 1222 2833 119.
1246 2809 1329 2841 Φιλια
1344 2802 1415 2845 Scopa
1434 2808 1572 2845 Κυπριας,

845 2863 939 2893 quam
964 2852 1136 2894 Homerea,
1168 2852 1206 2885 11.
1234 2860 1265 2885 Γ.
1292 2856 1342 2886 54.
1365 2854 1423 2885 etsi
1448 2854 1572 2885 Servius

845 2905 1046 2937 commiserit.
