1912 3292
847 180 907 231 T.
954 179 1332 231 LUCRETII

505 314 603 356 Non
623 320 776 364 tamen,
796 321 843 355 ut
863 327 1000 355 coram
1021 328 1114 369 quae
1134 320 1244 363 sunt,
1265 326 1437 368 vereque
1457 310 1652 360 rotunda;

507 387 588 430 Sed
609 388 723 444 quasi
743 387 1015 429 adumbratim
1036 387 1217 442 paullum
1237 386 1409 427 similata
1428 385 1629 426 videntur.

393 466 473 502 365

563 461 726 503 Umbra
744 461 904 502 videtur
923 461 1021 502 item
1042 460 1160 501 nobis
1179 461 1222 500 in
1243 459 1325 500 sole
1344 459 1515 508 moveri,

506 535 562 576 Et
581 535 750 591 vestigia
768 542 908 575 nostra
927 534 1056 588 sequi,
1076 541 1316 590 gestumque
1336 532 1504 580 imitari3

507 609 617 649 Abra
638 609 669 649 si
690 608 836 657 credis,
857 608 1061 662 privatum
1082 606 1249 654 lumine,
1271 620 1389 658 posse

506 680 747 737 Indugredi,
768 687 904 720 motus
922 679 1155 727 hominum,
1176 685 1432 734 gestumque,
1455 685 1704 732 sequentem:

508 753 616 793 Nam
637 752 743 793 nihil·
758 767 842 793 esse
861 759 995 806 potest
1014 751 1139 801 aliud,
1161 752 1238 792 nisi
1258 751 1411 792 lumine
1430 766 1564 792 cassus

394 828 475 868 370
508 827 607 875 A‘e'r‚
629 824 688 874 id,
710 824 821 881 quod
842 840 916 865 nos
937 825 1124 866 umbram
1145 824 1360 880 perhibere
1381 826 1555 866 su'e'mus.

395 990 444 1014 Hoc
455 993 523 1019 erat,
534 989 604 1014 alma
616 990 726 1022 parens!
745 991 817 1021 quod
834 997 879 1016 me
896 997 943 1022 per
960 991 1024 1021 tela,
1042 999 1088 1023 per

488 1029 565 1061 ignis,

394 1068 515 1100 Eripis—.

365 1148 427 1179 Per
437 1150 502 1180 ideo
518 1149 640 1179 Servius
651 1150 788 1188 apposite
804 1150 1021 1189 interpretatus
1033 1156 1086 1180 est.

366 1202 406 1233 In
422 1202 469 1232 his
484 1202 627 1232 formulis
641 1203 830 1233 brevioribus
847 1214 960 1243 magna
982 1209 1028 1233 est
1042 1203 1087 1233 le-

363 1253 483 1294 gitimae
509 1254 746 1284 constructionis
780 1255 968 1295 ambiguitas
996 1261 1088 1296 atque

364 1304 532 1335 difficultas
547 1304 594 1334 vel
607 1305 636 1334 in
651 1306 829 1343 hominum,
841 1306 893 1346 qui
907 1316 991 1336 nunc
1001 1308 1086 1344 sunt,

363 1355 495 1396 linguis;
512 1366 552 1386 ne
565 1356 641 1386 dum
657 1357 689 1386 in
702 1357 875 1387 diutissime
890 1357 1024 1388 desuetis
1036 1368 1085 1388 ve-

363 1412 474 1437 terum.
531 1406 723 1437 Glossarium
756 1408 935 1438 Philoxeni:
975 1412 996 1427 “
1016 1409 1089 1438 IIoc

363 1461 386 1477 “
403 1459 453 1493 ho,
478 1471 561 1497 ww,
594 1459 726 1501 ταυτῃ.·”
749 1470 818 1499 quae
841 1460 883 1489 sic
913 1460 1087 1490 censuerim

363 1509 570 1540 emendanda:
589 1514 610 1528 “
626 1510 710 1549 Hoc,
721 1513 789 1549 Ιιαε,
802 1518 953 1547 ΤΟΤΤΩ,
966 1511 1090 1552 wau-31?

364 1559 446 1591 Sunt
471 1562 577 1602 utique
606 1572 730 1601 prorsus
759 1562 898 1602 ejusdem
917 1552 925 1563 ¹
935 1564 1092 1602 potestatis

364 1610 523 1642 formulae:
550 1614 605 1643 Ιιοο
621 1615 718 1651 modo,
742 1615 799 1643 Ιιαε
814 1611 872 1644 vid.
920 1614 978 1644 Sed
1002 1615 1088 1644 enim

364 1662 403 1693 de
418 1664 474 1693 hac
489 1663 624 1694 formula
640 1664 773 1693 ubertim
790 1671 921 1705 egerunt
946 1666 1086 1696 animad-

364 1723 500 1744 versores
515 1713 555 1744 ad
571 1714 692 1754 Hygin.
709 1714 771 1745 fab.
789 1714 890 1745 xxxix).

408 1764 482 1794 Ver.
497 1768 568 1795 362.
593 1766 667 1795 Fit:
695 1764 789 1796 Vind.
806 1766 848 1796 V.
864 1766 910 1797 ed.
933 1767 971 1797 Ο.
996 1772 1030 1798 Δ.
1049 1775 1088 1799 Π.

367 1820 402 1848 Σ.
426 1817 611 1857 Et.—quas·e'
626 1823 660 1848 ut
674 1819 717 1847 ad
733 1824 873 1849 tornum.-
900 1818 943 1849 sic
966 1819 1090 1860 elegan-

365 1867 485 1898 tissime
500 1878 536 1898 ac
551 1868 755 1900 sincerissime
773 1870 814 1900 Ο.
833 1876 879 1901 Ω..
893 1881 994 1911 neque
1005 1871 1092 1902 aliud

365 1924 411 1948 est
426 1922 515 1959 quasi
530 1926 562 1950 ut
577 1922 618 1950 nd
633 1927 758 1951 turnum
774 1920 916 1951 codicum
934 1923 971 1952 Β.
987 1922 1022 1952 L.
1041 1923 1087 1953 M:

365 1969 528 2000 elementis
549 1983 564 2001 ο
582 1977 613 2002 et
625 1983 647 2002 u
664 1973 776 2011 passim
793 1974 974 2012 permutatis
989 1980 1019 2004 et
1034 1974 1087 2005 ad-

365 2022 471 2052 hibitis
486 2023 660 2061 promiscue
675 2024 707 2053 in
723 2024 832 2064 lingua
843 2025 1027 2056 Latinorum
1037 2036 1087 2057 ve*

365 2079 483 2104 terum:
524 2074 594 2105 vide
616 2075 826 2114 Prisc-ianam,
850 2076 900 2106 lib.
923 2077 942 2106 i.
965 2087 994 2116 p.
1017 2080 1089 2108 554.

365 2124 419 2155 sed
435 2125 466 2154 in
482 2125 540 2155 hoc
555 2125 623 2156 loco
634 2125 797 2165 judicandi
812 2133 885 2157 sunt
908 2126 1022 2157 librarii
1044 2129 1089 2158 vi.

366 2176 477 2207 tiosam
507 2177 554 2207 sui
576 2177 671 2208 seculi
694 2179 982 2217 pronunciationem
1008 2180 1089 2210 male

365 2228 558 2267 expressisse:
585 2239 659 2258 nam
680 2230 835 2270 sequiores
857 2230 1000 2262 dicebant
1021 2238 1086 2262 tur·-

365 2291 443 2310 ποτε
459 2285 489 2310 et
499 2287 617 2316 turnus,
628 2291 683 2320 pro
694 2288 816 2313 tornare
829 2289 859 2313 et
870 2289 991 2320 tornus5
1007 2283 1091 2314 unde

364 2329 404 2360 ad
420 2340 478 2360 nos
496 2331 616 2371 Anglos
631 2332 696 2363 haec
717 2332 818 2363 forma
841 2333 985 2364 dictionis
1009 2334 1089 2365 deri-

367 2387 436 2411 vata
448 2387 505 2412 est:
534 2381 638 2413 videas
654 2383 710 2413 Du
726 2384 841 2415 Fresne
857 2395 892 2415 ac
910 2386 964 2416 Du
983 2385 1090 2426 Cange

365 2431 565 2472 glossarium,
588 2433 621 2463 in
637 2434 772 2465 vocibus.
820 2435 904 2466 Galli
926 2443 1091 2477 utramque

367 2483 504 2514 vocalem
520 2495 737 2515 conservavere
752 2486 784 2516 in
802 2493 933 2518 tow-ner.
964 2488 1017 2518 Ab
1031 2488 1089 2518 hac

366 2540 471 2564 autem
487 2535 653 2566 meliorum
669 2538 922 2568 membranarum
943 2538 1088 2577 lectione,

365 2595 456 2624 parce
467 2586 513 2617 vel
530 2587 652 2626 plenius
666 2588 793 2619 detortae
806 2596 879 2620 sunt
891 2590 1024 2621 aliorum
1036 2600 1089 2621 ex-

367 2636 553 2675 emplarium
570 2639 741 2678 scripturae:
769 2640 805 2670 P.
820 2643 911 2680 quasi
924 2648 956 2672 ut
970 2644 1010 2672 ad
1020 2649 1088 2673 tur—

366 2689 442 2723 rim;
466 2688 564 2719 Vind.
578 2693 669 2730 quasi
683 2697 715 2722 ut
733 2694 774 2722 ad
788 2699 929 2730 turnam;
954 2698 987 2724 Δ.
1000 2696 1091 2734 quasi

365 2743 399 2767 ut
413 2740 452 2767 ad
467 2749 622 2776 acervum‚·
644 2748 684 2772 Π.
703 2745 793 2783 quasi
803 2750 836 2774 ut
851 2746 894 2774 ad
904 2747 1037 2780 turz'um;
1055 2749 1089 2776 Σ.

365 2787 508 2828 denique,
527 2794 617 2829 quasi
629 2799 663 2823 ut
678 2796 720 2823 ad
743 2805 876 2825 curvum.
919 2795 993 2826 Jam
1018 2805 1090 2826 vero

365 2838 501 2870 Lucretii
517 2840 631 2873 locutio
646 2847 737 2882 quasi
750 2848 793 2876 ad
806 2852 926 2877 tornum
940 2846 1088 2877 manifes-

1131 991 1249 1024 tissime
1264 992 1341 1024 adeo
1356 993 1451 1032 proba
1466 998 1524 1029 est,
1549 998 1579 1022 et
1595 990 1702 1028 facilis,
1728 997 1760 1021 ct
1785 1001 1852 1030 per-

1132 1043 1248 1083 spicua,
1264 1050 1299 1074 ut
1314 1054 1375 1073 non
1388 1049 1478 1083 egeat
1493 1042 1676 1082 interpretis,
1689 1048 1781 1083 atque
1804 1052 1852 1072 as-

1132 1105 1231 1126 serere
1247 1094 1414 1134 puduisset,
1440 1094 1500 1123 nisi
1522 1093 1655 1132 pessimo
1669 1102 1742 1122 sane
1757 1098 1854 1122 teme-

1131 1146 1228 1177 ritatis
1243 1146 1392 1186 exemplo,
1409 1151 1440 1176 et
1454 1155 1612 1176 summam
1623 1154 1678 1184 per
1688 1143 1854 1179 inscitiam,

1132 1198 1221 1228 nobis
1236 1197 1275 1228 ad
1290 1198 1370 1227 hanc
1385 1196 1531 1233 formam,
1547 1196 1573 1225 si
1588 1195 1647 1226 diis
1662 1195 1773 1234 placet,
1789 1203 1851 1226 tor-

1901 759 1912 804 :aem
1902 739 1906 745 ·
1896 595 1912 727 οι-ᾈν-’νι
1907 573 1912 579 .
1907 542 1912 559 ..

1908 1148 1912 1162 ..
1906 1115 1912 1139 ι-
1899 895 1912 1104 -Μᾶ-Ὶ-Ἀι-
1903 851 1912 885 ..α’-
1900 813 1912 839 1-

1131 1255 1238 1279 nalum
1263 1258 1397 1283 versum,
1422 1247 1594 1277 vettonum
1610 1246 1725 1286 potius,
1750 1245 1851 1276 dedis-
1907 1262 1912 1270 ·

1132 1305 1201 1329 sent
1215 1299 1348 1329 editores
1363 1297 1528 1328 arbitrarii:

1162 1367 1212 1396 Fit,
1225 1366 1298 1397 quasi
1306 1369 1407 1391 tornata
1418 1369 1447 1390 u!
1457 1372 1585 1390 saxorum
1595 1367 1698 1389 structa
1708 1366 1834 1389 tuantur:

1133 1439 1204 1459 cum
1219 1438 1281 1468 quo
1296 1423 1440 1458 mittendi
1456 1433 1529 1458 sunt
1544 1440 1568 1462 ες
1591 1441 1715 1469 ,capanna
1732 1432 1763 1457 et
1787 1432 1851 1457 Ma·

1135 1479 1398 1521 ›captam—Porro,
1415 1479 1453 1509 B.
1469 1486 1604 1510 tuentur.

1178 1530 1256 1560 Ibid.
1278 1541 1417 1561 saror-mn
1432 1535 1556 1561 structa.
1601 1529 1705 1567 Maro,
1723 1528 1798 1559 AEn.
1810 1527 1854 1558 iii.

1135 1586 1184 1613 84.

1193 1650 1309 1683 Templa
1320 1650 1363 1676 dei
1371 1657 1437 1676 saxo
1444 1651 1589 1676 venerabar
1598 1653 1693 1675 structa
1705 1652 1822 1675 vetusto.

1178 1718 1260 1749 Ibid.
1285 1724 1431 1749 tuantur:
1457 1719 1479 1749 i.
1496 1729 1521 1749 e.
1537 1722 1712 1752 cernantur,
1727 1717 1856 1756 passive,

1134 1772 1172 1801 ab
1188 1769 1325 1800 obsoleto
1339 1776 1399 1806 tuo,
1415 1776 1492 1800 tuor.
1539 1768 1733 1800 Glossarium
1747 1774 1852 1799 vetus:

1136 1824 1157 1840 “
1184 1823 1258 1852 Tuo.
1283 1820 1430 1859 oe-rewgmff'
1477 1821 1572 1850 Hanc
1597 1825 1702 1850 autem
1723 1819 1858 1850 formam

1135 1872 1363 1914 conjugationis
1378 1871 1476 1902 tertiae
1494 1871 1658 1902 Lucretius
1678 1870 1855 1911 frequenta·

1132 1925 1188 1955 vit:
1215 1924 1284 1954 vide
1303 1933 1368 1960 nos,
1385 1922 1425 1953 ad
1440 1922 1462 1953 i.
1478 1925 1550 1953 501.
1584 1921 1725 1960 Ovidius,
1740 1920 1780 1952 ad
1789 1921 1856 1952 Liv.
1909 1941 1912 1955 ς

1135 1978 1204 2006 157.

1166 2050 1242 2074 Nunc
1255 2057 1305 2081 ego
1316 2053 1354 2079 tc,
1368 2048 1478 2074 infelix!
1492 2054 1629 2072 summum
1639 2049 1859 2078 teneoque,1110r-
1909 2067 1912 2069 .

1256 2094 1318 2120 qne.

1132 2151 1255 2182 Vocem
1281 2150 1425 2182 similiter
1447 2150 1588 2181 adhibuit
1610 2149 1726 2189 passive
1743 2149 1855 2188 Varro,
1898 2164 1912 2174 ,-

1131 2203 1186 2234 sed
1206 2203 1238 2233 in
1255 2213 1347 2233 sensu
1362 2202 1554 2238 secundario,
1577 2201 1617 2232 de
1631 2212 1665 2232 re
1680 2207 1753 2232 rust.
1767 2201 1812 2232 iii.
1830 2204 1856 2231 1.

1134 2258 1232 2286 4.—“
1249 2254 1334 2296 quod
1353 2260 1384 2285 et
1399 2255 1431 2284 in
1447 2264 1522 2294 pace
1533 2264 1552 2284 a
1565 2254 1689 2284 rusticis
1706 2253 1860 2284 Romanis

1134 2307 1307 2345 alebantur,
1335 2312 1366 2337 et
1380 2306 1414 2336 in
1440 2305 1522 2336 bello
1543 2307 1582 2336 ab
1596 2305 1646 2335 his
1660 2304 1856 2336 tuebantur.''

1134 2361 1188 2392 Ad
1203 2371 1296 2402 quem
1308 2361 1415 2391 locum
1426 2360 1488 2390 alia
1501 2359 1737 2400 SchoettgeniuS.
1762 2359 1859 2390 Plau-

1133 2419 1194 2451 tus,
1206 2414 1300 2444 Most.
1313 2413 1356 2443 iii.
1369 2416 1396 2443 2.
1412 2415 1479 2444 152.
1495 2411 1660 2442 vetustiore
1671 2410 1771 2441 forma
1783 2420 1857 2441 usus

1134 2471 1191 2496 est:

1331 2539 1432 2565 nullam
1445 2539 1572 2571 equidem
1583 2538 1652 2565 illeic
1669 2538 1804 2564 cornicem
1820 2536 1858 2562 ἰη-

1256 2583 1322 2604 '1107'-

1136 2641 1287 2672 Conferas
1317 2642 1461 2672 Nonium
1491 2641 1691 2678 Marcellum,
1722 2639 1772 2669 vii.
1807 2642 1857 2670 20.

1134 2693 1256 2724 Rursus
1270 2693 1417 2734 denique,
1433 2693 1515 2724 idem
1531 2693 1584 2724 ine
1594 2692 1743 2734 glossator
1751 2696 1852 2721 vetus:

1134 2748 1157 2764 “
1173 2746 1308 2784 Λτενιζω,
1324 2745 1529 2785 contemplor,
1543 2743 1627 2776 tuo.’'

1176 2795 1247 2826 Ver·
1268 2799 1339 2826 364.
1362 2797 1586 2827 adumbratim:
1613 2795 1649 2826 B.
1668 2795 1857 2825 adumbran-

1132 2848 1396 2878 tim.-—si111ilaea.-
1423 2847 1463 2877 V.
1479 2846 1526 2877 ed.
1543 2847 1581 2878 B.
1598 2853 1642 2877 Ω.
1659 2847 1857 2877 simulachra·
