1912 3292
318 191 416 232 262

819 181 878 228 Τ.
929 179 1310 229 LUCRETII

347 320 428 357 335
461 315 629 357 Semina
648 312 778 355 multa
795 313 944 364 fluunt,
966 312 1189 354 simulacris
1209 311 1331 353 obvia
1350 326 1508 362 rerum5

463 389 680 445 Multaque
700 396 795 430 sunt
813 388 939 430 oculis
958 389 1002 429 in
1022 402 1165 429 eorum
1186 386 1362 443 denique
1382 386 1526 436 mixta,

463 464 572 513 Quae
591 472 767 520 contage
786 462 857 505 sua
878 462 1100 518 palloribus
1120 462 1260 502 omnia
1279 461 1469 517 pingunt.

521 538 558 580 E
580 538 756 580 tenebris
776 546 929 588 autem,
952 552 1045 592 quae
1065 544 1161 577 sunt
1180 536 1222 576 in
1244 535 1348 584 luce,
1371 543 1550 584 tuemur,

463 612 703 667 Propterea,
725 612 836 667 quia,
858 625 985 666 quom
1004 610 1174 664 propior
1194 608 1378 664 caliginis
1401 609 1471 648 a‘er

348 691 432 728 340
463 686 566 727 Ater
586 686 678 725 iniit
698 685 836 725 oculos
856 684 986 738 prior,
1008 691 1049 723 et
1067 681 1248 736 possedit
1267 688 1448 735 apertos3

464 759 698 813 Insequitur
718 757 898 798 candens
918 755 1131 798 confestim
1152 754 1309 796 lucidus
1329 756 1414 803 ae'r,

318 916 358 946 ad
372 924 433 945 ver.
450 917 524 945 292.
571 912 632 943 Sed
656 912 855 943 notissimum
878 918 932 943 est.
978 913 1043 943 Hae

320 973 425 998 autem
451 965 551 996 doctae
575 965 728 996 sermonis
751 965 960 1005 exquisitioris
982 965 1045 995 for·

318 1018 414 1049 mulae
436 1017 515 1058 quin
538 1016 738 1047 labefecerint
760 1016 914 1054 librarios,
941 1015 1048 1046 nullus

320 1070 455 1110 ambigo,
478 1075 572 1110 atque
587 1068 626 1099 ad
641 1078 767 1099 carmen
782 1068 1048 1108 corrumpendum

319 1123 522 1163 propulerint.
567 1122 618 1152 De
641 1123 700 1152 hoc
721 1131 793 1151 vero
817 1121 900 1151 dicat
926 1121 1048 1151 sciscat·

318 1185 391 1216 que,
416 1183 490 1205 cum
515 1173 643 1203 comitia
668 1174 877 1210 habebuntur,
904 1173 935 1202 S.
954 1173 990 1202 P.
1009 1173 1048 1208 Q.

322 1226 465 1257 Criticus.
510 1225 578 1256 Nos
606 1225 734 1255 illorum
763 1225 892 1255 decretis
917 1224 1050 1254 libenter

319 1281 535 1320 obsequemur.
583 1279 749 1314 Caeterum,
784 1278 934 1319 glossator
963 1284 1050 1308 vetus

320 1332 404 1371 prior
418 1331 504 1361 dabit
519 1330 748 1361 testimonium:
777 1333 799 1348 ‘⁴
815 1331 922 1367 Delos,
939 1329 1048 1363 οδυνη.”

321 1383 455 1420 Quoties
475 1388 584 1416 antem
606 1382 860 1422 permutationes,
883 1381 924 1412 ad
948 1383 1045 1412 instar

321 1449 376 1466 ’των
390 1434 451 1475 qud
467 1440 499 1465 et
513 1446 591 1475 qnae,
615 1435 705 1464 nobis
726 1433 760 1464 in
775 1433 913 1464 Lucretii
929 1433 1044 1463 codici·

319 1489 378 1518 bus
392 1487 570 1527 obtigeriut,
586 1485 662 1527 quid
676 1486 787 1517 attinet
803 1485 993 1517 memorare?

364 1538 438 1569 Ver.
452 1541 524 1569 353.
549 1538 774 1577 Luridmghoc
799 1542 845 1567 est
867 1538 949 1567 lutea
967 1536 1047 1567 Var-

320 1590 402 1628 roni,
425 1590 509 1629 apud
530 1589 684 1625 Nonium,
707 1589 727 1620 i.
746 1592 816 1620 151.
831 1594 862 1619 et
876 1589 936 1619 xvi.
955 1593 1050 1620 10.—

323 1644 345 1660 “
360 1644 500 1681 arquatis
526 1647 557 1671 et
581 1640 758 1676 veternosis,
785 1651 855 1680 quae
876 1642 959 1671 lutea
985 1650 1048 1670 non

322 1696 346 1712 “
361 1699 445 1729 sunt,
469 1702 558 1733 aeque
581 1699 616 1722 ut
628 1694 710 1723 lutea
730 1692 956 1722 videntur—:”
981 1691 1002 1722 i.
1020 1703 1048 1722 e.

321 1744 422 1776 crocei
437 1744 557 1775 coloris.
592 1744 665 1780 Ubi,
678 1749 714 1774 ut
725 1743 758 1774 id
773 1744 871 1774 obiter
885 1744 1048 1784 attingam,

322 1798 470 1829 nonnulli
480 1807 641 1838 perperam
657 1797 813 1827 solicitant
823 1797 990 1827 lectionem
1001 1808 1048 1828 ve-

321 1851 461 1888 ternosis,
473 1849 493 1879 i.
505 1860 532 1879 e.
543 1848 731 1888 hydropicis:
750 1848 854 1879 videas
864 1849 1051 1889 glossarium

321 1907 422 1939 vetus,
438 1907 470 1931 et
483 1901 517 1930 in
531 1901 760 1941 lexicograpbis
784 1901 914 1932 Catonis
934 1901 1049 1931 locum.

321 1952 474 1983 Fortassis
487 1962 552 1982 non
567 1952 698 1982 omnino
708 1952 803 1991 male,
815 1962 913 1992 quum
925 1958 1048 1983 utrum-

321 2014 383 2044 que
413 2003 599 2034 vocabulum
628 2005 767 2033 buxeum
801 2003 1050 2043 subnigrumque

321 2055 473 2094 pallorem
503 2065 567 2085 non
595 2055 700 2093 inepte
721 2054 845 2092 referat,
874 2060 906 2084 et
930 2053 1048 2084 colores

322 2107 400 2137 varii
416 2116 480 2137 non
495 2106 558 2136 sint
572 2107 605 2136 in
620 2112 759 2136 veterum
775 2106 892 2146 linguis
907 2111 1048 2136 accurate

321 2168 446 2198 semper
460 2158 649 2189 dictionibus
659 2158 791 2198 propriis
801 2158 931 2188 definiti.
958 2158 1049 2188 Idem

323 2211 554 2251 grammaticus,
570 2211 609 2241 ad
624 2221 651 2242 v.
671 2214 719 2241 14.
744 2214 766 2229 “
786 2212 922 2250 Arquati
941 2210 1051 2241 dicun-

324 2267 348 2282 “
364 2269 426 2301 tur,
451 2263 564 2304 quibus
586 2265 666 2294 color
688 2269 719 2294 et
734 2263 817 2293 oculi
833 2262 964 2294 virent.''
1010 2263 1054 2292 Et

325 2315 476 2356 glossator
497 2321 598 2346 vetus:
626 2318 649 2333 “
667 2322 792 2357 Χλωρσς,
819 2316 936 2349 viridis,
962 2313 1052 2353 palli-

324 2369 348 2384 “
364 2365 432 2402 dus,
449 2366 572 2407 galvus,
586 2366 739 2409 (Lgilvus,
752 2366 839 2406 Virg.
851 2376 918 2405 geo.
931 2365 974 2395 iii.
987 2364 1051 2404 85.)

326 2421 348 2437 “
364 2419 494 2450 luteus.'’
525 2419 616 2450 Idem
628 2419 702 2450 alibi
716 2419 755 2450 ad
772 2419 956 2450 Lucretium
966 2418 1054 2449 illus-

325 2471 474 2502 trandum
489 2473 627 2503 multum
643 2472 729 2502 facit:
750 2475 773 2489 “
788 2473 939 2509 Luridus,
953 2486 1054 2513 ωχμος,

326 2525 348 2541 “
365 2530 473 2559 orthos,
492 2523 527 2565 (l.
544 2523 688 2563 πῆλανσς),
716 2526 935 2560 ΚΚΤΕΡΙΚΟΣ,
963 2523 1054 2554 tin-oas-

506 2575 641 2605 Rursus:
669 2578 690 2593 “
709 2581 858 2615 Ῑκσ-ερικας,
882 2575 1053 2615 aurugino-

325 2627 349 2642 ‘¹
364 2635 427 2663 sus,
448 2627 584 2665 luridus,
599 2625 775 2666 arquatus.”
824 2625 934 2656 Celsus
949 2625 1054 2662 etiam,

325 2675 368 2706 iii.
385 2680 434 2707 24.
457 2677 533 2707 dicit
548 2678 586 2708 de
598 2678 697 2708 oculis
706 2684 918 2719 arquatorum,
937 2681 958 2696 “
972 2677 1056 2718 quod

326 2731 348 2746 “
363 2728 470 2758 album
485 2741 551 2761 esse
567 2731 688 2770 debeat,
705 2730 738 2762 fit
751 2730 898 2762 luceum.”
931 2731 1052 2760 Aretae-

326 2576 348 2592 “
366 2574 459 2609 πιος.”

325 2790 364 2810 us
377 2780 513 2820 insuper,
536 2782 575 2812 de
590 2793 688 2814 causs.
705 2789 736 2814 et
750 2783 830 2824 sign.
853 2788 937 2813 aeut.
954 2781 1052 2811 morb.

325 2833 346 2862 i.
366 2834 412 2864 15.
435 2832 551 2863 icterici
577 2834 713 2866 colorem
740 2835 853 2866 vocitat
877 2833 1001 2876 κροκωόη
1017 2842 1053 2863 ac

325 2890 553 2926 μελαγχλωρον.

1135 911 1207 942 Ver.
1223 914 1296 941 554.
1314 911 1466 950 Arquatei
1473 923 1483 939 :
1500 909 1540 940 de
1554 908 1668 950 quibus
1683 910 1821 950 Nouius,

1090 965 1110 994 i.
1128 968 1199 996 151.
1222 964 1266 994 ita
1281 963 1490 1004 castigandus,
1520 970 1551 994 et
1565 963 1819 1004 distinguendus:

1092 1019 1114 1035 “
1131 1017 1290 1056 Arquatus
1306 1015 1434 1045 morbus
1448 1014 1563 1053 dictus,
1579 1015 1634 1056 qui
1649 1015 1754 1056 regius
1775 1015 1824 1046 di-

1093 1072 1115 1087 “
1133 1068 1224 1104 citur,
1251 1067 1336 1109 quod
1361 1078 1457 1107 arque
1485 1067 1525 1096 sit
1539 1065 1698 1105 concolor3
1723 1065 1763 1097 de
1778 1066 1825 1097 vi-

1096 1124 1119 1139 “
1134 1119 1233 1150 rore.”
1290 1119 1442 1150 Conseras
1471 1117 1621 1157 eundem,
1650 1117 1691 1149 ad
1716 1128 1744 1149 v.
1776 1121 1827 1150 14.

1092 1172 1193 1210 Libri,
1207 1182 1332 1212 arquus.

1138 1222 1218 1253 Ibid.
1241 1225 1363 1253 luroris.
1411 1221 1616 1261 Claudianus,
1640 1229 1717 1262 rapt.
1734 1222 1824 1253 Pros.

1096 1275 1138 1306 iii.
1156 1278 1229 1305 238.

1411 1342 1482 1367 Iuror
1492 1345 1635 1374 permanat
1646 1343 1672 1367 in
1684 1341 1780 1368 herbas
1789 1349 1798 1366 τ

1088 1403 1120 1432 in
1136 1412 1199 1443 quo
1210 1402 1290 1438 loco,
1304 1402 1385 1432 sicut
1396 1402 1491 1432 etiam
1504 1400 1656 1439 Lucretii,
1668 1410 1732 1431 non
1746 1410 1826 1441 opus

1089 1463 1165 1490 esse,
1189 1459 1226 1483 ut
1240 1453 1280 1483 de
1295 1453 1399 1482 nescio
1424 1462 1487 1493 quo
1514 1454 1612 1483 lutere
1636 1452 1827 1493 cogitemus,

1090 1504 1185 1535 modo
1201 1504 1314 1535 collata
1329 1505 1419 1535 nobis
1432 1504 1506 1534 satis
1519 1514 1674 1545 superque
1685 1505 1828 1544 probant.

1093 1555 1211 1586 Videas
1227 1556 1360 1587 editores
1375 1555 1415 1586 ad
1433 1555 1656 1586 Claudianum.
1696 1554 1830 1594 Apulei-

1093 1618 1140 1643 us,
1168 1614 1241 1638 met.
1265 1607 1284 1638 i.
1312 1618 1341 1646 p.
1359 1610 1409 1637 28.
1429 1607 1485 1648 qui
1507 1613 1539 1638 et
1553 1606 1630 1637 alias
1643 1605 1716 1646 plus
1732 1605 1829 1636 semel

1093 1668 1168 1688 usus
1183 1664 1229 1688 est
1242 1657 1391 1688 dictione:
1419 1660 1442 1676 “
1460 1657 1564 1688 Humi
1588 1657 1726 1695 sedebat,
1751 1656 1827 1687 scis-

1094 1712 1118 1726 “
1133 1708 1183 1738 sili
1209 1708 1366 1748 palliastro
1387 1709 1609 1745 semiamictus,
1639 1718 1721 1748 pene
1749 1707 1830 1738 alius

1094 1762 1116 1778 “
1132 1761 1243 1796 lurore,
1255 1759 1294 1790 ad
1304 1759 1450 1790 miseram
1459 1759 1593 1790 maciem
1604 1757 1830 1790 deformatus.”

1095 1812 1169 1842 Non
1185 1811 1298 1842 accedo
1315 1817 1423 1842 tamen
1440 1810 1669 1851 Oudendorpio
1681 1824 1718 1842 το
1729 1812 1831 1842 lurore

1093 1875 1167 1895 cum
1204 1864 1390 1905 dqsbrmatus
1420 1863 1559 1894 socianti.
1616 1864 1722 1894 Luror
1751 1873 1828 1894 sane

1093 1916 1255 1947 hominem
1285 1915 1467 1958 defirmasse
1495 1920 1576 1946 recte
1607 1914 1743 1952 dicetur3
1777 1914 1831 1945 sed

1092 1968 1249 2009 quomodo
1265 1970 1307 1998 ad
1322 1969 1449 1999 maciem
1461 1977 1535 1998 eum
1545 1966 1702 2007 defitr‘met,
1715 1964 1824 1996 nullus

1093 2020 1241 2061 equidem
1257 2020 1406 2060 intelligo.
1454 2019 1507 2049 Ad
1525 2018 1699 2058 Apuleium
1727 2017 1824 2048 etiam

1094 2072 1240 2102 nonnulli
1256 2072 1327 2102 libri
1342 2071 1419 2102 dant
1431 2073 1538 2101 littore.

1135 2125 1210 2155 Ver.
1235 2126 1308 2155 355.
1333 2125 1445 2153 multa:
1472 2122 1512 2152 V.
1536 2121 1584 2152 ed.
1609 2121 1657 2152 M.
1688 2123 1821 2156 mavult,-

1096 2177 1132 2207 L.
1150 2178 1258 2214 nzault,
1285 2175 1381 2206 literis
1403 2173 1611 2213 transpositis;
1636 2178 1670 2204 Σ.
1692 2175 1828 2204 mala.—

1097 2229 1271 2259 simulacris
1279 2241 1288 2257 .·
1317 2233 1356 2257 11.
1373 2227 1465 2256 simul
1479 2227 1569 2256 aeris.
1614 2225 1735 2255 Versus
1747 2224 1828 2255 inte-

1096 2289 1151 2319 ger
1166 2278 1252 2309 deest
1268 2277 1308 2308 O.

1141 2329 1222 2360 Ibid.
1246 2330 1420 2361 simulacris
1439 2328 1523 2359 obvia
1546 2337 1665 2358 rerum:
1692 2325 1712 2356 i.
1728 2336 1754 2357 e.
1777 2336 1824 2357 re-

1098 2384 1156 2413 bus
1178 2380 1357 2416 incidentia,
1389 2385 1420 2409 et
1449 2389 1501 2409 eas
1522 2378 1627 2409 lurore
1656 2387 1714 2408 suo
1743 2376 1830 2408 colo-

1100 2434 1211 2465 rantia.

1144 2486 1219 2516 Ver.
1248 2487 1320 2515 537.
1339 2486 1492 2524 pingunt:
1521 2482 1561 2513 Ο.
1587 2484 1722 2522 pingant
1728 2497 1739 2518 ;
1763 2490 1829 2511 non

1103 2537 1200 2567 male:
1229 2543 1270 2567 n.
1286 2538 1427 2576 lingant;
1453 2540 1547 2575 atque
1568 2533 1612 2563 ita
1627 2537 1736 2572 sponte
1756 2541 1830 2562 con-

1094 2589 1245 2629 jeceram,
1262 2587 1316 2617 sed
1332 2592 1453 2626 recepta
1468 2585 1561 2616 lectio
1571 2583 1723 2629 quiddam
1741 2588 1832 2612 sonat

1097 2641 1192 2681 longe
1222 2652 1449 2680 ποιητικωτερον,
1483 2639 1620 2677 pingunt
1651 2635 1830 2675 palloribus.

1103 2692 1246 2723 Avienus
1265 2690 1381 2730 apponi
1396 2688 1500 2726 debet,
1515 2687 1548 2717 in
1564 2687 1652 2717 Arat-
1667 2687 1716 2716 77.

1097 2764 1194 2789 Omnia
1205 2763 1386 2795 quaeflammis
1397 2763 1506 2795 pingunt
1517 2758 1680 2786 radiantibus
1689 2757 1807 2782 aethram
1819 2761 1826 2779 ε

1099 2840 1157 2860 nec
1172 2830 1278 2860 minus
1293 2828 1414 2869 pulchri
1428 2837 1534 2859 versus
1555 2824 1728 2863 Ciceronis,
1750 2822 1825 2854 ibid.

1096 2885 1170 2912 227.
