1912 3292
292 226 388 267 252

797 216 858 265 Τ.
907 214 1288 266 LUCRETII

451 349 534 392 Sed
553 349 684 407 magis
703 363 943 391 unvorsum:
975 348 1147 404 fierique
1166 347 1337 404 perinde
1355 347 1539 389 videmus

452 423 638 480 Corpore
658 432 748 465 tum
765 423 906 480 plagas
926 423 969 463 in
989 430 1147 473 nostro,
1163 429 1374 478 tamquam
1394 421 1540 477 aliquae
1560 435 1624 462 res

334 502 415 539 265
447 497 662 549 Verberet,
694 506 816 554 atque
835 498 897 539 sui
917 497 987 538 det
1006 511 1170 538 sensum
1189 496 1373 551 corporis
1393 505 1524 538 extra.

451 572 673 623 Praeterea,
694 572 873 628 lapidem
893 571 1024 628 digito
1043 585 1170 626 quom
1189 570 1415 620 tundimus,
1437 571 1571 625 ipsum

452 646 683 703 Tangimus
703 655 934 687 extremum
954 645 1059 694 saxi,
1081 659 1367 700 summumque
1387 643 1565 685 colorem
1575 659 1590 683 :-

451 719 542 760 Ncc
562 720 758 760 sentimus
778 732 872 759 eum
891 725 1020 767 tactu,
1050 732 1194 758 verum
1214 718 1343 774 magis
1362 718 1495 773 ipsam

454 793 663 834 Duritiem
683 792 846 847 penitus
866 791 953 832 saxi
974 790 1169 832 sentimus
1187 791 1232 832 in
1252 791 1349 832 alto.

313 949 488 990 Utrobique
503 949 704 980 scribendum
726 959 792 980 esse
813 949 1039 986 existimamus,

310 1011 432 1039 unorse,
462 1010 519 1040 pro
548 1011 691 1037 unvorse;
725 1000 810 1031 salvo
834 1001 953 1031 interea
975 1007 1039 1031 tro-

311 1053 429 1084 cha‘ico.

354 1105 431 1135 Ver.
448 1108 520 1136 264.
543 1107 674 1145 aliquoe:
701 1105 737 1136 P.
760 1107 900 1146 aliquas;
929 1109 964 1136 Δ.
979 1107 1040 1136 ali-

310 1167 371 1197 qua
377 1171 389 1193 ‚·
406 1161 438 1186 et
451 1156 532 1185 hanc
547 1157 733 1195 scripturam
748 1157 826 1187 Pius
840 1163 995 1187 memorat
1009 1156 1042 1186 in

313 1206 405 1237 notis.
429 1208 555 1247 Aliquis
570 1213 678 1237 autem
691 1209 817 1247 aliqua»,
834 1214 869 1238 ut
879 1211 948 1247 quis
963 1219 1043 1248 quae,

311 1265 345 1289 et
358 1260 520 1299 quisquam
535 1269 714 1298 quaequam:
741 1259 811 1289 vide
825 1259 975 1290 Priscian.
990 1260 1044 1290 lib.

314 1309 380 1340 xiii.
396 1320 425 1349 p.
443 1314 514 1341 960.
530 1320 604 1340 cum
619 1310 767 1341 Diomed.
794 1310 846 1341 lib.
872 1310 892 1340 i.
917 1321 946 1350 p.
971 1313 1044 1343 519.

315 1359 381 1390 His
391 1370 456 1390 non
467 1360 586 1391 accedit
597 1361 755 1399 Donatus,
770 1362 811 1392 ad
821 1362 948 1392 Terent.
960 1363 1045 1393 Eun.

315 1411 350 1443 ii.
367 1415 397 1443 3.
413 1415 463 1443 82.
489 1412 625 1452 Adelph.
643 1413 680 1444 iv.
697 1418 726 1444 4.
746 1417 797 1444 24.
821 1424 915 1455 quem
938 1420 1046 1445 tamen

317 1463 486 1494 auctoritas
501 1464 641 1494 Lucretii
656 1465 806 1505 coarguit.
830 1465 972 1495 Multum
988 1465 1046 1495 fal-

317 1514 376 1554 lor,
399 1522 455 1546 aut
470 1516 537 1546 haec
553 1516 690 1546 formula
704 1517 737 1546 in
754 1516 918 1546 rarissimis
934 1517 1048 1547 Plauto

316 1566 411 1605 periit
432 1567 556 1598 inscitia
577 1574 608 1598 et
629 1567 782 1598 molestiis
805 1568 985 1604 scribarum,
1009 1568 1048 1599 ad

320 1617 407 1649 Rud.
422 1618 454 1649 ii.
471 1623 500 1650 6.
516 1622 568 1651 69.

348 1704 754 1715 —·————-—
765 1693 863 1718 Saltem
873 1694 894 1718 si
905 1693 978 1718 mihi

352 1731 521 1756 Mulierculae
532 1736 619 1758 essent
629 1733 723 1763 salvat,
739 1741 798 1765 spes
808 1733 906 1764 aliquae
917 1733 1018 1758 forent.

321 1794 403 1830 Quis
418 1805 483 1825 non
497 1794 592 1834 videt,
608 1796 648 1826 ad
664 1796 834 1827 efficaciam
846 1796 955 1827 sensus
965 1806 1051 1826 sum-

321 1855 374 1876 me
388 1845 501 1883 facere,
524 1847 718 1889 singularem
730 1848 950 1879 tantummodo
964 1858 1052 1887 spem

322 1897 470 1929 manere?
502 1905 595 1940 atque
623 1899 702 1930 adeo
727 1910 800 1930 vero
830 1899 932 1930 simile
957 1899 1054 1930 videri

325 1947 493 1979 Comicum
509 1949 640 1988 dedisse,

673 2030 732 2056 spes
742 2025 836 2057 alique
837 2027 918 2056 soret.

328 2084 391 2116 Se'd
405 2085 494 2116 nulla
507 2087 639 2118 varietas
652 2087 794 2118 lectionis
804 2087 973 2119 editoribus
987 2098 1053 2118 me-

325 2128 466 2167 moratur
480 2137 520 2168 ad
536 2137 649 2169 locum.

371 2188 446 2219 Ver.
463 2193 535 2221 266.
550 2201 639 2231 quom
655 2193 830 2222 tundimus:
848 2192 895 2222 .V.
906 2192 955 2222 ed.
972 2193 1009 2223 B.
1021 2192 1059 2223 L.

328 2242 522 2271 contudimus
528 2255 539 2275 ;
561 2241 657 2272 vind.
672 2242 712 2272 Ο.
728 2248 764 2273 Δ.
781 2248 815 2274 Σ.
834 2250 879 2274 Ω..
895 2247 1057 2275 contundi-

328 2302 396 2323 mus
404 2306 414 2322 .·
434 2303 531 2333 quam
541 2293 759 2324 confusionem
770 2295 1059 2336 frequentissimum

329 2352 396 2373 esse
411 2344 636 2384 exscriptorum
657 2352 822 2384 peccatum
843 2347 918 2378 satis
933 2347 1058 2378 monui·

329 2403 411 2431 mus,
427 2405 589 2437 superque.

323 2486 327 2488 v
377 2445 450 2476 Ver.
467 2450 538 2478 267.
561 2449 706 2479 colorem:
731 2463 831 2490 χροαν,
848 2451 1055 2489 superficiem:

333 2497 403 2528 vide
417 2498 458 2528 ad
473 2509 500 2529 v.
517 2501 866 2533 581.—Ben·r1.1·:1us.

332 2550 433 2581 Potssta
462 2551 581 2582 scilicet
612 2563 678 2582 rem
711 2554 927 2584 secundariam
959 2555 1062 2594 posuit

333 2601 398 2632 vice
413 2602 582 2641 primariae:
607 2606 747 2645 colorem,
763 2615 820 2643 pro
835 2605 996 2644 superficie
1010 2616 1061 2636 co-

335 2651 452 2691 lomim
469 2654 560 2695 cujus
573 2665 632 2694 ope
646 2664 758 2695 corpus
772 2656 935 2696 quodlibet
948 2657 1061 2687 discer-

334 2704 429 2734 nitur.
479 2707 523 2736 Et
551 2707 815 2746 opportunissime
844 2709 890 2738 vir
919 2720 1065 2740 summus

336 2769 426 2798 χροιιν
439 2759 596 2797 apposuit,
617 2770 688 2800 quae
709 2766 800 2790 sonat
823 2767 855 2791 et
875 2763 1064 2802 superficiem

336 2813 367 2837 et
381 2809 507 2838 colorem
526 2809 656 2840 Graecis.

381 2859 465 2890 Ibid.
479 2866 643 2891 extremum
658 2866 726 2893 suxi
741 2863 843 2902 posuit
858 2874 913 2903 pro
927 2867 1066 2896 extremi-

337 2916 428 2942 tatem
457 2914 540 2948 sart}
579 2913 848 2952 quemadmodum
888 2914 942 2945 alii
969 2915 1066 2946 locuti

1083 954 1158 981 sunt
1170 949 1257 981 haud
1271 959 1350 980 raro.
1395 949 1490 985 Quod
1504 959 1543 980 eo
1564 949 1664 990 magis
1678 957 1808 980 monen-

1085 1002 1163 1032 dum
1177 1002 1286 1039 habui,
1301 1010 1401 1042 quum
1415 1001 1592 1040 interpretis
1603 1011 1710 1032 sensus
1725 1001 1811 1031 inve-

1085 1052 1207 1083 nustior
1221 1051 1432 1093 conjunxerit2
1443 1061 1556 1091 pamm
1570 1051 1675 1090 lepido
1689 1052 1812 1082 meher-

1084 1104 1154 1135 cule
1163 1103 1328 1139 consortio,
1337 1105 1464 1134 colorem
1473 1109 1637 1133 extremum
1645 1113 1812 1134 summum-

1084 1168 1151 1198 que.
1197 1156 1231 1186 Is
1246 1162 1311 1186 erat
1325 1155 1454 1193 scilicet,
1477 1155 1545 1185 siue
1559 1154 1750 1192 necessitate,
1766 1165 1830 1186 sa·-

1086 1218 1143 1247 per
1161 1207 1381 1238 Creechianus.
1425 1207 1529 1243 Maro,
1553 1206 1630 1237 AEn.
1656 1205 1718 1236 viii.
1743 1209 1816 1237 335.

1087 1258 1140 1299 qui
1176 1258 1264 1289 locus
1303 1263 1350 1288 est
1379 1257 1551 1288 incredibili
1579 1256 1717 1298 quadam
1751 1257 1819 1288 ele-

1089 1311 1212 1354 gantia:

1089 1397 1144 1426 Me,
1154 1395 1260 1428 pulsum
1270 1395 1369 1427 patrii,
1373 1395 1511 1428 pelagique
1521 1398 1635 1420 extrema
1645 1397 1814 1426 sequentem.

1091 1467 1147 1498 Ad
1168 1477 1263 1508 quem
1286 1476 1410 1497 versum
1431 1472 1537 1497 tamen
1559 1466 1821 1497 inobservantiam

1091 1518 1248 1549 editorum
1265 1519 1464 1548 vehementer
1478 1517 1587 1555 miror,
1602 1527 1667 1548 non
1677 1516 1821 1548 animad-

1092 1569 1280 1600 vertentium
1295 1569 1389 1599 aliam
1404 1569 1570 1599 lectionem
1595 1568 1700 1599 Servio
1714 1569 1822 1599 subin-

1094 1620 1240 1656 dicatam,
1264 1626 1369 1660 atquc,
1392 1619 1463 1650 mea
1478 1620 1589 1650 saltem
1603 1619 1642 1650 de
1656 1619 1823 1656 sententia,

1094 1671 1190 1712 longe
1211 1670 1333 1710 recepta
1353 1670 1576 1710 pulchriorem,
1597 1671 1752 1712 uniceque
1771 1681 1823 1702 ve-

1094 1732 1176 1752 ram:

1371 1800 1512 1833 pelagoque
1521 1802 1647 1825 extrema
1656 1802 1811 1831 sequentem
1818 1816 1826 1823 .

1099 1863 1249 1894 Similiter
1263 1863 1337 1894 ibid.
1353 1863 1386 1894 ii.
1399 1867 1473 1895 549.

1281 1944 1302 1969 si
1314 1944 1397 1975 vobis,
1413 1944 1547 1969 audentem
1557 1947 1682 1974 extrema,
1696 1943 1795 1976 cupido

1113 1985 1195 2009 Certa
1204 1984 1356 2015 sequi—z

1101 2064 1159 2085 nec
1174 2064 1239 2084 non
1254 2055 1491 2094 appositissime,
1517 2054 1558 2085 ad
1572 2054 1611 2084 iv.
1627 2057 1699 2086 457.

1394 2131 1519 2162 ferroque
1528 2133 1772 2156 extremaiecutam.

1107 2194 1168 2225 Sed
1195 2194 1281 2225 enim
1307 2194 1473 2225 audiamus
1501 2195 1620 2225 interea
1648 2195 1831 2235 grammati-

1104 2255 1197 2276 cum:
1226 2249 1248 2264 “
1266 2247 1435 2286 Pelagique
1450 2252 1600 2276 extrema.-
1625 2244 1659 2276 id
1683 2250 1738 2282 est,
1763 2246 1833 2276 Aut

1103 2301 1126 2316 “
1142 2307 1197 2336 per
1211 2303 1351 2328 extraria
1365 2297 1468 2338 pelagi
1483 2303 1587 2328 actum
1595 2309 1605 2334 ;
1626 2302 1691 2332 aut,
1705 2302 1743 2328 ut
1756 2296 1833 2328 dicit

1105 2353 1128 2367 “
1147 2349 1304 2386 Donatus,
1325 2360 1382 2388 per
1403 2351 1532 2389 pelagus
1546 2354 1685 2379 extrema
1699 2358 1832 2389 sequeu-

1106 2404 1128 2419 “
1145 2400 1240 2430 tem.''

1099 2453 1226 2492 pelago:
1251 2451 1300 2481 sin
1315 2450 1415 2489 aliter,
1431 2461 1501 2492 quae
1515 2450 1622 2481 statim
1635 2451 1775 2488 veniunt,
1790 2451 1834 2481 ita

1104 2504 1322 2535 constituenda
1348 2511 1433 2534 sunt:
1461 2508 1483 2523 “
1502 2506 1581 2542 Aut,
1603 2510 1640 2534 ut
1662 2504 1740 2535 dicit
1762 2504 1831 2535 Do·

1106 2561 1129 2575 ‘⁴
1146 2563 1249 2594 natus,
1268 2568 1325 2596 per
1339 2558 1467 2596 pelagus
1483 2562 1622 2587 extrema
1635 2561 1832 2597 sequentem;

1107 2611 1130 2626 “
1146 2614 1182 2638 ut
1192 2610 1298 2647 pelagi
1312 2607 1494 2638 adverbium
1509 2607 1560 2646 sit,
1583 2617 1640 2646 pro
1653 2609 1698 2637 in·
1708 2608 1830 2647 pelago,

1108 2661 1130 2677 “
1147 2664 1202 2688 aut
1223 2661 1337 2698 pelagi,
1360 2658 1539 2698 pericula:”
1563 2657 1666 2688 deleto
1686 2664 1741 2688 aut
1764 2663 1834 2696 post

1107 2717 1286 2749 sequentmn.
1312 2710 1393 2740 Haec
1401 2715 1507 2740 autem
1523 2707 1602 2738 ratio
1617 2707 1746 2738 fortasse
1760 2717 1833 2747 pro-

1111 2761 1244 2791 babilior
1272 2767 1327 2796 est,
1363 2767 1395 2791 et
1425 2760 1525 2791 doctis
1549 2759 1650 2800 magis
1678 2759 1835 2791 arridebit.

1111 2811 1188 2841 Alia
1202 2817 1308 2842 tamen
1324 2811 1401 2847 loca,
1423 2821 1492 2852 quae
1515 2810 1741 2850 adscripsimus,
1764 2819 1837 2840 nos-

1112 2862 1166 2892 tris
1194 2862 1423 2902 suspicionibus
1442 2861 1679 2902 adstipulantur.
1723 2862 1838 2893 Lector

1106 2914 1235 2955 judicet.

1286 2400 1386 2430 Vides
1415 2410 1500 2440 ergo,
1535 2400 1700 2430 Donatum
1722 2399 1833 2440 legisse
1860 2400 1863 2402 '
1887 2391 1889 2393 ¹

1896 1038 1912 1128 ῆς·
