<?xml version="1.0" encoding="UTF-8"?>
<!DOCTYPE html PUBLIC "-//W3C//DTD XHTML 1.0 Transitional//EN"
    "http://www.w3.org/TR/xhtml1/DTD/xhtml1-transitional.dtd">
<html xmlns="http://www.w3.org/1999/xhtml" xml:lang="en" lang="en">
 <head>
  <title>
</title>
<meta http-equiv="Content-Type" content="text/html;charset=utf-8" />
  <meta name='ocr-system' content='tesseract 3.04.00' />
  <meta name='ocr-capabilities' content='ocr_page ocr_carea ocr_par ocr_line ocrx_word'/>
</head>
<body>
  <div class='ocr_page' id='page_1' title='image "./tlucretiicarider02lucruoft_0485.png"; bbox 0 0 1912 3292; ppageno 0'>
   <div class='ocr_carea' id='block_1_1' title="bbox 482 250 1134 308">
    <p class='ocr_par' dir='ltr' id='par_1_1' title="bbox 482 250 1134 308">
     <span class='ocr_line' id='line_1_1' title="bbox 482 250 1134 308; baseline -0.003 -9"><span class='ocrx_word' id='word_1_1' title='bbox 482 251 715 299; x_wconf 89' lang='lat' dir='ltr'><strong>LIBER</strong></span> <span class='ocrx_word' id='word_1_2' title='bbox 756 250 1134 308; x_wconf 81' lang='lat' dir='ltr'><strong>QUARTUS.</strong></span> 
     </span>
    </p>
   </div>
   <div class='ocr_carea' id='block_1_2' title="bbox 1466 257 1558 303">
    <p class='ocr_par' dir='ltr' id='par_1_2' title="bbox 1466 257 1558 303">
     <span class='ocr_line' id='line_1_2' title="bbox 1466 257 1558 303; baseline 0.054 -6"><span class='ocrx_word' id='word_1_3' title='bbox 1466 257 1558 303; x_wconf 75' lang='lat'><strong>397</strong></span> 
     </span>
    </p>
   </div>
   <div class='ocr_carea' id='block_1_3' title="bbox 214 380 1505 510">
    <p class='ocr_par' dir='ltr' id='par_1_3' title="bbox 214 380 1505 510">
     <span class='ocr_line' id='line_1_3' title="bbox 215 380 1505 439; baseline -0.002 -14"><span class='ocrx_word' id='word_1_4' title='bbox 215 390 246 412; x_wconf 84' lang='lat'><strong>“</strong></span> <span class='ocrx_word' id='word_1_5' title='bbox 267 384 444 439; x_wconf 88' lang='lat' dir='ltr'><strong>Nempe,</strong></span> <span class='ocrx_word' id='word_1_6' title='bbox 467 382 610 423; x_wconf 89' lang='lat' dir='ltr'><strong>eadem</strong></span> <span class='ocrx_word' id='word_1_7' title='bbox 630 382 740 431; x_wconf 88' lang='lat' dir='ltr'><strong>facit,</strong></span> <span class='ocrx_word' id='word_1_8' title='bbox 768 389 809 422; x_wconf 88' lang='lat' dir='ltr'><strong>et</strong></span> <span class='ocrx_word' id='word_1_9' title='bbox 828 382 976 422; x_wconf 91' lang='lat' dir='ltr'><strong>scimus</strong></span> <span class='ocrx_word' id='word_1_10' title='bbox 995 380 1127 421; x_wconf 85' lang='lat' dir='ltr'><strong>facere</strong></span> <span class='ocrx_word' id='word_1_11' title='bbox 1147 381 1288 423; x_wconf 87' lang='lat' dir='ltr'><strong>omnia</strong></span> <span class='ocrx_word' id='word_1_12' title='bbox 1306 382 1505 437; x_wconf 83' lang='lat' dir='ltr'><strong>turpeis;”</strong></span> 
     </span>
     <span class='ocr_line' id='line_1_4' title="bbox 214 454 1234 510; baseline -0.003 -11"><span class='ocrx_word' id='word_1_13' title='bbox 214 463 244 484; x_wconf 91' lang='lat'><strong>“</strong></span> <span class='ocrx_word' id='word_1_14' title='bbox 268 457 324 499; x_wconf 88' lang='lat' dir='ltr'><strong>Et</strong></span> <span class='ocrx_word' id='word_1_15' title='bbox 343 458 533 498; x_wconf 85' lang='lat' dir='ltr'>miseram</span> <span class='ocrx_word' id='word_1_16' title='bbox 551 456 666 496; x_wconf 88' lang='lat' dir='ltr'><strong>tetris</strong></span> <span class='ocrx_word' id='word_1_17' title='bbox 687 471 729 496; x_wconf 86' lang='lat' dir='ltr'><strong>se</strong></span> <span class='ocrx_word' id='word_1_18' title='bbox 749 454 873 496; x_wconf 86' lang='lat' dir='ltr'><strong>subfit</strong></span> <span class='ocrx_word' id='word_1_19' title='bbox 892 454 1088 496; x_wconf 89' lang='lat' dir='ltr'><strong>odoribus</strong></span> <span class='ocrx_word' id='word_1_20' title='bbox 1107 456 1234 510; x_wconf 87' lang='lat' dir='ltr'><strong>ipsa:”</strong></span> 
     </span>
    </p>
   </div>
   <div class='ocr_carea' id='block_1_4' title="bbox 62 612 796 1516">
    <p class='ocr_par' dir='ltr' id='par_1_4' title="bbox 62 612 796 1516">
     <span class='ocr_line' id='line_1_5' title="bbox 111 612 794 654; baseline 0 -11"><span class='ocrx_word' id='word_1_21' title='bbox 111 613 186 643; x_wconf 86' lang='lat' dir='ltr'><strong>Ver.</strong></span> <span class='ocrx_word' id='word_1_22' title='bbox 198 616 290 644; x_wconf 81' lang='lat'>1162.</span> <span class='ocrx_word' id='word_1_23' title='bbox 314 617 450 654; x_wconf 66' lang='lat' dir='ltr'><strong>&gt;tm-upa:</strong></span> <span class='ocrx_word' id='word_1_24' title='bbox 478 612 573 653; x_wconf 81' lang='lat' dir='ltr'><strong>vulgo</strong></span> <span class='ocrx_word' id='word_1_25' title='bbox 587 612 710 643; x_wconf 81' lang='lat' dir='ltr'><strong>Latinis</strong></span> <span class='ocrx_word' id='word_1_26' title='bbox 724 613 794 643; x_wconf 86' lang='lat' dir='ltr'><strong>lite-</strong></span> 
     </span>
     <span class='ocr_line' id='line_1_6' title="bbox 67 664 794 703; baseline 0.001 -9"><span class='ocrx_word' id='word_1_27' title='bbox 67 664 114 694; x_wconf 84' lang='lat' dir='ltr'><strong>ris</strong></span> <span class='ocrx_word' id='word_1_28' title='bbox 126 671 249 695; x_wconf 83' lang='lat' dir='ltr'><strong>exarata</strong></span> <span class='ocrx_word' id='word_1_29' title='bbox 262 674 320 694; x_wconf 85' lang='lat' dir='ltr'><strong>vox</strong></span> <span class='ocrx_word' id='word_1_30' title='bbox 336 664 508 703; x_wconf 79' lang='lat' dir='ltr'><strong>exhibetur,</strong></span> <span class='ocrx_word' id='word_1_31' title='bbox 522 672 628 696; x_wconf 78' lang='lat' dir='ltr'><strong>satura</strong></span> <span class='ocrx_word' id='word_1_32' title='bbox 637 681 647 701; x_wconf 88' lang='lat'><strong>,·</strong></span> <span class='ocrx_word' id='word_1_33' title='bbox 675 665 729 695; x_wconf 89' lang='lat' dir='ltr'><strong>sed</strong></span> <span class='ocrx_word' id='word_1_34' title='bbox 741 676 794 695; x_wconf 82' lang='lat' dir='ltr'><strong>ex-</strong></span> 
     </span>
     <span class='ocr_line' id='line_1_7' title="bbox 65 715 795 756; baseline 0.001 -10"><span class='ocrx_word' id='word_1_35' title='bbox 65 721 114 746; x_wconf 89' lang='lat' dir='ltr'><strong>tra</strong></span> <span class='ocrx_word' id='word_1_36' title='bbox 128 715 367 746; x_wconf 87' lang='lat' dir='ltr'><strong>controversiam</strong></span> <span class='ocrx_word' id='word_1_37' title='bbox 381 716 537 747; x_wconf 85' lang='lat' dir='ltr'><strong>mendose.</strong></span> <span class='ocrx_word' id='word_1_38' title='bbox 583 717 717 756; x_wconf 84' lang='lat' dir='ltr'><strong>Nempe,</strong></span> <span class='ocrx_word' id='word_1_39' title='bbox 740 728 795 756; x_wconf 90' lang='lat' dir='ltr'><strong>per</strong></span> 
     </span>
     <span class='ocr_line' id='line_1_8' title="bbox 67 765 793 811; baseline 0.007 -16"><span class='ocrx_word' id='word_1_40' title='bbox 67 776 195 796; x_wconf 89' lang='lat' dir='ltr'><strong>omnem</strong></span> <span class='ocrx_word' id='word_1_41' title='bbox 215 765 321 796; x_wconf 91' lang='lat' dir='ltr'><strong>locum</strong></span> <span class='ocrx_word' id='word_1_42' title='bbox 337 766 451 797; x_wconf 85' lang='lat' dir='ltr'><strong>blanda</strong></span> <span class='ocrx_word' id='word_1_43' title='bbox 465 767 571 804; x_wconf 85' lang='lat' dir='ltr'><strong>dictio,</strong></span> <span class='ocrx_word' id='word_1_44' title='bbox 593 773 624 798; x_wconf 88' lang='lat' dir='ltr'><strong>et</strong></span> <span class='ocrx_word' id='word_1_45' title='bbox 647 769 793 811; x_wconf 70' lang='grc' dir='ltr'><em>ὑποκορισ-</em></span> 
     </span>
     <span class='ocr_line' id='line_1_9' title="bbox 68 817 795 859; baseline 0.004 -12"><span class='ocrx_word' id='word_1_46' title='bbox 68 831 146 854; x_wconf 66' lang='grc' dir='ltr'><strong><em>τικη,</em></strong></span> <span class='ocrx_word' id='word_1_47' title='bbox 167 817 194 847; x_wconf 90' lang='lat' dir='ltr'><strong>si</strong></span> <span class='ocrx_word' id='word_1_48' title='bbox 209 828 283 848; x_wconf 89' lang='lat' dir='ltr'><strong>verr.</strong></span> <span class='ocrx_word' id='word_1_49' title='bbox 308 821 403 849; x_wconf 85' lang='lat'>1157.</span> <span class='ocrx_word' id='word_1_50' title='bbox 432 822 524 849; x_wconf 89' lang='lat'>1161.</span> <span class='ocrx_word' id='word_1_51' title='bbox 548 819 694 859; x_wconf 80' lang='lat' dir='ltr'><strong>excipias,</strong></span> <span class='ocrx_word' id='word_1_52' title='bbox 717 831 795 859; x_wconf 88' lang='lat' dir='ltr'><strong>pura</strong></span> 
     </span>
     <span class='ocr_line' id='line_1_10' title="bbox 66 869 796 911; baseline 0.004 -12"><span class='ocrx_word' id='word_1_53' title='bbox 66 876 146 909; x_wconf 77' lang='lat' dir='ltr'><strong>puta</strong></span> <span class='ocrx_word' id='word_1_54' title='bbox 175 869 286 900; x_wconf 86' lang='lat' dir='ltr'><strong>Graeca</strong></span> <span class='ocrx_word' id='word_1_55' title='bbox 315 877 373 900; x_wconf 88' lang='lat' dir='ltr'><strong>est:</strong></span> <span class='ocrx_word' id='word_1_56' title='bbox 408 876 439 900; x_wconf 90' lang='lat' dir='ltr'><strong>et</strong></span> <span class='ocrx_word' id='word_1_57' title='bbox 465 881 575 910; x_wconf 87' lang='lat' dir='ltr'><strong>scopus</strong></span> <span class='ocrx_word' id='word_1_58' title='bbox 603 871 635 901; x_wconf 93' lang='lat' dir='ltr'><strong>id</strong></span> <span class='ocrx_word' id='word_1_59' title='bbox 661 872 796 911; x_wconf 86' lang='lat' dir='ltr'><strong>postulat</strong></span> 
     </span>
     <span class='ocr_line' id='line_1_11' title="bbox 65 920 794 959; baseline 0.005 -9"><span class='ocrx_word' id='word_1_60' title='bbox 65 920 345 959; x_wconf 65' lang='lat' dir='ltr'><strong>po&#39;etae—labiosa:</strong></span> <span class='ocrx_word' id='word_1_61' title='bbox 372 921 408 951; x_wconf 93' lang='lat' dir='ltr'><strong>P.</strong></span> <span class='ocrx_word' id='word_1_62' title='bbox 425 929 559 954; x_wconf 64' lang='grc' dir='ltr'><strong>λαλεσα·</strong></span> <span class='ocrx_word' id='word_1_63' title='bbox 579 922 674 953; x_wconf 91' lang='lat' dir='ltr'><strong>Vind.</strong></span> <span class='ocrx_word' id='word_1_64' title='bbox 690 923 728 954; x_wconf 91' lang='lat' dir='ltr'><strong>L.</strong></span> <span class='ocrx_word' id='word_1_65' title='bbox 747 924 794 954; x_wconf 89' lang='lat' dir='ltr'><strong>M.</strong></span> 
     </span>
     <span class='ocr_line' id='line_1_12' title="bbox 64 973 792 1011; baseline 0.007 -10"><span class='ocrx_word' id='word_1_66' title='bbox 64 973 200 1009; x_wconf 78' lang='lat' dir='ltr'><strong>labeosa‚·</strong></span> <span class='ocrx_word' id='word_1_67' title='bbox 224 973 264 1003; x_wconf 88' lang='lat' dir='ltr'><strong>V.</strong></span> <span class='ocrx_word' id='word_1_68' title='bbox 281 973 328 1003; x_wconf 86' lang='lat' dir='ltr'><strong>ed.</strong></span> <span class='ocrx_word' id='word_1_69' title='bbox 349 975 479 1011; x_wconf 83' lang='lat' dir='ltr'><strong>lalcosa,·</strong></span> <span class='ocrx_word' id='word_1_70' title='bbox 506 974 545 1004; x_wconf 90' lang='lat' dir='ltr'><strong>O.</strong></span> <span class='ocrx_word' id='word_1_71' title='bbox 570 980 605 1005; x_wconf 95' lang='grc' dir='ltr'><strong>Δ.</strong></span> <span class='ocrx_word' id='word_1_72' title='bbox 630 981 670 1005; x_wconf 87' lang='grc' dir='ltr'><strong>Π.</strong></span> <span class='ocrx_word' id='word_1_73' title='bbox 694 981 724 1005; x_wconf 89' lang='lat' dir='ltr'><strong>et</strong></span> <span class='ocrx_word' id='word_1_74' title='bbox 749 982 792 1006; x_wconf 87' lang='grc' dir='ltr'><strong>Ω.</strong></span> 
     </span>
     <span class='ocr_line' id='line_1_13' title="bbox 65 1023 792 1064; baseline 0.006 -12"><span class='ocrx_word' id='word_1_75' title='bbox 65 1023 184 1053; x_wconf 84' lang='lat' dir='ltr'><strong>labrosa</strong></span> <span class='ocrx_word' id='word_1_76' title='bbox 193 1039 204 1060; x_wconf 91' lang='lat'><em>;</em></span> <span class='ocrx_word' id='word_1_77' title='bbox 219 1034 313 1064; x_wconf 90' lang='lat' dir='ltr'><strong>quam</strong></span> <span class='ocrx_word' id='word_1_78' title='bbox 325 1024 463 1063; x_wconf 84' lang='lat' dir='ltr'><strong>profecto</strong></span> <span class='ocrx_word' id='word_1_79' title='bbox 479 1025 630 1056; x_wconf 84' lang='lat' dir='ltr'><strong>sinceram</strong></span> <span class='ocrx_word' id='word_1_80' title='bbox 646 1036 711 1055; x_wconf 88' lang='lat' dir='ltr'><strong>esse</strong></span> <span class='ocrx_word' id='word_1_81' title='bbox 726 1026 792 1056; x_wconf 86' lang='lat' dir='ltr'><strong>Lu-</strong></span> 
     </span>
     <span class='ocr_line' id='line_1_14' title="bbox 65 1074 794 1114; baseline 0.007 -11"><span class='ocrx_word' id='word_1_82' title='bbox 65 1074 155 1104; x_wconf 82' lang='lat' dir='ltr'><strong>cretii</strong></span> <span class='ocrx_word' id='word_1_83' title='bbox 168 1074 355 1114; x_wconf 85' lang='lat' dir='ltr'><strong>scripturam</strong></span> <span class='ocrx_word' id='word_1_84' title='bbox 370 1076 517 1114; x_wconf 86' lang='lat' dir='ltr'><strong>suspicor.</strong></span> <span class='ocrx_word' id='word_1_85' title='bbox 549 1076 600 1107; x_wconf 89' lang='lat' dir='ltr'><strong>De</strong></span> <span class='ocrx_word' id='word_1_86' title='bbox 614 1078 728 1108; x_wconf 81' lang='lat' dir='ltr'><em>labiosa</em></span> <span class='ocrx_word' id='word_1_87' title='bbox 745 1077 794 1107; x_wconf 90' lang='lat' dir='ltr'><strong>ni-</strong></span> 
     </span>
     <span class='ocr_line' id='line_1_15' title="bbox 66 1125 790 1169; baseline 0.006 -14"><span class='ocrx_word' id='word_1_88' title='bbox 66 1125 114 1155; x_wconf 88' lang='lat' dir='ltr'><strong>hil</strong></span> <span class='ocrx_word' id='word_1_89' title='bbox 143 1126 216 1156; x_wconf 84' lang='lat' dir='ltr'><strong>alibi</strong></span> <span class='ocrx_word' id='word_1_90' title='bbox 246 1128 380 1166; x_wconf 86' lang='lat' dir='ltr'><strong>reperio;</strong></span> <span class='ocrx_word' id='word_1_91' title='bbox 419 1128 474 1158; x_wconf 89' lang='lat' dir='ltr'><strong>sed</strong></span> <span class='ocrx_word' id='word_1_92' title='bbox 508 1128 658 1169; x_wconf 81' lang='lat' dir='ltr'>glossator</span> <span class='ocrx_word' id='word_1_93' title='bbox 688 1135 790 1159; x_wconf 81' lang='lat' dir='ltr'><strong>vetus:</strong></span> 
     </span>
     <span class='ocr_line' id='line_1_16' title="bbox 62 1179 794 1218; baseline 0.005 -11"><span class='ocrx_word' id='word_1_94' title='bbox 62 1179 89 1195; x_wconf 87' lang='lat'><strong><em>“</em></strong></span> <span class='ocrx_word' id='word_1_95' title='bbox 108 1184 280 1218; x_wconf 70' lang='grc' dir='ltr'><em>Προχειλος,</em></span> <span class='ocrx_word' id='word_1_96' title='bbox 296 1179 473 1210; x_wconf 75' lang='lat' dir='ltr'><strong>labrosus:”</strong></span> <span class='ocrx_word' id='word_1_97' title='bbox 490 1185 520 1210; x_wconf 91' lang='lat' dir='ltr'><strong>et</strong></span> <span class='ocrx_word' id='word_1_98' title='bbox 531 1180 676 1218; x_wconf 81' lang='lat' dir='ltr'><strong>vicissim,</strong></span> <span class='ocrx_word' id='word_1_99' title='bbox 694 1184 716 1198; x_wconf 89' lang='lat'><strong>“</strong></span> <span class='ocrx_word' id='word_1_100' title='bbox 727 1182 794 1211; x_wconf 84' lang='lat' dir='ltr'><strong>La-</strong></span> 
     </span>
     <span class='ocr_line' id='line_1_17' title="bbox 67 1231 794 1274; baseline 0.004 -14"><span class='ocrx_word' id='word_1_101' title='bbox 67 1232 91 1248; x_wconf 87' lang='lat'><strong>“</strong></span> <span class='ocrx_word' id='word_1_102' title='bbox 107 1231 221 1267; x_wconf 64' lang='lat' dir='ltr'><strong>broxas,</strong></span> <span class='ocrx_word' id='word_1_103' title='bbox 255 1232 444 1274; x_wconf 68' lang='grc' dir='ltr'><strong>πραχειλος.”</strong></span> <span class='ocrx_word' id='word_1_104' title='bbox 490 1233 542 1263; x_wconf 83' lang='lat' dir='ltr'><strong>Ex</strong></span> <span class='ocrx_word' id='word_1_105' title='bbox 567 1233 712 1263; x_wconf 88' lang='lat' dir='ltr'><strong>secundis</strong></span> <span class='ocrx_word' id='word_1_106' title='bbox 735 1233 794 1274; x_wconf 86' lang='lat' dir='ltr'><strong>igi-</strong></span> 
     </span>
     <span class='ocr_line' id='line_1_18' title="bbox 66 1281 793 1322; baseline 0.006 -12"><span class='ocrx_word' id='word_1_107' title='bbox 66 1285 120 1311; x_wconf 86' lang='lat' dir='ltr'><strong>tur</strong></span> <span class='ocrx_word' id='word_1_108' title='bbox 133 1281 374 1322; x_wconf 81' lang='lat' dir='ltr'>cogitationibus</span> <span class='ocrx_word' id='word_1_109' title='bbox 389 1284 470 1313; x_wconf 88' lang='lat' dir='ltr'><strong>hanc</strong></span> <span class='ocrx_word' id='word_1_110' title='bbox 486 1283 654 1313; x_wconf 88' lang='lat' dir='ltr'><strong>dictionem</strong></span> <span class='ocrx_word' id='word_1_111' title='bbox 671 1283 704 1313; x_wconf 87' lang='lat' dir='ltr'><strong>in</strong></span> <span class='ocrx_word' id='word_1_112' title='bbox 720 1294 793 1314; x_wconf 91' lang='lat' dir='ltr'><strong>con-</strong></span> 
     </span>
     <span class='ocr_line' id='line_1_19' title="bbox 65 1333 793 1376; baseline 0.007 -15"><span class='ocrx_word' id='word_1_113' title='bbox 65 1337 154 1362; x_wconf 81' lang='lat' dir='ltr'><strong>textu</strong></span> <span class='ocrx_word' id='word_1_114' title='bbox 170 1343 234 1362; x_wconf 87' lang='lat' dir='ltr'><strong>esse</strong></span> <span class='ocrx_word' id='word_1_115' title='bbox 249 1333 463 1364; x_wconf 88' lang='lat' dir='ltr'><strong>collocandam</strong></span> <span class='ocrx_word' id='word_1_116' title='bbox 478 1334 793 1376; x_wconf 59' lang='lat' dir='ltr'><strong>existimavi—omn-</strong></span> 
     </span>
     <span class='ocr_line' id='line_1_20' title="bbox 65 1383 795 1425; baseline 0.004 -12"><span class='ocrx_word' id='word_1_117' title='bbox 65 1396 130 1423; x_wconf 78' lang='grc' dir='ltr'><strong>μοι.·</strong></span> <span class='ocrx_word' id='word_1_118' title='bbox 157 1383 194 1414; x_wconf 90' lang='lat' dir='ltr'><strong>P.</strong></span> <span class='ocrx_word' id='word_1_119' title='bbox 211 1391 330 1424; x_wconf 70' lang='grc' dir='ltr'><strong>φιλωνη·</strong></span> <span class='ocrx_word' id='word_1_120' title='bbox 350 1385 403 1425; x_wconf 92' lang='lat' dir='ltr'><strong>qui</strong></span> <span class='ocrx_word' id='word_1_121' title='bbox 418 1391 523 1415; x_wconf 86' lang='lat' dir='ltr'><strong>tamen</strong></span> <span class='ocrx_word' id='word_1_122' title='bbox 543 1391 672 1415; x_wconf 85' lang='lat' dir='ltr'><strong>testatus</strong></span> <span class='ocrx_word' id='word_1_123' title='bbox 694 1392 739 1416; x_wconf 87' lang='lat' dir='ltr'><strong>est</strong></span> <span class='ocrx_word' id='word_1_124' title='bbox 761 1386 795 1416; x_wconf 92' lang='lat' dir='ltr'><strong>in</strong></span> 
     </span>
     <span class='ocr_line' id='line_1_21' title="bbox 63 1434 793 1476; baseline 0.007 -14"><span class='ocrx_word' id='word_1_125' title='bbox 63 1434 227 1464; x_wconf 80' lang='lat' dir='ltr'><strong>nonnullis</strong></span> <span class='ocrx_word' id='word_1_126' title='bbox 241 1435 398 1466; x_wconf 87' lang='lat' dir='ltr'>codicibus</span> <span class='ocrx_word' id='word_1_127' title='bbox 412 1442 568 1476; x_wconf 83' lang='lat' dir='ltr'><strong>receptam</strong></span> <span class='ocrx_word' id='word_1_128' title='bbox 584 1447 693 1468; x_wconf 87' lang='lat' dir='ltr'><strong>vocem</strong></span> <span class='ocrx_word' id='word_1_129' title='bbox 708 1437 793 1467; x_wconf 84' lang='lat' dir='ltr'><strong>inve-</strong></span> 
     </span>
     <span class='ocr_line' id='line_1_22' title="bbox 64 1494 136 1516; baseline 0 -1"><span class='ocrx_word' id='word_1_130' title='bbox 64 1494 136 1516; x_wconf 81' lang='lat' dir='ltr'><strong>mrl.</strong></span> 
     </span>
    </p>
   </div>
   <div class='ocr_carea' id='block_1_5' title="bbox 66 1545 794 1690">
    <p class='ocr_par' dir='ltr' id='par_1_5' title="bbox 66 1545 794 1690">
     <span class='ocr_line' id='line_1_23' title="bbox 108 1545 791 1590; baseline 0.004 -15"><span class='ocrx_word' id='word_1_131' title='bbox 108 1545 191 1576; x_wconf 90' lang='lat' dir='ltr'><strong>Ibid.</strong></span> <span class='ocrx_word' id='word_1_132' title='bbox 213 1547 344 1584; x_wconf 63' lang='lat' dir='ltr'><strong>Sintula,</strong></span> <span class='ocrx_word' id='word_1_133' title='bbox 368 1550 476 1580; x_wconf 75' lang='grc' dir='ltr'><strong><em>Σιληνη</em></strong></span> <span class='ocrx_word' id='word_1_134' title='bbox 492 1558 529 1577; x_wconf 87' lang='lat' dir='ltr'><strong>ac</strong></span> <span class='ocrx_word' id='word_1_135' title='bbox 545 1551 674 1590; x_wconf 69' lang='grc' dir='ltr'><strong>Σατυρα.</strong></span> <span class='ocrx_word' id='word_1_136' title='bbox 716 1549 791 1578; x_wconf 80' lang='lat' dir='ltr'><strong>Sile-</strong></span> 
     </span>
     <span class='ocr_line' id='line_1_24' title="bbox 66 1597 794 1639; baseline 0.001 -12"><span class='ocrx_word' id='word_1_137' title='bbox 66 1607 154 1634; x_wconf 74' lang='lat' dir='ltr'><strong>num,</strong></span> <span class='ocrx_word' id='word_1_138' title='bbox 176 1599 311 1637; x_wconf 76' lang='lat' dir='ltr'><strong>Satyros,</strong></span> <span class='ocrx_word' id='word_1_139' title='bbox 334 1603 366 1627; x_wconf 89' lang='lat' dir='ltr'><strong>et</strong></span> <span class='ocrx_word' id='word_1_140' title='bbox 380 1597 412 1627; x_wconf 91' lang='lat' dir='ltr'><strong>id</strong></span> <span class='ocrx_word' id='word_1_141' title='bbox 427 1608 528 1638; x_wconf 87' lang='lat' dir='ltr'><strong>genus</strong></span> <span class='ocrx_word' id='word_1_142' title='bbox 543 1598 676 1628; x_wconf 87' lang='lat' dir='ltr'><strong>numina</strong></span> <span class='ocrx_word' id='word_1_143' title='bbox 691 1609 794 1639; x_wconf 86' lang='lat' dir='ltr'><strong>agres-</strong></span> 
     </span>
     <span class='ocr_line' id='line_1_25' title="bbox 66 1647 793 1690; baseline 0.004 -13"><span class='ocrx_word' id='word_1_144' title='bbox 66 1647 122 1685; x_wconf 82' lang='lat' dir='ltr'><strong>tia,</strong></span> <span class='ocrx_word' id='word_1_145' title='bbox 146 1650 231 1679; x_wconf 77' lang='lat' dir='ltr'><strong>simis</strong></span> <span class='ocrx_word' id='word_1_146' title='bbox 257 1650 384 1678; x_wconf 80' lang='lat' dir='ltr'><strong>naribus</strong></span> <span class='ocrx_word' id='word_1_147' title='bbox 411 1648 530 1684; x_wconf 84' lang='lat' dir='ltr'><strong>donari,</strong></span> <span class='ocrx_word' id='word_1_148' title='bbox 553 1650 624 1689; x_wconf 90' lang='lat' dir='ltr'><strong>quis</strong></span> <span class='ocrx_word' id='word_1_149' title='bbox 652 1649 793 1690; x_wconf 86' lang='lat' dir='ltr'><strong>ignorat?</strong></span> 
     </span>
    </p>
   </div>
   <div class='ocr_carea' id='block_1_6' title="bbox 65 1699 796 1731">
    <p class='ocr_par' dir='ltr' id='par_1_6' title="bbox 65 1699 796 1731">
     <span class='ocr_line' id='line_1_26' title="bbox 65 1699 796 1731; baseline -0.001 -2"><span class='ocrx_word' id='word_1_150' title='bbox 65 1699 162 1730; x_wconf 88' lang='lat' dir='ltr'><strong>Unus</strong></span> <span class='ocrx_word' id='word_1_151' title='bbox 178 1701 252 1730; x_wconf 91' lang='lat' dir='ltr'><strong>huic</strong></span> <span class='ocrx_word' id='word_1_152' title='bbox 268 1700 313 1730; x_wconf 88' lang='lat' dir='ltr'><strong>rei</strong></span> <span class='ocrx_word' id='word_1_153' title='bbox 328 1699 520 1730; x_wconf 87' lang='lat' dir='ltr'><strong>illustrandae</strong></span> <span class='ocrx_word' id='word_1_154' title='bbox 530 1700 662 1730; x_wconf 89' lang='lat' dir='ltr'><strong>idoneus</strong></span> <span class='ocrx_word' id='word_1_155' title='bbox 673 1708 719 1730; x_wconf 81' lang='lat' dir='ltr'><strong>est</strong></span> <span class='ocrx_word' id='word_1_156' title='bbox 730 1701 796 1731; x_wconf 88' lang='lat' dir='ltr'><strong>Lu-</strong></span> 
     </span>
    </p>
   </div>
   <div class='ocr_carea' id='block_1_7' title="bbox 63 1750 794 2143">
    <p class='ocr_par' dir='ltr' id='par_1_7' title="bbox 63 1750 794 2143">
     <span class='ocr_line' id='line_1_27' title="bbox 65 1750 794 1788; baseline 0.001 -7"><span class='ocrx_word' id='word_1_157' title='bbox 65 1751 149 1781; x_wconf 86' lang='lat' dir='ltr'><strong>ciani</strong></span> <span class='ocrx_word' id='word_1_158' title='bbox 164 1750 260 1788; x_wconf 86' lang='lat' dir='ltr'><strong>locus,</strong></span> <span class='ocrx_word' id='word_1_159' title='bbox 283 1751 367 1782; x_wconf 89' lang='lat' dir='ltr'><strong>deor.</strong></span> <span class='ocrx_word' id='word_1_160' title='bbox 383 1761 468 1782; x_wconf 90' lang='lat' dir='ltr'><strong>conc.</strong></span> <span class='ocrx_word' id='word_1_161' title='bbox 485 1757 558 1781; x_wconf 89' lang='lat' dir='ltr'><strong>sect.</strong></span> <span class='ocrx_word' id='word_1_162' title='bbox 575 1754 702 1782; x_wconf 77' lang='grc' dir='ltr'><strong>4.-και</strong></span> <span class='ocrx_word' id='word_1_163' title='bbox 725 1753 794 1786; x_wconf 59' lang='lat' dir='ltr'><strong>sm</strong></span> 
     </span>
     <span class='ocr_line' id='line_1_28' title="bbox 64 1807 794 1845; baseline 0 -12"><span class='ocrx_word' id='word_1_164' title='bbox 64 1810 190 1845; x_wconf 66' lang='grc' dir='ltr'><strong>απεφῃνε</strong></span> <span class='ocrx_word' id='word_1_165' title='bbox 207 1816 254 1833; x_wconf 68' lang='grc' dir='ltr'><strong>τον</strong></span> <span class='ocrx_word' id='word_1_166' title='bbox 272 1809 370 1838; x_wconf 72' lang='lat' dir='ltr'><strong>nam,</strong></span> <span class='ocrx_word' id='word_1_167' title='bbox 394 1816 444 1833; x_wconf 75' lang='grc' dir='ltr'><strong>και</strong></span> <span class='ocrx_word' id='word_1_168' title='bbox 462 1807 604 1840; x_wconf 53' lang='lat' dir='ltr'><strong>iethmau,</strong></span> <span class='ocrx_word' id='word_1_169' title='bbox 627 1816 678 1833; x_wconf 75' lang='grc' dir='ltr'><strong>και</strong></span> <span class='ocrx_word' id='word_1_170' title='bbox 694 1807 794 1833; x_wconf 73' lang='grc' dir='ltr'><strong>Σατυ-</strong></span> 
     </span>
     <span class='ocr_line' id='line_1_29' title="bbox 63 1854 792 1897; baseline -0.001 -12"><span class='ocrx_word' id='word_1_171' title='bbox 63 1856 181 1897; x_wconf 75' lang='lat' dir='ltr'><strong>p8;·-—-o‘</strong></span> <span class='ocrx_word' id='word_1_172' title='bbox 209 1854 236 1885; x_wconf 71' lang='lat' dir='ltr'><strong>Be</strong></span> <span class='ocrx_word' id='word_1_173' title='bbox 252 1862 400 1897; x_wconf 71' lang='grc' dir='ltr'><strong>φαλακρος</strong></span> <span class='ocrx_word' id='word_1_174' title='bbox 426 1868 510 1897; x_wconf 73' lang='grc' dir='ltr'><em>γερων</em></span> <span class='ocrx_word' id='word_1_175' title='bbox 538 1855 712 1896; x_wconf 54' lang='lat' dir='ltr'><strong>(Semnum),</strong></span> <span class='ocrx_word' id='word_1_176' title='bbox 736 1859 792 1887; x_wconf 81' lang='grc' dir='ltr'><strong>ΣΙ-</strong></span> 
     </span>
     <span class='ocr_line' id='line_1_30' title="bbox 67 1905 792 1943; baseline -0.001 -7"><span class='ocrx_word' id='word_1_177' title='bbox 67 1910 148 1937; x_wconf 84' lang='grc' dir='ltr'><strong>ΜΟΣ</strong></span> <span class='ocrx_word' id='word_1_178' title='bbox 165 1919 217 1938; x_wconf 70' lang='lat' dir='ltr'><strong>erm</strong></span> <span class='ocrx_word' id='word_1_179' title='bbox 230 1907 459 1943; x_wconf 67' lang='grc' dir='ltr'><strong>ῬΙΝΑ,-κτλ.</strong></span> <span class='ocrx_word' id='word_1_180' title='bbox 505 1905 548 1935; x_wconf 86' lang='lat' dir='ltr'><strong>Et</strong></span> <span class='ocrx_word' id='word_1_181' title='bbox 570 1905 700 1935; x_wconf 87' lang='lat' dir='ltr'><strong>omnino</strong></span> <span class='ocrx_word' id='word_1_182' title='bbox 721 1915 792 1936; x_wconf 88' lang='lat' dir='ltr'><strong>con·</strong></span> 
     </span>
     <span class='ocr_line' id='line_1_31' title="bbox 65 1955 792 1996; baseline 0 -10"><span class='ocrx_word' id='word_1_183' title='bbox 65 1956 150 1986; x_wconf 90' lang='lat' dir='ltr'><strong>sulas</strong></span> <span class='ocrx_word' id='word_1_184' title='bbox 164 1955 446 1986; x_wconf 85' lang='lat' dir='ltr'><strong>animadversiones</strong></span> <span class='ocrx_word' id='word_1_185' title='bbox 463 1956 590 1985; x_wconf 88' lang='lat' dir='ltr'><strong>Heinsii</strong></span> <span class='ocrx_word' id='word_1_186' title='bbox 607 1956 792 1996; x_wconf 88' lang='lat' dir='ltr'><strong>ingeniosis-</strong></span> 
     </span>
     <span class='ocr_line' id='line_1_32' title="bbox 66 2008 792 2047; baseline 0.001 -9"><span class='ocrx_word' id='word_1_187' title='bbox 66 2008 172 2047; x_wconf 81' lang='lat' dir='ltr'><strong>simas,</strong></span> <span class='ocrx_word' id='word_1_188' title='bbox 197 2008 270 2039; x_wconf 89' lang='lat' dir='ltr'><strong>Cari</strong></span> <span class='ocrx_word' id='word_1_189' title='bbox 296 2018 360 2038; x_wconf 90' lang='lat' dir='ltr'><strong>non</strong></span> <span class='ocrx_word' id='word_1_190' title='bbox 384 2008 505 2044; x_wconf 84' lang='lat' dir='ltr'><strong>oblitas,</strong></span> <span class='ocrx_word' id='word_1_191' title='bbox 537 2008 577 2038; x_wconf 88' lang='lat' dir='ltr'><strong>ad</strong></span> <span class='ocrx_word' id='word_1_192' title='bbox 607 2008 699 2038; x_wconf 81' lang='lat' dir='ltr'><strong>Ovid.</strong></span> <span class='ocrx_word' id='word_1_193' title='bbox 724 2008 792 2040; x_wconf 86' lang='lat' dir='ltr'><strong>fast.</strong></span> 
     </span>
     <span class='ocr_line' id='line_1_33' title="bbox 66 2060 794 2101; baseline 0 -11"><span class='ocrx_word' id='word_1_194' title='bbox 66 2061 110 2091; x_wconf 89' lang='lat' dir='ltr'><strong>iii.</strong></span> <span class='ocrx_word' id='word_1_195' title='bbox 142 2063 213 2092; x_wconf 88' lang='grc'><strong>754.</strong></span> <span class='ocrx_word' id='word_1_196' title='bbox 243 2070 338 2101; x_wconf 91' lang='lat' dir='ltr'><strong>quem</strong></span> <span class='ocrx_word' id='word_1_197' title='bbox 366 2060 523 2090; x_wconf 85' lang='lat' dir='ltr'><strong>verissime</strong></span> <span class='ocrx_word' id='word_1_198' title='bbox 553 2070 647 2100; x_wconf 84' lang='lat' dir='ltr'><strong>sagax</strong></span> <span class='ocrx_word' id='word_1_199' title='bbox 670 2060 794 2090; x_wconf 83' lang='lat' dir='ltr'><strong>criticus</strong></span> 
     </span>
     <span class='ocr_line' id='line_1_34' title="bbox 66 2112 221 2143; baseline 0 0"><span class='ocrx_word' id='word_1_200' title='bbox 66 2112 221 2143; x_wconf 87' lang='lat' dir='ltr'><strong>emendat.</strong></span> 
     </span>
    </p>
   </div>
   <div class='ocr_carea' id='block_1_8' title="bbox 66 2172 512 2256">
    <p class='ocr_par' dir='ltr' id='par_1_8' title="bbox 66 2172 512 2256">
     <span class='ocr_line' id='line_1_35' title="bbox 108 2172 512 2209; baseline 0.005 -7"><span class='ocrx_word' id='word_1_201' title='bbox 108 2172 189 2203; x_wconf 86' lang='lat' dir='ltr'><strong>Ibid.</strong></span> <span class='ocrx_word' id='word_1_202' title='bbox 224 2174 354 2209; x_wconf 74' lang='lat' dir='ltr'><strong>Simula,</strong></span> <span class='ocrx_word' id='word_1_203' title='bbox 384 2174 512 2204; x_wconf 82' lang='lat' dir='ltr'><strong>labrosa.</strong></span> 
     </span>
     <span class='ocr_line' id='line_1_36' title="bbox 66 2227 162 2256; baseline 0 -2"><span class='ocrx_word' id='word_1_204' title='bbox 66 2227 116 2256; x_wconf 80' lang='grc'><strong>59.</strong></span> <span class='ocrx_word' id='word_1_205' title='bbox 132 2227 162 2254; x_wconf 88' lang='grc'><strong>8.</strong></span> 
     </span>
    </p>
   </div>
   <div class='ocr_carea' id='block_1_9' title="bbox 557 2172 792 2209">
    <p class='ocr_par' dir='ltr' id='par_1_9' title="bbox 557 2172 792 2209">
     <span class='ocr_line' id='line_1_37' title="bbox 557 2172 792 2209; baseline -0.004 -6"><span class='ocrx_word' id='word_1_206' title='bbox 557 2172 723 2209; x_wconf 85' lang='lat' dir='ltr'><strong>Martialis,</strong></span> <span class='ocrx_word' id='word_1_207' title='bbox 755 2172 792 2203; x_wconf 88' lang='lat' dir='ltr'><strong>vi.</strong></span> 
     </span>
    </p>
   </div>
   <div class='ocr_carea' id='block_1_10' title="bbox 128 2305 634 2377">
    <p class='ocr_par' dir='ltr' id='par_1_10' title="bbox 128 2305 634 2377">
     <span class='ocr_line' id='line_1_38' title="bbox 128 2305 617 2337; baseline 0.002 -8"><span class='ocrx_word' id='word_1_208' title='bbox 128 2306 165 2330; x_wconf 80' lang='lat' dir='ltr'><strong>At</strong></span> <span class='ocrx_word' id='word_1_209' title='bbox 176 2305 230 2335; x_wconf 87' lang='lat' dir='ltr'><strong>ille,</strong></span> <span class='ocrx_word' id='word_1_210' title='bbox 245 2305 312 2330; x_wconf 73' lang='lat' dir='ltr'><strong>simei</strong></span> <span class='ocrx_word' id='word_1_211' title='bbox 324 2313 396 2336; x_wconf 80' lang='lat' dir='ltr'><strong>nare,</strong></span> <span class='ocrx_word' id='word_1_212' title='bbox 412 2306 520 2337; x_wconf 81' lang='lat' dir='ltr'><strong>turgidis</strong></span> <span class='ocrx_word' id='word_1_213' title='bbox 530 2306 617 2335; x_wconf 62' lang='lat' dir='ltr'><strong>labris,</strong></span> 
     </span>
     <span class='ocr_line' id='line_1_39' title="bbox 128 2345 634 2377; baseline 0.002 -8"><span class='ocrx_word' id='word_1_214' title='bbox 128 2346 187 2377; x_wconf 86' lang='lat' dir='ltr'><strong>Ipsa</strong></span> <span class='ocrx_word' id='word_1_215' title='bbox 198 2348 237 2370; x_wconf 86' lang='lat' dir='ltr'><strong>est</strong></span> <span class='ocrx_word' id='word_1_216' title='bbox 247 2345 338 2377; x_wconf 83' lang='lat' dir='ltr'>imago</span> <span class='ocrx_word' id='word_1_217' title='bbox 350 2346 456 2370; x_wconf 78' lang='lat' dir='ltr'><strong>Pannici</strong></span> <span class='ocrx_word' id='word_1_218' title='bbox 466 2346 634 2377; x_wconf 80' lang='lat' dir='ltr'><strong>palaestritae.</strong></span> 
     </span>
    </p>
   </div>
   <div class='ocr_carea' id='block_1_11' title="bbox 63 2416 792 2977">
    <p class='ocr_par' dir='ltr' id='par_1_11' title="bbox 63 2416 792 2977">
     <span class='ocr_line' id='line_1_40' title="bbox 111 2416 792 2456; baseline 0 -10"><span class='ocrx_word' id='word_1_219' title='bbox 111 2416 193 2446; x_wconf 86' lang='lat' dir='ltr'><strong>Ibid.</strong></span> <span class='ocrx_word' id='word_1_220' title='bbox 218 2424 346 2456; x_wconf 73' lang='grc' dir='ltr'><strong>φιλημα.·</strong></span> <span class='ocrx_word' id='word_1_221' title='bbox 372 2417 391 2447; x_wconf 89' lang='lat' dir='ltr'><strong>i.</strong></span> <span class='ocrx_word' id='word_1_222' title='bbox 408 2427 433 2447; x_wconf 90' lang='lat' dir='ltr'><strong>e.</strong></span> <span class='ocrx_word' id='word_1_223' title='bbox 459 2420 481 2434; x_wconf 92' lang='lat'><strong>“</strong></span> <span class='ocrx_word' id='word_1_224' title='bbox 499 2416 591 2447; x_wconf 91' lang='lat' dir='ltr'><strong>labris</strong></span> <span class='ocrx_word' id='word_1_225' title='bbox 605 2422 650 2446; x_wconf 87' lang='lat' dir='ltr'><strong>est</strong></span> <span class='ocrx_word' id='word_1_226' title='bbox 665 2416 708 2446; x_wconf 81' lang='lat' dir='ltr'><strong>ita</strong></span> <span class='ocrx_word' id='word_1_227' title='bbox 722 2426 792 2456; x_wconf 87' lang='lat' dir='ltr'><strong>pro-</strong></span> 
     </span>
     <span class='ocr_line' id='line_1_41' title="bbox 66 2468 792 2503; baseline 0 -5"><span class='ocrx_word' id='word_1_228' title='bbox 66 2472 89 2487; x_wconf 88' lang='lat'>“</span> <span class='ocrx_word' id='word_1_229' title='bbox 104 2468 305 2503; x_wconf 69' lang='lat' dir='ltr'><strong>minenfibus,</strong></span> <span class='ocrx_word' id='word_1_230' title='bbox 340 2475 375 2498; x_wconf 89' lang='lat' dir='ltr'><strong>ut</strong></span> <span class='ocrx_word' id='word_1_231' title='bbox 404 2468 546 2498; x_wconf 86' lang='lat' dir='ltr'><strong>videatur</strong></span> <span class='ocrx_word' id='word_1_232' title='bbox 576 2479 640 2498; x_wconf 88' lang='lat' dir='ltr'><strong>esse</strong></span> <span class='ocrx_word' id='word_1_233' title='bbox 669 2478 792 2498; x_wconf 88' lang='lat' dir='ltr'><strong>merum</strong></span> 
     </span>
     <span class='ocr_line' id='line_1_42' title="bbox 65 2521 792 2561; baseline 0.001 -11"><span class='ocrx_word' id='word_1_234' title='bbox 65 2524 89 2539; x_wconf 85' lang='lat'>“</span> <span class='ocrx_word' id='word_1_235' title='bbox 104 2521 287 2551; x_wconf 81' lang='lat' dir='ltr'><strong>osculum:&#39;&#39;</strong></span> <span class='ocrx_word' id='word_1_236' title='bbox 324 2521 384 2558; x_wconf 87' lang='lat' dir='ltr'><strong>vel,</strong></span> <span class='ocrx_word' id='word_1_237' title='bbox 429 2524 451 2539; x_wconf 91' lang='lat'><strong>“</strong></span> <span class='ocrx_word' id='word_1_238' title='bbox 478 2521 558 2550; x_wconf 90' lang='lat' dir='ltr'>nihil</span> <span class='ocrx_word' id='word_1_239' title='bbox 587 2527 640 2557; x_wconf 78' lang='lat' dir='ltr'><strong>est,</strong></span> <span class='ocrx_word' id='word_1_240' title='bbox 675 2527 792 2561; x_wconf 85' lang='lat' dir='ltr'><strong>quanta</strong></span> 
     </span>
     <span class='ocr_line' id='line_1_43' title="bbox 63 2572 790 2612; baseline -0.001 -10"><span class='ocrx_word' id='word_1_241' title='bbox 63 2575 89 2591; x_wconf 88' lang='lat'><strong>“</strong></span> <span class='ocrx_word' id='word_1_242' title='bbox 104 2578 223 2612; x_wconf 87' lang='lat' dir='ltr'><strong>quanta</strong></span> <span class='ocrx_word' id='word_1_243' title='bbox 239 2573 286 2608; x_wconf 90' lang='lat' dir='ltr'><strong>sit,</strong></span> <span class='ocrx_word' id='word_1_244' title='bbox 310 2572 370 2602; x_wconf 90' lang='lat' dir='ltr'><strong>nisi</strong></span> <span class='ocrx_word' id='word_1_245' title='bbox 389 2582 424 2604; x_wconf 90' lang='lat' dir='ltr'><strong>os</strong></span> <span class='ocrx_word' id='word_1_246' title='bbox 444 2572 610 2611; x_wconf 85' lang='lat' dir='ltr'><strong>parvulum</strong></span> <span class='ocrx_word' id='word_1_247' title='bbox 631 2578 663 2602; x_wconf 91' lang='lat' dir='ltr'><strong>et</strong></span> <span class='ocrx_word' id='word_1_248' title='bbox 677 2572 790 2602; x_wconf 87' lang='lat' dir='ltr'><strong>delica-</strong></span> 
     </span>
     <span class='ocr_line' id='line_1_44' title="bbox 64 2624 790 2655; baseline 0 -1"><span class='ocrx_word' id='word_1_249' title='bbox 64 2627 88 2642; x_wconf 86' lang='lat'><strong>“</strong></span> <span class='ocrx_word' id='word_1_250' title='bbox 104 2624 238 2655; x_wconf 86' lang='lat' dir='ltr'><strong>tulum.’&#39;</strong></span> <span class='ocrx_word' id='word_1_251' title='bbox 284 2624 370 2654; x_wconf 85' lang='lat' dir='ltr'><strong>Nam</strong></span> <span class='ocrx_word' id='word_1_252' title='bbox 397 2627 419 2642; x_wconf 88' lang='lat'><strong>“</strong></span> <span class='ocrx_word' id='word_1_253' title='bbox 436 2626 475 2654; x_wconf 90' lang='lat' dir='ltr'><strong>ab</strong></span> <span class='ocrx_word' id='word_1_254' title='bbox 497 2636 546 2655; x_wconf 83' lang='lat' dir='ltr'><strong>ore</strong></span> <span class='ocrx_word' id='word_1_255' title='bbox 567 2624 682 2654; x_wconf 85' lang='lat' dir='ltr'><strong>dicitur</strong></span> <span class='ocrx_word' id='word_1_256' title='bbox 704 2634 790 2655; x_wconf 88' lang='lat' dir='ltr'><strong>oscu-</strong></span> 
     </span>
     <span class='ocr_line' id='line_1_45' title="bbox 64 2676 790 2712; baseline 0 -6"><span class='ocrx_word' id='word_1_257' title='bbox 64 2679 88 2695; x_wconf 89' lang='lat'><strong>“</strong></span> <span class='ocrx_word' id='word_1_258' title='bbox 103 2678 167 2706; x_wconf 86' lang='lat' dir='ltr'><strong>lum</strong></span> <span class='ocrx_word' id='word_1_259' title='bbox 173 2676 207 2712; x_wconf 83' lang='lat'><strong><em>‚·’&#39;</em></strong></span> <span class='ocrx_word' id='word_1_260' title='bbox 224 2676 271 2706; x_wconf 87' lang='lat' dir='ltr'><strong>uti</strong></span> <span class='ocrx_word' id='word_1_261' title='bbox 287 2676 414 2706; x_wconf 90' lang='lat' dir='ltr'><strong>Nonius</strong></span> <span class='ocrx_word' id='word_1_262' title='bbox 429 2676 609 2712; x_wconf 87' lang='lat' dir='ltr'><strong>Marcellus,</strong></span> <span class='ocrx_word' id='word_1_263' title='bbox 625 2686 652 2706; x_wconf 78' lang='lat' dir='ltr'><strong>v,</strong></span> <span class='ocrx_word' id='word_1_264' title='bbox 670 2679 719 2706; x_wconf 90' lang='lat'>11.</span> <span class='ocrx_word' id='word_1_265' title='bbox 735 2676 790 2706; x_wconf 93' lang='lat' dir='ltr'><strong>do-</strong></span> 
     </span>
     <span class='ocr_line' id='line_1_46' title="bbox 64 2728 791 2768; baseline 0 -10"><span class='ocrx_word' id='word_1_266' title='bbox 64 2733 125 2766; x_wconf 85' lang='lat' dir='ltr'><strong>cet,</strong></span> <span class='ocrx_word' id='word_1_267' title='bbox 141 2738 178 2757; x_wconf 82' lang='lat' dir='ltr'><strong>ex</strong></span> <span class='ocrx_word' id='word_1_268' title='bbox 191 2728 340 2758; x_wconf 87' lang='lat' dir='ltr'><strong>Varrone.</strong></span> <span class='ocrx_word' id='word_1_269' title='bbox 359 2728 540 2766; x_wconf 86' lang='lat' dir='ltr'><strong>Suetonius,</strong></span> <span class='ocrx_word' id='word_1_270' title='bbox 557 2729 696 2768; x_wconf 83' lang='lat' dir='ltr'><strong>August.</strong></span> <span class='ocrx_word' id='word_1_271' title='bbox 714 2728 791 2758; x_wconf 84' lang='lat' dir='ltr'>xciv.</span> 
     </span>
     <span class='ocr_line' id='line_1_47' title="bbox 65 2780 790 2821; baseline 0 -12"><span class='ocrx_word' id='word_1_272' title='bbox 65 2783 134 2804; x_wconf 86' lang='lat'><strong>—“</strong></span> <span class='ocrx_word' id='word_1_273' title='bbox 150 2780 277 2821; x_wconf 85' lang='lat' dir='ltr'><strong>ejusque</strong></span> <span class='ocrx_word' id='word_1_274' title='bbox 303 2783 448 2816; x_wconf 81' lang='lat' dir='ltr'><strong>osculum,</strong></span> <span class='ocrx_word' id='word_1_275' title='bbox 475 2780 649 2810; x_wconf 87' lang='lat' dir='ltr'><strong>delibatum</strong></span> <span class='ocrx_word' id='word_1_276' title='bbox 674 2780 790 2820; x_wconf 85' lang='lat' dir='ltr'>digitis,</span> 
     </span>
     <span class='ocr_line' id='line_1_48' title="bbox 65 2830 789 2863; baseline 0 -2"><span class='ocrx_word' id='word_1_277' title='bbox 65 2833 88 2849; x_wconf 71' lang='lat'><strong>‘⁵</strong></span> <span class='ocrx_word' id='word_1_278' title='bbox 104 2830 144 2861; x_wconf 91' lang='lat' dir='ltr'><strong>ad</strong></span> <span class='ocrx_word' id='word_1_279' title='bbox 164 2841 200 2862; x_wconf 88' lang='lat' dir='ltr'><strong>os</strong></span> <span class='ocrx_word' id='word_1_280' title='bbox 221 2843 315 2862; x_wconf 89' lang='lat' dir='ltr'><strong>suum</strong></span> <span class='ocrx_word' id='word_1_281' title='bbox 336 2831 519 2863; x_wconf 82' lang='lat' dir='ltr'><strong>retulisset.”</strong></span> <span class='ocrx_word' id='word_1_282' title='bbox 568 2831 632 2862; x_wconf 93' lang='lat' dir='ltr'>Ubi</span> <span class='ocrx_word' id='word_1_283' title='bbox 647 2831 789 2862; x_wconf 90' lang='lat' dir='ltr'><strong>consulas</strong></span> 
     </span>
     <span class='ocr_line' id='line_1_49' title="bbox 64 2882 788 2923; baseline -0.001 -9"><span class='ocrx_word' id='word_1_284' title='bbox 64 2882 288 2915; x_wconf 87' lang='lat' dir='ltr'><strong>Burmannum</strong></span> <span class='ocrx_word' id='word_1_285' title='bbox 311 2890 342 2915; x_wconf 90' lang='lat' dir='ltr'><strong>et</strong></span> <span class='ocrx_word' id='word_1_286' title='bbox 367 2883 639 2923; x_wconf 87' lang='lat' dir='ltr'><strong>Oudendorpium,</strong></span> <span class='ocrx_word' id='word_1_287' title='bbox 662 2889 693 2913; x_wconf 90' lang='lat' dir='ltr'><strong>et</strong></span> <span class='ocrx_word' id='word_1_288' title='bbox 722 2883 788 2913; x_wconf 89' lang='lat' dir='ltr'><strong>Sal-</strong></span> 
     </span>
     <span class='ocr_line' id='line_1_50' title="bbox 63 2933 786 2977; baseline 0.003 -13"><span class='ocrx_word' id='word_1_289' title='bbox 63 2933 199 2967; x_wconf 86' lang='lat' dir='ltr'><strong>masium</strong></span> <span class='ocrx_word' id='word_1_290' title='bbox 228 2936 268 2968; x_wconf 87' lang='lat' dir='ltr'><strong>ad</strong></span> <span class='ocrx_word' id='word_1_291' title='bbox 299 2936 427 2977; x_wconf 83' lang='lat' dir='ltr'>Vopisci</span> <span class='ocrx_word' id='word_1_292' title='bbox 456 2936 610 2974; x_wconf 87' lang='lat' dir='ltr'><strong>Probum,</strong></span> <span class='ocrx_word' id='word_1_293' title='bbox 643 2945 707 2975; x_wconf 83' lang='lat' dir='ltr'><strong>cap.</strong></span> <span class='ocrx_word' id='word_1_294' title='bbox 735 2937 786 2966; x_wconf 80' lang='lat'><strong>25.</strong></span> 
     </span>
    </p>
   </div>
   <div class='ocr_carea' id='block_1_12' title="bbox 837 611 1566 958">
    <p class='ocr_par' dir='ltr' id='par_1_12' title="bbox 837 611 1566 958">
     <span class='ocr_line' id='line_1_51' title="bbox 837 611 1564 652; baseline -0.003 -9"><span class='ocrx_word' id='word_1_295' title='bbox 837 613 932 652; x_wconf 89' lang='lat' dir='ltr'><strong>probe</strong></span> <span class='ocrx_word' id='word_1_296' title='bbox 947 612 1156 652; x_wconf 82' lang='lat' dir='ltr'><strong>explicantem</strong></span> <span class='ocrx_word' id='word_1_297' title='bbox 1173 611 1261 652; x_wconf 73' lang='lat' dir='ltr'><strong>&#39;Vir-g.</strong></span> <span class='ocrx_word' id='word_1_298' title='bbox 1287 612 1362 642; x_wconf 83' lang='lat' dir='ltr'><strong>AEn.</strong></span> <span class='ocrx_word' id='word_1_299' title='bbox 1388 611 1407 643; x_wconf 86' lang='lat' dir='ltr'><strong>i.</strong></span> <span class='ocrx_word' id='word_1_300' title='bbox 1431 614 1502 642; x_wconf 73' lang='lat'><strong>2⁷56.</strong></span> <span class='ocrx_word' id='word_1_301' title='bbox 1525 621 1564 642; x_wconf 84' lang='lat' dir='ltr'><strong>ex</strong></span> 
     </span>
     <span class='ocr_line' id='line_1_52' title="bbox 840 663 1565 703; baseline -0.001 -9"><span class='ocrx_word' id='word_1_302' title='bbox 840 664 937 694; x_wconf 86' lang='lat' dir='ltr'><strong>Servii</strong></span> <span class='ocrx_word' id='word_1_303' title='bbox 974 663 1219 693; x_wconf 83' lang='lat' dir='ltr'><strong>commentariis:</strong></span> <span class='ocrx_word' id='word_1_304' title='bbox 1259 672 1394 703; x_wconf 89' lang='lat' dir='ltr'><strong>quorum</strong></span> <span class='ocrx_word' id='word_1_305' title='bbox 1431 663 1565 693; x_wconf 90' lang='lat' dir='ltr'><strong>rationes</strong></span> 
     </span>
     <span class='ocr_line' id='line_1_53' title="bbox 838 713 1564 755; baseline -0.004 -10"><span class='ocrx_word' id='word_1_306' title='bbox 838 715 986 755; x_wconf 88' lang='lat' dir='ltr'><strong>Heynius</strong></span> <span class='ocrx_word' id='word_1_307' title='bbox 1011 714 1120 745; x_wconf 83' lang='lat' dir='ltr'><strong>dubito</strong></span> <span class='ocrx_word' id='word_1_308' title='bbox 1145 725 1186 744; x_wconf 89' lang='lat' dir='ltr'><strong>an</strong></span> <span class='ocrx_word' id='word_1_309' title='bbox 1210 719 1384 753; x_wconf 87' lang='lat' dir='ltr'><strong>perspectas</strong></span> <span class='ocrx_word' id='word_1_310' title='bbox 1413 713 1564 750; x_wconf 78' lang='lat' dir='ltr'><strong>habuerit,</strong></span> 
     </span>
     <span class='ocr_line' id='line_1_54' title="bbox 838 764 1566 808; baseline -0.004 -12"><span class='ocrx_word' id='word_1_311' title='bbox 838 777 938 807; x_wconf 89' lang='lat' dir='ltr'><strong>quum</strong></span> <span class='ocrx_word' id='word_1_312' title='bbox 960 765 1000 795; x_wconf 93' lang='lat' dir='ltr'><strong>de</strong></span> <span class='ocrx_word' id='word_1_313' title='bbox 1021 776 1079 795; x_wconf 93' lang='lat' dir='ltr'><strong>suo</strong></span> <span class='ocrx_word' id='word_1_314' title='bbox 1100 775 1193 803; x_wconf 89' lang='lat' dir='ltr'><strong>nova,</strong></span> <span class='ocrx_word' id='word_1_315' title='bbox 1215 771 1246 795; x_wconf 91' lang='lat' dir='ltr'><strong>et</strong></span> <span class='ocrx_word' id='word_1_316' title='bbox 1265 764 1463 808; x_wconf 61' lang='grc' dir='ltr'><strong>ωπροςδιονυσα</strong></span> <span class='ocrx_word' id='word_1_317' title='bbox 1477 774 1566 803; x_wconf 90' lang='lat' dir='ltr'><strong>pror-</strong></span> 
     </span>
     <span class='ocr_line' id='line_1_55' title="bbox 838 816 1565 856; baseline -0.004 -8"><span class='ocrx_word' id='word_1_318' title='bbox 838 829 897 854; x_wconf 89' lang='lat' dir='ltr'><strong>sus,</strong></span> <span class='ocrx_word' id='word_1_319' title='bbox 923 818 961 847; x_wconf 89' lang='lat' dir='ltr'><strong>sit</strong></span> <span class='ocrx_word' id='word_1_320' title='bbox 977 823 1180 848; x_wconf 89' lang='lat' dir='ltr'><strong>commentus.</strong></span> <span class='ocrx_word' id='word_1_321' title='bbox 1225 817 1398 856; x_wconf 88' lang='lat' dir='ltr'><strong>Appositus</strong></span> <span class='ocrx_word' id='word_1_322' title='bbox 1413 822 1459 846; x_wconf 89' lang='lat' dir='ltr'><strong>est</strong></span> <span class='ocrx_word' id='word_1_323' title='bbox 1475 816 1565 846; x_wconf 77' lang='lat' dir='ltr'><strong>M&#39;ar-</strong></span> 
     </span>
     <span class='ocr_line' id='line_1_56' title="bbox 839 865 1566 906; baseline -0.004 -7"><span class='ocrx_word' id='word_1_324' title='bbox 839 868 930 906; x_wconf 85' lang='lat' dir='ltr'><strong>tialis,</strong></span> <span class='ocrx_word' id='word_1_325' title='bbox 960 868 994 898; x_wconf 90' lang='lat' dir='ltr'><strong>in</strong></span> <span class='ocrx_word' id='word_1_326' title='bbox 1018 867 1205 898; x_wconf 86' lang='lat' dir='ltr'><strong>nitidissimo</strong></span> <span class='ocrx_word' id='word_1_327' title='bbox 1230 867 1368 897; x_wconf 88' lang='lat' dir='ltr'><strong>carmine</strong></span> <span class='ocrx_word' id='word_1_328' title='bbox 1394 867 1434 897; x_wconf 87' lang='lat' dir='ltr'><strong>de</strong></span> <span class='ocrx_word' id='word_1_329' title='bbox 1459 865 1566 906; x_wconf 58' lang='lat' dir='ltr'><strong>puella</strong></span> 
     </span>
     <span class='ocr_line' id='line_1_57' title="bbox 839 918 1352 958; baseline -0.004 -8"><span class='ocrx_word' id='word_1_330' title='bbox 839 930 966 950; x_wconf 86' lang='lat' dir='ltr'><strong>cancere</strong></span> <span class='ocrx_word' id='word_1_331' title='bbox 981 918 1177 958; x_wconf 70' lang='lat' dir='ltr'><strong>consumpta,</strong></span> <span class='ocrx_word' id='word_1_332' title='bbox 1203 918 1242 948; x_wconf 79' lang='lat' dir='ltr'><strong>xi.</strong></span> <span class='ocrx_word' id='word_1_333' title='bbox 1257 921 1307 950; x_wconf 91' lang='lat'><strong>91.</strong></span> <span class='ocrx_word' id='word_1_334' title='bbox 1324 922 1352 949; x_wconf 87' lang='lat'><strong>7.</strong></span> 
     </span>
    </p>
   </div>
   <div class='ocr_carea' id='block_1_13' title="bbox 898 1004 1485 1077">
    <p class='ocr_par' dir='ltr' id='par_1_13' title="bbox 898 1004 1485 1077">
     <span class='ocr_line' id='line_1_58' title="bbox 898 1004 1471 1038; baseline -0.003 -7"><span class='ocrx_word' id='word_1_335' title='bbox 898 1008 1010 1038; x_wconf 76' lang='lat' dir='ltr'><strong>Ipsaque</strong></span> <span class='ocrx_word' id='word_1_336' title='bbox 1019 1005 1139 1031; x_wconf 86' lang='lat' dir='ltr'><strong>crudeles</strong></span> <span class='ocrx_word' id='word_1_337' title='bbox 1149 1006 1263 1030; x_wconf 81' lang='lat' dir='ltr'><strong>ederunt</strong></span> <span class='ocrx_word' id='word_1_338' title='bbox 1273 1005 1357 1030; x_wconf 83' lang='lat' dir='ltr'><strong>oscula</strong></span> <span class='ocrx_word' id='word_1_339' title='bbox 1368 1004 1455 1029; x_wconf 83' lang='lat' dir='ltr'><strong>morbi</strong></span> <span class='ocrx_word' id='word_1_340' title='bbox 1461 1013 1471 1035; x_wconf 68' lang='grc' dir='ltr'><strong><em>ς</em></strong></span> 
     </span>
     <span class='ocr_line' id='line_1_59' title="bbox 930 1043 1485 1077; baseline -0.004 -7"><span class='ocrx_word' id='word_1_341' title='bbox 930 1047 984 1070; x_wconf 89' lang='lat' dir='ltr'><strong>Nec</strong></span> <span class='ocrx_word' id='word_1_342' title='bbox 997 1046 1060 1070; x_wconf 84' lang='lat' dir='ltr'><strong>data</strong></span> <span class='ocrx_word' id='word_1_343' title='bbox 1070 1049 1132 1070; x_wconf 88' lang='lat' dir='ltr'><strong>sunt</strong></span> <span class='ocrx_word' id='word_1_344' title='bbox 1144 1044 1225 1077; x_wconf 86' lang='lat' dir='ltr'><strong>nigris</strong></span> <span class='ocrx_word' id='word_1_345' title='bbox 1235 1048 1294 1069; x_wconf 88' lang='lat' dir='ltr'><strong>tota</strong></span> <span class='ocrx_word' id='word_1_346' title='bbox 1304 1043 1394 1069; x_wconf 80' lang='lat' dir='ltr'><strong>labella</strong></span> <span class='ocrx_word' id='word_1_347' title='bbox 1405 1045 1485 1076; x_wconf 78' lang='lat' dir='ltr'><strong>rogis.</strong></span> 
     </span>
    </p>
   </div>
   <div class='ocr_carea' id='block_1_14' title="bbox 833 1118 1567 1466">
    <p class='ocr_par' dir='ltr' id='par_1_14' title="bbox 833 1118 1567 1466">
     <span class='ocr_line' id='line_1_60' title="bbox 839 1118 1566 1158; baseline 0 -10"><span class='ocrx_word' id='word_1_348' title='bbox 839 1119 912 1148; x_wconf 93' lang='lat' dir='ltr'><strong>Hos</strong></span> <span class='ocrx_word' id='word_1_349' title='bbox 925 1129 1031 1149; x_wconf 78' lang='lat' dir='ltr'><strong>versus</strong></span> <span class='ocrx_word' id='word_1_350' title='bbox 1047 1118 1217 1149; x_wconf 81' lang='lat' dir='ltr'><strong>Salmasius</strong></span> <span class='ocrx_word' id='word_1_351' title='bbox 1233 1118 1339 1156; x_wconf 86' lang='lat' dir='ltr'><strong>etiam,</strong></span> <span class='ocrx_word' id='word_1_352' title='bbox 1362 1123 1398 1148; x_wconf 87' lang='lat' dir='ltr'><strong>ut</strong></span> <span class='ocrx_word' id='word_1_353' title='bbox 1407 1118 1476 1158; x_wconf 86' lang='lat' dir='ltr'><strong>jam</strong></span> <span class='ocrx_word' id='word_1_354' title='bbox 1499 1127 1566 1148; x_wconf 85' lang='lat' dir='ltr'><strong>cer-</strong></span> 
     </span>
     <span class='ocr_line' id='line_1_61' title="bbox 839 1168 1566 1209; baseline 0 -11"><span class='ocrx_word' id='word_1_355' title='bbox 839 1170 956 1208; x_wconf 83' lang='lat' dir='ltr'><strong>nimus,</strong></span> <span class='ocrx_word' id='word_1_356' title='bbox 979 1170 1148 1209; x_wconf 86' lang='lat' dir='ltr'><strong>occupavit.</strong></span> <span class='ocrx_word' id='word_1_357' title='bbox 1202 1170 1290 1199; x_wconf 90' lang='lat' dir='ltr'><strong>Hinc</strong></span> <span class='ocrx_word' id='word_1_358' title='bbox 1320 1168 1440 1198; x_wconf 87' lang='lat' dir='ltr'><strong>Klotzii</strong></span> <span class='ocrx_word' id='word_1_359' title='bbox 1472 1168 1566 1198; x_wconf 87' lang='lat' dir='ltr'><strong>unice</strong></span> 
     </span>
     <span class='ocr_line' id='line_1_62' title="bbox 839 1219 1566 1260; baseline -0.003 -9"><span class='ocrx_word' id='word_1_360' title='bbox 839 1232 909 1251; x_wconf 82' lang='lat' dir='ltr'><strong>vera</strong></span> <span class='ocrx_word' id='word_1_361' title='bbox 924 1227 970 1251; x_wconf 85' lang='lat' dir='ltr'><strong>est</strong></span> <span class='ocrx_word' id='word_1_362' title='bbox 983 1221 1196 1260; x_wconf 79' lang='lat' dir='ltr'><strong>interpretatio</strong></span> <span class='ocrx_word' id='word_1_363' title='bbox 1211 1221 1250 1251; x_wconf 91' lang='lat' dir='ltr'><strong>ad</strong></span> <span class='ocrx_word' id='word_1_364' title='bbox 1267 1221 1393 1250; x_wconf 85' lang='lat' dir='ltr'><strong>Horatii</strong></span> <span class='ocrx_word' id='word_1_365' title='bbox 1415 1219 1464 1250; x_wconf 92' lang='lat' dir='ltr'><strong>od.</strong></span> <span class='ocrx_word' id='word_1_366' title='bbox 1480 1220 1500 1249; x_wconf 90' lang='lat' dir='ltr'><strong>i.</strong></span> <span class='ocrx_word' id='word_1_367' title='bbox 1520 1223 1566 1249; x_wconf 82' lang='grc'><strong>15.</strong></span> 
     </span>
     <span class='ocr_line' id='line_1_63' title="bbox 840 1271 1565 1304; baseline -0.003 -2"><span class='ocrx_word' id='word_1_368' title='bbox 840 1276 889 1303; x_wconf 90' lang='grc'><strong>15.</strong></span> <span class='ocrx_word' id='word_1_369' title='bbox 906 1282 980 1302; x_wconf 88' lang='lat' dir='ltr'><strong>nam</strong></span> <span class='ocrx_word' id='word_1_370' title='bbox 995 1274 1105 1303; x_wconf 72' lang='lat' dir='ltr'><strong>[cedere</strong></span> <span class='ocrx_word' id='word_1_371' title='bbox 1120 1274 1222 1303; x_wconf 81' lang='lat' dir='ltr'><strong>oscula</strong></span> <span class='ocrx_word' id='word_1_372' title='bbox 1250 1271 1335 1301; x_wconf 88' lang='lat' dir='ltr'><strong>idem</strong></span> <span class='ocrx_word' id='word_1_373' title='bbox 1357 1277 1404 1301; x_wconf 90' lang='lat' dir='ltr'><strong>est</strong></span> <span class='ocrx_word' id='word_1_374' title='bbox 1427 1284 1483 1304; x_wconf 68' lang='lat' dir='ltr'><strong>erm</strong></span> <span class='ocrx_word' id='word_1_375' title='bbox 1507 1273 1565 1300; x_wconf 82' lang='lat' dir='ltr'><strong>im-</strong></span> 
     </span>
     <span class='ocr_line' id='line_1_64' title="bbox 833 1321 1567 1363; baseline -0.004 -11"><span class='ocrx_word' id='word_1_376' title='bbox 833 1325 970 1363; x_wconf 76' lang='lat' dir='ltr'><strong>primere</strong></span> <span class='ocrx_word' id='word_1_377' title='bbox 994 1329 1097 1353; x_wconf 81' lang='lat' dir='ltr'><strong>notam</strong></span> <span class='ocrx_word' id='word_1_378' title='bbox 1125 1324 1220 1353; x_wconf 79' lang='lat' dir='ltr'><strong>labris</strong></span> <span class='ocrx_word' id='word_1_379' title='bbox 1245 1324 1349 1353; x_wconf 82' lang='lat' dir='ltr'><strong>dente:</strong></span> <span class='ocrx_word' id='word_1_380' title='bbox 1383 1321 1526 1362; x_wconf 86' lang='lat' dir='ltr'><strong>quamvis</strong></span> <span class='ocrx_word' id='word_1_381' title='bbox 1547 1331 1567 1350; x_wconf 88' lang='lat' dir='ltr'><strong>a</strong></span> 
     </span>
     <span class='ocr_line' id='line_1_65' title="bbox 838 1371 1565 1415; baseline -0.004 -11"><span class='ocrx_word' id='word_1_382' title='bbox 838 1385 889 1404; x_wconf 90' lang='lat' dir='ltr'><strong>me</strong></span> <span class='ocrx_word' id='word_1_383' title='bbox 904 1374 1037 1415; x_wconf 88' lang='lat' dir='ltr'><strong>gratiam</strong></span> <span class='ocrx_word' id='word_1_384' title='bbox 1053 1374 1156 1412; x_wconf 83' lang='lat' dir='ltr'><strong>iniret,</strong></span> <span class='ocrx_word' id='word_1_385' title='bbox 1183 1373 1238 1414; x_wconf 90' lang='lat' dir='ltr'><strong>qui</strong></span> <span class='ocrx_word' id='word_1_386' title='bbox 1254 1373 1382 1413; x_wconf 87' lang='lat' dir='ltr'><strong>pulchre</strong></span> <span class='ocrx_word' id='word_1_387' title='bbox 1397 1372 1513 1402; x_wconf 88' lang='lat' dir='ltr'><strong>valeret</strong></span> <span class='ocrx_word' id='word_1_388' title='bbox 1528 1371 1565 1401; x_wconf 93' lang='lat' dir='ltr'><strong>il-</strong></span> 
     </span>
     <span class='ocr_line' id='line_1_66' title="bbox 837 1425 1363 1466; baseline -0.006 -9"><span class='ocrx_word' id='word_1_389' title='bbox 837 1426 894 1457; x_wconf 92' lang='lat' dir='ltr'><strong>lud</strong></span> <span class='ocrx_word' id='word_1_390' title='bbox 909 1427 1067 1466; x_wconf 88' lang='lat' dir='ltr'><strong>epitheton</strong></span> <span class='ocrx_word' id='word_1_391' title='bbox 1084 1425 1192 1466; x_wconf 63' lang='lat' dir='ltr'><strong>quintii</strong></span> <span class='ocrx_word' id='word_1_392' title='bbox 1209 1425 1363 1465; x_wconf 79' lang='lat' dir='ltr'><strong>expedire.</strong></span> 
     </span>
    </p>
   </div>
   <div class='ocr_carea' id='block_1_15' title="bbox 836 1484 1565 1630">
    <p class='ocr_par' dir='ltr' id='par_1_15' title="bbox 836 1484 1565 1630">
     <span class='ocr_line' id='line_1_67' title="bbox 879 1484 1565 1518; baseline -0.004 0"><span class='ocrx_word' id='word_1_393' title='bbox 879 1489 954 1518; x_wconf 91' lang='lat' dir='ltr'><strong>Ver.</strong></span> <span class='ocrx_word' id='word_1_394' title='bbox 973 1491 1063 1518; x_wconf 82' lang='grc'><strong>1165.</strong></span> <span class='ocrx_word' id='word_1_395' title='bbox 1075 1489 1118 1518; x_wconf 82' lang='lat' dir='ltr'><strong>si:</strong></span> <span class='ocrx_word' id='word_1_396' title='bbox 1146 1487 1184 1517; x_wconf 89' lang='lat' dir='ltr'><strong>P.</strong></span> <span class='ocrx_word' id='word_1_397' title='bbox 1201 1486 1240 1516; x_wconf 87' lang='lat' dir='ltr'><strong>V.</strong></span> <span class='ocrx_word' id='word_1_398' title='bbox 1257 1485 1304 1516; x_wconf 86' lang='lat' dir='ltr'><strong>ed.</strong></span> <span class='ocrx_word' id='word_1_399' title='bbox 1317 1486 1355 1516; x_wconf 91' lang='lat' dir='ltr'><strong>B.</strong></span> <span class='ocrx_word' id='word_1_400' title='bbox 1374 1484 1413 1515; x_wconf 94' lang='lat' dir='ltr'><strong>O.</strong></span> <span class='ocrx_word' id='word_1_401' title='bbox 1426 1490 1460 1515; x_wconf 83' lang='lat' dir='ltr'><strong>A.</strong></span> <span class='ocrx_word' id='word_1_402' title='bbox 1473 1489 1507 1515; x_wconf 72' lang='grc' dir='ltr'><strong>Σ.</strong></span> <span class='ocrx_word' id='word_1_403' title='bbox 1522 1491 1565 1515; x_wconf 86' lang='grc' dir='ltr'><strong>Ω.</strong></span> 
     </span>
     <span class='ocr_line' id='line_1_68' title="bbox 836 1536 1564 1577; baseline -0.005 -7"><span class='ocrx_word' id='word_1_404' title='bbox 836 1542 953 1570; x_wconf 54' lang='lat' dir='ltr'><strong>iza—si</strong></span> <span class='ocrx_word' id='word_1_405' title='bbox 967 1542 1084 1570; x_wconf 82' lang='lat' dir='ltr'><strong>dicere:</strong></span> <span class='ocrx_word' id='word_1_406' title='bbox 1108 1545 1147 1569; x_wconf 85' lang='grc' dir='ltr'><strong>Π.</strong></span> <span class='ocrx_word' id='word_1_407' title='bbox 1164 1540 1290 1569; x_wconf 76' lang='lat' dir='ltr'><strong>edicere.</strong></span> <span class='ocrx_word' id='word_1_408' title='bbox 1328 1538 1422 1567; x_wconf 85' lang='lat' dir='ltr'><strong>Latet</strong></span> <span class='ocrx_word' id='word_1_409' title='bbox 1436 1536 1564 1577; x_wconf 89' lang='lat' dir='ltr'><strong>aliquid.</strong></span> 
     </span>
     <span class='ocr_line' id='line_1_69' title="bbox 842 1591 1199 1630; baseline -0.008 -8"><span class='ocrx_word' id='word_1_410' title='bbox 842 1591 1092 1622; x_wconf 87' lang='lat' dir='ltr'><strong>Rescribendum</strong></span> <span class='ocrx_word' id='word_1_411' title='bbox 1109 1595 1199 1630; x_wconf 88' lang='lat' dir='ltr'><strong>puto:</strong></span> 
     </span>
    </p>
   </div>
   <div class='ocr_carea' id='block_1_16' title="bbox 836 1669 1569 2278">
    <p class='ocr_par' dir='ltr' id='par_1_16' title="bbox 871 1669 1568 1735">
     <span class='ocr_line' id='line_1_70' title="bbox 871 1669 1568 1703; baseline -0.001 -7"><span class='ocrx_word' id='word_1_412' title='bbox 871 1673 979 1697; x_wconf 86' lang='lat' dir='ltr'><strong>Caetera</strong></span> <span class='ocrx_word' id='word_1_413' title='bbox 990 1672 1023 1696; x_wconf 86' lang='lat' dir='ltr'><strong>de</strong></span> <span class='ocrx_word' id='word_1_414' title='bbox 1034 1678 1134 1703; x_wconf 84' lang='lat' dir='ltr'><strong>genere</strong></span> <span class='ocrx_word' id='word_1_415' title='bbox 1144 1670 1206 1700; x_wconf 88' lang='lat' dir='ltr'><strong>hoc,</strong></span> <span class='ocrx_word' id='word_1_416' title='bbox 1219 1670 1331 1702; x_wconf 87' lang='lat' dir='ltr'><strong>longum</strong></span> <span class='ocrx_word' id='word_1_417' title='bbox 1343 1673 1394 1700; x_wconf 85' lang='lat' dir='ltr'><strong>est,</strong></span> <span class='ocrx_word' id='word_1_418' title='bbox 1411 1669 1432 1694; x_wconf 87' lang='lat' dir='ltr'><strong>si</strong></span> <span class='ocrx_word' id='word_1_419' title='bbox 1443 1669 1469 1694; x_wconf 82' lang='lat' dir='ltr'><strong>id</strong></span> <span class='ocrx_word' id='word_1_420' title='bbox 1479 1670 1568 1695; x_wconf 86' lang='lat' dir='ltr'><strong>dicere</strong></span> 
     </span>
     <span class='ocr_line' id='line_1_71' title="bbox 948 1717 1039 1735; baseline -0.011 0"><span class='ocrx_word' id='word_1_421' title='bbox 948 1717 1039 1735; x_wconf 85' lang='lat' dir='ltr'><strong>coner.</strong></span> 
     </span>
    </p>

    <p class='ocr_par' dir='ltr' id='par_1_17' title="bbox 836 1773 1569 2278">
     <span class='ocr_line' id='line_1_72' title="bbox 840 1773 1569 1813; baseline -0.004 -9"><span class='ocrx_word' id='word_1_422' title='bbox 840 1773 902 1804; x_wconf 89' lang='lat' dir='ltr'><strong>Sed</strong></span> <span class='ocrx_word' id='word_1_423' title='bbox 931 1773 1016 1804; x_wconf 90' lang='lat' dir='ltr'><strong>enim</strong></span> <span class='ocrx_word' id='word_1_424' title='bbox 1046 1773 1228 1813; x_wconf 86' lang='lat' dir='ltr'><strong>priusquam</strong></span> <span class='ocrx_word' id='word_1_425' title='bbox 1258 1773 1317 1802; x_wconf 93' lang='lat' dir='ltr'><strong>hoc</strong></span> <span class='ocrx_word' id='word_1_426' title='bbox 1343 1778 1569 1813; x_wconf 87' lang='lat' dir='ltr'><strong>argumentum</strong></span> 
     </span>
     <span class='ocr_line' id='line_1_73' title="bbox 838 1823 1567 1862; baseline -0.003 -8"><span class='ocrx_word' id='word_1_427' title='bbox 838 1824 1020 1859; x_wconf 88' lang='lat' dir='ltr'><strong>dimittatur,</strong></span> <span class='ocrx_word' id='word_1_428' title='bbox 1031 1824 1122 1854; x_wconf 90' lang='lat' dir='ltr'><strong>liceat</strong></span> <span class='ocrx_word' id='word_1_429' title='bbox 1135 1823 1321 1862; x_wconf 88' lang='lat' dir='ltr'><strong>parallelum</strong></span> <span class='ocrx_word' id='word_1_430' title='bbox 1330 1823 1435 1853; x_wconf 91' lang='lat' dir='ltr'><strong>locum</strong></span> <span class='ocrx_word' id='word_1_431' title='bbox 1444 1823 1567 1858; x_wconf 85' lang='lat' dir='ltr'><strong>Stobaei,</strong></span> 
     </span>
     <span class='ocr_line' id='line_1_74' title="bbox 837 1874 1565 1914; baseline -0.003 -9"><span class='ocrx_word' id='word_1_432' title='bbox 837 1886 914 1905; x_wconf 89' lang='lat' dir='ltr'><strong>mor.</strong></span> <span class='ocrx_word' id='word_1_433' title='bbox 932 1875 986 1906; x_wconf 92' lang='lat' dir='ltr'><strong>ecl.</strong></span> <span class='ocrx_word' id='word_1_434' title='bbox 1002 1875 1033 1905; x_wconf 93' lang='lat' dir='ltr'><strong>ii.</strong></span> <span class='ocrx_word' id='word_1_435' title='bbox 1057 1885 1213 1914; x_wconf 86' lang='lat' dir='ltr'><strong>apponere</strong></span> <span class='ocrx_word' id='word_1_436' title='bbox 1231 1874 1474 1914; x_wconf 82' lang='lat' dir='ltr'><strong>castigatiorem:</strong></span> <span class='ocrx_word' id='word_1_437' title='bbox 1504 1879 1565 1904; x_wconf 73' lang='lat' dir='ltr'><strong>Ka-</strong></span> 
     </span>
     <span class='ocr_line' id='line_1_75' title="bbox 838 1928 1568 1968; baseline -0.003 -10"><span class='ocrx_word' id='word_1_438' title='bbox 838 1942 911 1962; x_wconf 68' lang='lat' dir='ltr'><em>nloel5</em></span> <span class='ocrx_word' id='word_1_439' title='bbox 928 1928 1022 1958; x_wconf 57' lang='grc' dir='ltr'><strong><em>αὐτων</em></strong></span> <span class='ocrx_word' id='word_1_440' title='bbox 1038 1935 1222 1958; x_wconf 58' lang='grc' dir='ltr'><strong>πλασόθνταλ</strong></span> <span class='ocrx_word' id='word_1_441' title='bbox 1239 1940 1307 1960; x_wconf 60' lang='grc' dir='ltr'><strong><em>’ΤΗΡΞὲ</em></strong></span> <span class='ocrx_word' id='word_1_442' title='bbox 1320 1928 1457 1968; x_wconf 63' lang='grc' dir='ltr'><strong>ῥῆματων</strong></span> <span class='ocrx_word' id='word_1_443' title='bbox 1473 1939 1568 1968; x_wconf 56' lang='grc' dir='ltr'><em>Εῧπρξ·</em></span> 
     </span>
     <span class='ocr_line' id='line_1_76' title="bbox 837 1979 1567 2019; baseline -0.003 -9"><span class='ocrx_word' id='word_1_444' title='bbox 837 1992 928 2010; x_wconf 66' lang='lat' dir='ltr'><strong>orsam·</strong></span> <span class='ocrx_word' id='word_1_445' title='bbox 947 1993 980 2010; x_wconf 70' lang='lat' dir='ltr'><em>w</em></span> <span class='ocrx_word' id='word_1_446' title='bbox 995 1992 1046 2019; x_wconf 68' lang='grc' dir='ltr'><strong>μεν</strong></span> <span class='ocrx_word' id='word_1_447' title='bbox 1069 1983 1435 2013; x_wconf 78' lang='grc' dir='ltr'><strong>ΦΙΛΟΣΚΩΜΜΑΤΟΝ,</strong></span> <span class='ocrx_word' id='word_1_448' title='bbox 1459 1979 1567 2013; x_wconf 55' lang='lat' dir='ltr'><strong>oza-aer,</strong></span> 
     </span>
     <span class='ocr_line' id='line_1_77' title="bbox 838 2031 1566 2072; baseline -0.004 -10"><span class='ocrx_word' id='word_1_449' title='bbox 838 2046 871 2062; x_wconf 72' lang='lat' dir='ltr'><strong>‘ro</strong></span> <span class='ocrx_word' id='word_1_450' title='bbox 893 2031 920 2062; x_wconf 72' lang='grc' dir='ltr'><strong>δε</strong></span> <span class='ocrx_word' id='word_1_451' title='bbox 945 2038 1126 2072; x_wconf 73' lang='grc' dir='ltr'><strong>φιλαργυρον,</strong></span> <span class='ocrx_word' id='word_1_452' title='bbox 1151 2035 1384 2067; x_wconf 79' lang='grc' dir='ltr'>ΠΡΟΜΗΘΕΣ,</span> <span class='ocrx_word' id='word_1_453' title='bbox 1408 2037 1566 2060; x_wconf 66' lang='grc' dir='ltr'><strong>αποκαλε-</strong></span> 
     </span>
     <span class='ocr_line' id='line_1_78' title="bbox 836 2082 1567 2122; baseline -0.003 -10"><span class='ocrx_word' id='word_1_454' title='bbox 836 2096 919 2122; x_wconf 70' lang='grc' dir='ltr'><strong>μενοι.</strong></span> <span class='ocrx_word' id='word_1_455' title='bbox 964 2082 1152 2121; x_wconf 81' lang='lat' dir='ltr'><strong>Evulgatur,</strong></span> <span class='ocrx_word' id='word_1_456' title='bbox 1171 2088 1384 2121; x_wconf 68' lang='grc' dir='ltr'><strong>φιλοσωματον,</strong></span> <span class='ocrx_word' id='word_1_457' title='bbox 1412 2087 1443 2110; x_wconf 88' lang='lat' dir='ltr'><strong>et</strong></span> <span class='ocrx_word' id='word_1_458' title='bbox 1459 2093 1567 2121; x_wconf 71' lang='grc' dir='ltr'>προμη-</span> 
     </span>
     <span class='ocr_line' id='line_1_79' title="bbox 837 2132 1568 2174; baseline -0.004 -9"><span class='ocrx_word' id='word_1_459' title='bbox 837 2137 904 2168; x_wconf 70' lang='grc' dir='ltr'><em>ἐευς·</em></span> <span class='ocrx_word' id='word_1_460' title='bbox 925 2144 980 2173; x_wconf 92' lang='lat' dir='ltr'><strong>pro</strong></span> <span class='ocrx_word' id='word_1_461' title='bbox 992 2144 1054 2174; x_wconf 92' lang='lat' dir='ltr'><strong>quo</strong></span> <span class='ocrx_word' id='word_1_462' title='bbox 1073 2133 1232 2163; x_wconf 89' lang='lat' dir='ltr'><strong>Gesnerus</strong></span> <span class='ocrx_word' id='word_1_463' title='bbox 1243 2132 1377 2173; x_wconf 88' lang='lat' dir='ltr'><strong>conjecit</strong></span> <span class='ocrx_word' id='word_1_464' title='bbox 1393 2134 1568 2173; x_wconf 67' lang='grc' dir='ltr'><strong>προμηθειαν.</strong></span> 
     </span>
     <span class='ocr_line' id='line_1_80' title="bbox 839 2183 1567 2222; baseline -0.003 -7"><span class='ocrx_word' id='word_1_465' title='bbox 839 2185 931 2215; x_wconf 90' lang='lat' dir='ltr'><strong>Idem</strong></span> <span class='ocrx_word' id='word_1_466' title='bbox 947 2185 1026 2214; x_wconf 83' lang='lat' dir='ltr'><strong>dixit</strong></span> <span class='ocrx_word' id='word_1_467' title='bbox 1041 2184 1182 2222; x_wconf 87' lang='lat' dir='ltr'><strong>Flaccus,</strong></span> <span class='ocrx_word' id='word_1_468' title='bbox 1209 2189 1264 2214; x_wconf 87' lang='lat' dir='ltr'><strong>sat.</strong></span> <span class='ocrx_word' id='word_1_469' title='bbox 1280 2183 1299 2214; x_wconf 92' lang='lat' dir='ltr'><strong>i.</strong></span> <span class='ocrx_word' id='word_1_470' title='bbox 1322 2187 1351 2214; x_wconf 80' lang='lat'><strong>5.</strong></span> <span class='ocrx_word' id='word_1_471' title='bbox 1369 2186 1418 2214; x_wconf 78' lang='lat'><strong>52.</strong></span> <span class='ocrx_word' id='word_1_472' title='bbox 1442 2184 1476 2213; x_wconf 89' lang='lat' dir='ltr'><strong>in</strong></span> <span class='ocrx_word' id='word_1_473' title='bbox 1497 2183 1567 2213; x_wconf 84' lang='lat' dir='ltr'><strong>loco</strong></span> 
     </span>
     <span class='ocr_line' id='line_1_81' title="bbox 837 2235 1089 2278; baseline -0.004 -11"><span class='ocrx_word' id='word_1_474' title='bbox 837 2235 1089 2278; x_wconf 82' lang='lat' dir='ltr'><strong>germanissimo:</strong></span> 
     </span>
    </p>
   </div>
   <div class='ocr_carea' id='block_1_17' title="bbox 836 2306 1546 2390">
    <p class='ocr_par' dir='ltr' id='par_1_18' title="bbox 836 2306 1546 2390">
     <span class='ocr_line' id='line_1_82' title="bbox 1125 2306 1497 2338; baseline -0.005 -5"><span class='ocrx_word' id='word_1_475' title='bbox 1125 2311 1154 2333; x_wconf 87' lang='lat' dir='ltr'><strong>at</strong></span> <span class='ocrx_word' id='word_1_476' title='bbox 1165 2311 1204 2333; x_wconf 86' lang='lat' dir='ltr'><strong>est</strong></span> <span class='ocrx_word' id='word_1_477' title='bbox 1215 2306 1403 2337; x_wconf 77' lang='lat' dir='ltr'><strong>truculentior,</strong></span> <span class='ocrx_word' id='word_1_478' title='bbox 1413 2310 1497 2338; x_wconf 83' lang='lat' dir='ltr'><strong>atque</strong></span> 
     </span>
     <span class='ocr_line' id='line_1_83' title="bbox 836 2355 1546 2390; baseline -0.004 -8"><span class='ocrx_word' id='word_1_479' title='bbox 836 2358 894 2383; x_wconf 84' lang='lat' dir='ltr'><strong>Plus</strong></span> <span class='ocrx_word' id='word_1_480' title='bbox 906 2364 986 2390; x_wconf 86' lang='lat' dir='ltr'><strong>aequo</strong></span> <span class='ocrx_word' id='word_1_481' title='bbox 1000 2361 1104 2386; x_wconf 67' lang='lat' dir='ltr'><strong>mmm,</strong></span> <span class='ocrx_word' id='word_1_482' title='bbox 1120 2360 1255 2380; x_wconf 72' lang='lat' dir='ltr'><strong>srmPLEx</strong></span> <span class='ocrx_word' id='word_1_483' title='bbox 1267 2356 1397 2386; x_wconf 77' lang='lat' dir='ltr'><strong>fortisque</strong></span> <span class='ocrx_word' id='word_1_484' title='bbox 1407 2355 1546 2380; x_wconf 84' lang='lat' dir='ltr'><strong>habeatur.</strong></span> 
     </span>
    </p>
   </div>
   <div class='ocr_carea' id='block_1_18' title="bbox 930 2321 1116 2330">
    <p class='ocr_par' dir='ltr' id='par_1_19' title="bbox 930 2321 1116 2330">
     <span class='ocr_line' id='line_1_84' title="bbox 930 2321 1116 2330; baseline 0 962"><span class='ocrx_word' id='word_1_485' title='bbox 930 2321 1116 2330; x_wconf 95' lang='lat' dir='ltr'><strong> </strong></span> 
     </span>
    </p>
   </div>
   <div class='ocr_carea' id='block_1_19' title="bbox 837 2323 927 2330">
    <p class='ocr_par' dir='ltr' id='par_1_20' title="bbox 837 2323 927 2330">
     <span class='ocr_line' id='line_1_85' title="bbox 837 2323 927 2330; baseline 0 0"><span class='ocrx_word' id='word_1_486' title='bbox 837 2323 927 2330; x_wconf 95' lang='lat' dir='ltr'><strong> </strong></span> 
     </span>
    </p>
   </div>
   <div class='ocr_carea' id='block_1_20' title="bbox 833 2427 1563 2626">
    <p class='ocr_par' dir='ltr' id='par_1_21' title="bbox 835 2427 1563 2515">
     <span class='ocr_line' id='line_1_86' title="bbox 836 2427 1563 2473; baseline -0.007 -12"><span class='ocrx_word' id='word_1_487' title='bbox 836 2432 856 2462; x_wconf 82' lang='lat' dir='ltr'><strong>i.</strong></span> <span class='ocrx_word' id='word_1_488' title='bbox 872 2442 898 2462; x_wconf 84' lang='lat' dir='ltr'><strong>e.</strong></span> <span class='ocrx_word' id='word_1_489' title='bbox 923 2434 1137 2473; x_wconf 69' lang='grc' dir='ltr'><strong>παρρησιωστης</strong></span> <span class='ocrx_word' id='word_1_490' title='bbox 1161 2440 1219 2469; x_wconf 92' lang='lat' dir='ltr'><strong>pro</strong></span> <span class='ocrx_word' id='word_1_491' title='bbox 1241 2428 1372 2459; x_wconf 82' lang='lat' dir='ltr'><strong>minime</strong></span> <span class='ocrx_word' id='word_1_492' title='bbox 1388 2427 1494 2457; x_wconf 76' lang='lat' dir='ltr'><strong>fucato</strong></span> <span class='ocrx_word' id='word_1_493' title='bbox 1508 2427 1563 2457; x_wconf 82' lang='lat' dir='ltr'><strong>ha-</strong></span> 
     </span>
     <span class='ocr_line' id='line_1_87' title="bbox 835 2486 951 2515; baseline 0 0"><span class='ocrx_word' id='word_1_494' title='bbox 835 2486 951 2515; x_wconf 82' lang='lat' dir='ltr'><strong>beatur.</strong></span> 
     </span>
    </p>

    <p class='ocr_par' dir='ltr' id='par_1_22' title="bbox 833 2539 1560 2626">
     <span class='ocr_line' id='line_1_88' title="bbox 879 2539 1560 2580; baseline -0.01 -5"><span class='ocrx_word' id='word_1_495' title='bbox 879 2544 952 2574; x_wconf 85' lang='lat' dir='ltr'><strong>Ver.</strong></span> <span class='ocrx_word' id='word_1_496' title='bbox 972 2547 1062 2575; x_wconf 79' lang='grc'><strong>1164.</strong></span> <span class='ocrx_word' id='word_1_497' title='bbox 1084 2545 1146 2573; x_wconf 76' lang='lat' dir='ltr'><strong>oris</strong></span> <span class='ocrx_word' id='word_1_498' title='bbox 1159 2544 1277 2572; x_wconf 75' lang='lat' dir='ltr'><strong>honore.</strong></span> <span class='ocrx_word' id='word_1_499' title='bbox 1304 2539 1466 2580; x_wconf 57' lang='lat' dir='ltr'><strong>Virgilius</strong></span> <span class='ocrx_word' id='word_1_500' title='bbox 1484 2539 1560 2569; x_wconf 89' lang='lat' dir='ltr'><strong>AEn.</strong></span> 
     </span>
     <span class='ocr_line' id='line_1_89' title="bbox 833 2595 940 2626; baseline 0.009 -2"><span class='ocrx_word' id='word_1_501' title='bbox 833 2595 853 2626; x_wconf 90' lang='lat' dir='ltr'><strong>i.</strong></span> <span class='ocrx_word' id='word_1_502' title='bbox 869 2598 940 2626; x_wconf 86' lang='lat'><strong>591.</strong></span> 
     </span>
    </p>
   </div>
   <div class='ocr_carea' id='block_1_21' title="bbox 1029 2664 1482 2693">
    <p class='ocr_par' dir='ltr' id='par_1_23' title="bbox 1029 2664 1482 2693">
     <span class='ocr_line' id='line_1_90' title="bbox 1029 2664 1482 2693; baseline -0.013 0"><span class='ocrx_word' id='word_1_503' title='bbox 1029 2671 1056 2693; x_wconf 86' lang='lat' dir='ltr'><strong>et</strong></span> <span class='ocrx_word' id='word_1_504' title='bbox 1067 2668 1145 2692; x_wconf 79' lang='lat' dir='ltr'><strong>laetos</strong></span> <span class='ocrx_word' id='word_1_505' title='bbox 1156 2665 1238 2691; x_wconf 83' lang='lat' dir='ltr'><strong>oculis</strong></span> <span class='ocrx_word' id='word_1_506' title='bbox 1249 2664 1361 2690; x_wconf 85' lang='lat' dir='ltr'><strong>adflarat</strong></span> <span class='ocrx_word' id='word_1_507' title='bbox 1371 2664 1482 2688; x_wconf 77' lang='lat' dir='ltr'><strong>honores.</strong></span> 
     </span>
    </p>
   </div>
   <div class='ocr_carea' id='block_1_22' title="bbox 865 2680 1019 2689">
    <p class='ocr_par' dir='ltr' id='par_1_24' title="bbox 865 2680 1019 2689">
     <span class='ocr_line' id='line_1_91' title="bbox 865 2680 1019 2689; baseline 0 0"><span class='ocrx_word' id='word_1_508' title='bbox 865 2680 1019 2689; x_wconf 95' lang='lat' dir='ltr'><strong> </strong></span> 
     </span>
    </p>
   </div>
   <div class='ocr_carea' id='block_1_23' title="bbox 837 2729 1389 2767">
    <p class='ocr_par' dir='ltr' id='par_1_25' title="bbox 837 2729 1389 2767">
     <span class='ocr_line' id='line_1_92' title="bbox 837 2729 1389 2767; baseline -0.011 -4"><span class='ocrx_word' id='word_1_509' title='bbox 837 2732 930 2763; x_wconf 91' lang='lat' dir='ltr'><strong>Idem</strong></span> <span class='ocrx_word' id='word_1_510' title='bbox 944 2736 1072 2762; x_wconf 87' lang='lat' dir='ltr'><strong>venuste</strong></span> <span class='ocrx_word' id='word_1_511' title='bbox 1087 2731 1121 2760; x_wconf 85' lang='lat' dir='ltr'><strong>in</strong></span> <span class='ocrx_word' id='word_1_512' title='bbox 1139 2729 1216 2767; x_wconf 86' lang='lat' dir='ltr'><strong>Ciri‚</strong></span> <span class='ocrx_word' id='word_1_513' title='bbox 1239 2738 1299 2758; x_wconf 79' lang='lat' dir='ltr'><strong>ver.</strong></span> <span class='ocrx_word' id='word_1_514' title='bbox 1317 2731 1389 2759; x_wconf 81' lang='lat'><strong>496.</strong></span> 
     </span>
    </p>
   </div>
   <div class='ocr_carea' id='block_1_24' title="bbox 865 2799 1545 2836">
    <p class='ocr_par' dir='ltr' id='par_1_26' title="bbox 865 2799 1545 2836">
     <span class='ocr_line' id='line_1_93' title="bbox 865 2799 1545 2836; baseline -0.01 -6"><span class='ocrx_word' id='word_1_515' title='bbox 865 2805 922 2830; x_wconf 81' lang='lat' dir='ltr'><strong>Oris</strong></span> <span class='ocrx_word' id='word_1_516' title='bbox 933 2805 1007 2829; x_wconf 83' lang='lat' dir='ltr'><strong>honos</strong></span> <span class='ocrx_word' id='word_1_517' title='bbox 1017 2804 1147 2836; x_wconf 85' lang='lat' dir='ltr'><strong>primum,</strong></span> <span class='ocrx_word' id='word_1_518' title='bbox 1164 2806 1191 2828; x_wconf 92' lang='lat' dir='ltr'><strong>et</strong></span> <span class='ocrx_word' id='word_1_519' title='bbox 1202 2801 1295 2826; x_wconf 83' lang='lat' dir='ltr'><strong>multis</strong></span> <span class='ocrx_word' id='word_1_520' title='bbox 1306 2804 1400 2833; x_wconf 84' lang='lat' dir='ltr'><strong>optata</strong></span> <span class='ocrx_word' id='word_1_521' title='bbox 1409 2799 1545 2824; x_wconf 80' lang='lat' dir='ltr'><strong>labella—.</strong></span> 
     </span>
    </p>
   </div>
   <div class='ocr_carea' id='block_1_25' title="bbox 832 2874 1563 2969">
    <p class='ocr_par' dir='ltr' id='par_1_27' title="bbox 832 2874 1563 2969">
     <span class='ocr_line' id='line_1_94' title="bbox 877 2874 1563 2910; baseline -0.01 -3"><span class='ocrx_word' id='word_1_522' title='bbox 877 2877 950 2908; x_wconf 87' lang='lat' dir='ltr'><strong>Ver.</strong></span> <span class='ocrx_word' id='word_1_523' title='bbox 968 2879 1060 2908; x_wconf 88' lang='lat'>1165.</span> <span class='ocrx_word' id='word_1_524' title='bbox 1082 2877 1142 2907; x_wconf 85' lang='lat' dir='ltr'><strong>vis:</strong></span> <span class='ocrx_word' id='word_1_525' title='bbox 1165 2874 1204 2906; x_wconf 88' lang='grc' dir='ltr'><strong>Ο.</strong></span> <span class='ocrx_word' id='word_1_526' title='bbox 1219 2885 1309 2910; x_wconf 81' lang='lat' dir='ltr'><strong>suus;</strong></span> <span class='ocrx_word' id='word_1_527' title='bbox 1329 2879 1373 2904; x_wconf 84' lang='grc' dir='ltr'><strong>Ω.</strong></span> <span class='ocrx_word' id='word_1_528' title='bbox 1388 2874 1469 2908; x_wconf 75' lang='grc' dir='ltr'><strong><em>ειιίε,·</em></strong></span> <span class='ocrx_word' id='word_1_529' title='bbox 1493 2880 1563 2909; x_wconf 80' lang='lat' dir='ltr'><strong>pos-</strong></span> 
     </span>
     <span class='ocr_line' id='line_1_95' title="bbox 832 2923 1560 2969; baseline -0.016 -6"><span class='ocrx_word' id='word_1_530' title='bbox 832 2931 931 2963; x_wconf 66' lang='lat' dir='ltr'><strong>trema</strong></span> <span class='ocrx_word' id='word_1_531' title='bbox 952 2929 1042 2961; x_wconf 68' lang='lat' dir='ltr'><strong>litera</strong></span> <span class='ocrx_word' id='word_1_532' title='bbox 1065 2927 1267 2969; x_wconf 79' lang='lat' dir='ltr'><strong>praecedentis</strong></span> <span class='ocrx_word' id='word_1_533' title='bbox 1288 2926 1435 2958; x_wconf 79' lang='lat' dir='ltr'><strong>dictionis</strong></span> <span class='ocrx_word' id='word_1_534' title='bbox 1456 2923 1560 2954; x_wconf 73' lang='lat' dir='ltr'><strong>adboe-</strong></span> 
     </span>
    </p>
   </div>
  </div>
 </body>
</html>
