1912 3292
528 248 761 296 LIBER
815 247 1166 297 TERTIUS.

1499 257 1589 298 193

296 378 400 420 Exit
418 390 525 431 saepe
543 375 652 417 foras
671 377 832 432 magnis
852 391 904 417 ex
924 376 1081 417 aedibus
1109 377 1189 427 ille,

241 451 341 492 Esse
360 450 473 491 domi
493 463 615 504 quem
635 457 857 504 pertaesum
877 458 952 500 est,
981 449 1197 505 subitoque
1216 458 1418 502 reventat3

104 526 210 566 1075
243 525 409 578 Quippe
428 523 526 563 foris
545 522 674 563 nihilo
693 523 837 564 melius
857 524 926 578 qui
947 523 1094 564 sentiat
1113 538 1210 563 esse.

245 596 402 646 Currit,
425 610 550 652 agens
569 610 759 646 mannos,
781 596 835 637 ad
854 596 990 638 villam
1009 597 1332 652 praecipitanter,

138 753 212 783 Ver.
232 755 323 783 1075.
349 753 441 783 Eaez't:
477 753 515 783 P.
537 752 637 783 Vind.
653 754 695 785 V.
717 753 764 785 ed.
789 759 822 787 Σ.

99 806 204 839 Exiit‚-
222 804 329 834 minus
342 806 436 835 bene:
463 811 571 835 contra
586 805 729 836 ordinem
744 812 824 836 tem-

95 865 208 893 porum
230 855 263 884 in
279 854 432 893 hocloco,
456 865 492 885 ac
514 854 695 887 vividiorem
710 867 823 896 reprae·

97 906 303 937 sentationem
318 907 370 936 rei.

139 957 225 988 Ibid.
251 957 401 987 Similiter
417 958 555 997 Ennius,
573 958 754 999 Iphigenia:

128 1025 277 1055 1mushuc,
293 1025 356 1050 hinc
367 1025 438 1050 illinc
449 1033 455 1049 ε
474 1032 560 1057 quum
571 1026 634 1051 illuc
645 1030 760 1051 ventum
772 1030 822 1057 est,

248 1064 286 1089 ire
296 1064 371 1089 illinc
384 1065 473 1089 lubet:

130 1106 236 1129 incerte
258 1107 329 1128 errat
349 1103 471 1134 animus3
488 1107 590 1136 praeter
610 1108 721 1137 propter
741 1105 827 1130 vitam

252 1145 362 1170 vivitur.

104 1201 219 1231 Confer
233 1211 294 1232 ver.
314 1201 567 1233 1065.-Nutrix
589 1201 630 1233 ad
646 1202 827 1243 Phaedram,

102 1252 179 1283 Eur.
197 1251 328 1291 Hippol.
345 1255 416 1282 182.

181 1325 256 1360 Δευρο
267 1335 318 1360 γαρ
331 1324 410 1356 ελθειν,
425 1335 476 1351 παν
491 1335 544 1354 arog
555 1337 580 1354 m
592 1331 639 1352 σοι·

178 1377 271 1408 Ταχοι
284 1373 305 1400 δ’
319 1384 349 1403 εις
361 1375 494 1409 &athap-⁸5
506 1384 613 1403 σπευσεις
626 1384 654 1400 το
664 1378 750 1401 παλιν·

177 1425 262 1457 Ταχυ
273 1433 325 1458 ’γα-ρ
338 1428 450 1458 comp,
461 1422 554 1449 κούδενι
567 1428 672 1457 χωρεις“

176 1470 240 1497 Ουδε
250 1469 273 1496 τ’
287 1479 386 1506 ωρεσκει
400 1479 429 1495 το
441 1479 526 1505 πωρον,
541 1479 570 1495 το
584 1468 606 1495 δ’
617 1479 679 1494 οιτον

177 1518 291 1552 ‘Dm-repom«
304 1517 368 1552 rim.-

104 1585 140 1609 ut
153 1583 258 1608 noster
271 1578 369 1608 etiam
383 1587 443 1608 ver.
461 1580 555 1609 1095.
601 1578 830 1609 ΒΕΝτιεῐυε.

104 1629 190 1660 Talis
205 1629 388 1661 describitur
405 1628 562 1659 Charinus
583 1628 638 1659 ille
652 1628 829 1666 Plautinus,

102 1681 136 1710 in
154 1681 285 1711 Mercat.
300 1680 343 1710 iii.
360 1683 389 1711 4.
408 1683 434 1710 1.

137 1754 236 1776 Sumne
257 1758 308 1783 ego
327 1751 411 1776 homo
432 1751 523 1781 miser,
543 1751 590 1782 qui
610 1757 743 1782 nusquam
764 1753 833 1778 bene

257 1797 327 1821 queo
337 1790 473 1821 quiescere
484 1791 492 1814 .’

134 1829 157 1854 sl
172 1829 245 1854 domi
257 1836 330 1859 sum,
347 1829 411 1853 foris
427 1832 466 1853 est
484 1828 604 1861 animus,
621 1829 661 1854 sin
682 1829 746 1854 soris
762 1837 833 1861 sum,

259 1869 364 1893 animus
374 1868 450 1893 dorni
460 1872 509 1894 est.

647 1916 832 1946 Lambinus.

151 1975 233 2007 Ibid.
256 1978 375 2016 magnis
389 1987 423 2007 ex·
438 1977 570 2007 aedibus:
597 1977 618 2007 i.
633 1987 660 2007 e.
683 1980 706 1995 “
723 1986 833 2017 quam-

108 2031 130 2047 “
147 2028 192 2058 vis
204 2028 327 2067 amplus
341 2028 381 2057 sit
395 2027 588 2067 exspatiandi
603 2028 702 2066 locus,
717 2033 834 2063 aestuat,

112 2083 135 2098 “
151 2079 238 2120 quasi
267 2078 486 2118 angustissima
517 2078 610 2109 cavea
638 2078 834 2109 conclusus.”

110 2131 184 2161 Hac
198 2132 399 2170 amplitudine
421 2132 536 2161 (edium
551 2130 682 2169 pulchre
697 2130 837 2160 subindi-

109 2187 198 2211 catur
211 2180 348 2221 quidam,
364 2181 512 2211 omnibus
525 2181 643 2221 opibus,
658 2191 728 2221 quae
743 2181 839 2210 vitam

110 2238 230 2272 queunt
258 2233 381 2262 beatam
412 2232 542 2268 efficere,
571 2231 838 2262 instructissimus.

115 2282 275 2322 Virgilius,
293 2283 368 2313 AEn.
385 2282 436 2312 xii.
453 2286 525 2314 475.

139 2349 220 2381 Nigra
230 2349 305 2374 velut
316 2357 422 2381 magnas
432 2349 536 2374 domini
547 2356 631 2380 quum
643 2349 737 2374 divitis
747 2350 809 2374 καὶ]

137 2381 271 2418 pervolat,
282 2391 309 2413 et
321 2388 414 2420 pennis
426 2389 479 2412 alta
490 2389 557 2413 atria
566 2389 672 2418 lustrat,
682 2388 808 2413 hirundo.

154 2445 230 2475 Ver.
249 2449 340 2476 1074.
364 2446 442 2476 Post
455 2449 545 2482 domi,
572 2446 606 2476 in
621 2452 655 2477 Δ.
675 2453 715 2477 Π.
732 2452 767 2479 Σ.
783 2458 842 2487 per

112 2495 242 2538 legitur3
267 2497 352 2527 unde
377 2504 500 2528 tantum
527 2508 591 2528 non
613 2498 842 2538 nobismetipsis

113 2548 325 2587 persuasimus
340 2549 524 2579 Lucretium
541 2550 708 2589 scripsisse:

205 2608 264 2632 Esse
276 2608 349 2633 domi
357 2612 403 2640 pes
414 2616 494 2640 quern
507 2611 596 2634 texum
608 2614 727 2634 est—:

101 2647 173 2685 ⁴hac
195 2655 282 2685 enim
304 2656 395 2686 tmesi
422 2663 527 2687 noster
552 2658 689 2689 multum
710 2659 842 2699 gaudet;

114 2707 185 2738 vide
210 2708 240 2739 ii.
264 2712 336 2740 594.
359 2709 398 2740 iv.
423 2714 494 2741 205.
519 2722 545 2742 v.
575 2715 666 2743 1267.
704 2713 843 2751 Plautus,

118 2765 206 2789 most.
221 2760 242 2790 i.
257 2763 287 2790 4.
304 2763 333 2791 5.

206 2819 248 2843 lta
258 2826 303 2844 me
314 2819 348 2843 ibi
360 2819 431 2846 male
441 2821 558 2845 convivii
569 2822 751 2854 sermonisque

208 2858 306 2882 Taerum
317 2862 424 2884 est—-

119 2924 219 2949 —cst:
245 2919 292 2950 Μ’.
318 2923 372 2958 sit,·
398 2931 482 2952 error
506 2932 620 2962 nempe
651 2935 668 2953 a
695 2922 847 2963 scriptura

1179 685 1197 697 Ν

868 755 988 796 vulgari
1013 761 1184 796 perlccsust,
1214 754 1263 785 vel
1284 761 1482 795 pertaesztmst,
1507 755 1597 786 litera

869 817 933 837 non
948 809 1027 837 bene
1048 806 1430 847 interposita—reveniat.-
1455 807 1498 836 sic
1512 807 1594 837 dilu-

869 859 937 889 cide
961 859 1082 889 codices
1106 859 1235 900 quidam
1260 859 1322 894 Pii,
1350 865 1380 888 et
1408 865 1452 889 Ω.
1477 865 1594 889 noster:

869 910 972 950 vulgo,
993 913 1113 941 revertit
1121 926 1131 946 ,·
1156 920 1193 940 ex
1209 909 1269 950 qua
1286 909 1466 940 auctoritate
1481 909 1596 947 nescio,

871 961 931 991 nisi
953 961 1037 1002 quod
1059 962 1093 991 in
1116 962 1153 992 P.
1171 962 1209 992 O.
1233 967 1423 1000 compareat:
1449 971 1524 991 nam
1538 970 1598 991 vox

872 1013 1003 1043 omnino
1017 1013 1210 1043 desideratur
1225 1013 1258 1042 in
1274 1012 1373 1043 Vind.
1391 1013 1429 1042 V.
1445 1012 1492 1042 ed.
1506 1017 1540 1042 Δ.
1558 1019 1599 1043 Π.

873 1069 904 1094 et
920 1070 953 1096 Σ.
970 1075 1092 1104 nempe,
1108 1065 1180 1105 quia
1195 1064 1392 1104 displicuerit,
1407 1064 1526 1103 opinor,
1542 1073 1600 1093 na-

871 1115 947 1145 sutis
962 1116 1087 1145 hercule
1106 1116 1239 1146 librariis
1261 1115 1443 1156 exquisitius
1464 1117 1599 1146 vocabu-

871 1167 948 1202 lum,
974 1166 1059 1207 quod
1085 1167 1231 1196 Lucretio
1246 1166 1503 1196 resuscitavimus.
1548 1166 1601 1195 De

872 1216 1064 1246 membranis
1079 1217 1116 1246 B.
1131 1216 1169 1245 L.
1187 1217 1234 1246 M.
1255 1216 1355 1245 altum
1370 1221 1416 1245 est
1430 1216 1599 1246 silentium.

873 1267 1045 1298 Undenam
1060 1277 1133 1297 vero
1147 1277 1207 1296 vox
1221 1273 1354 1298 reveritae
1382 1268 1481 1306 po'etae
1503 1267 1603 1297 nostri

872 1324 1054 1348 contextum
1070 1318 1272 1357 occupaverit,
1296 1318 1357 1348 nisi
1377 1317 1416 1347 sit
1431 1328 1449 1347 a
1464 1318 1603 1347 Lucretii

870 1380 969 1400 manu
1000 1369 1144 1409 primitus
1169 1368 1325 1409 profecta?
1358 1371 1448 1399 Vento
1473 1369 1604 1408 simplex

871 1427 938 1452 tam
964 1422 998 1452 in
1021 1421 1105 1452 Festi
1133 1421 1280 1462 reliquiis,
1306 1431 1402 1462 quam
1427 1422 1461 1450 in
1484 1427 1604 1451 vetusto

870 1473 1053 1514 glossatore,
1072 1473 1199 1514 legitur:
1228 1473 1415 1512 compositas
1429 1473 1524 1503 etiam
1539 1473 1604 1503 dic-

871 1525 971 1556 tiones
987 1529 1125 1564 advento,
1141 1533 1292 1561 convento,
1311 1531 1463 1565 proventa,
1479 1527 1603 1556 subven-

873 1583 914 1613 το,
942 1577 1063 1608 sincera
1084 1577 1240 1608 Latinitas
1261 1576 1416 1617 hodieque
1438 1582 1604 1613 conservat,

875 1634 905 1658 et
920 1629 1071 1669 agnoscit.
1117 1627 1274 1668 Denique,
1297 1627 1323 1657 si
1339 1633 1462 1667 reputes
1477 1638 1544 1657 rem
1559 1633 1606 1657 at-

875 1679 999 1715 tentius,
1022 1679 1101 1709 nihil
1116 1689 1154 1709 ex
1169 1689 1241 1709 vero
1262 1678 1416 1709 similibus
1431 1678 1529 1708 tutius
1551 1679 1605 1709 ad-

876 1731 960 1761 mitti
974 1741 1063 1770 posse
1078 1731 1164 1761 haud
1180 1741 1262 1771 aegre
1276 1730 1392 1760 dixeris
1405 1729 1536 1770 hujusce
1551 1739 1604 1760 vo-

877 1781 979 1812 cabuli
996 1782 1200 1812 restitutione.

920 1834 994 1864 Ver.
1013 1837 1105 1865 1075.
1118 1833 1220 1874 foris:
1247 1834 1406 1873 n.foras.

921 1887 996 1917 Ver.
1014 1890 1107 1918 1076.
1130 1899 1275 1918 mannos:
1300 1887 1342 1918 V.
1363 1887 1410 1918 ed.
1434 1889 1466 1918 z'n
1490 1898 1602 1919 annos:

877 1948 932 1977 per
948 1948 1083 1968 errorem
1098 1938 1171 1968 satis
1192 1938 1348 1977 explicatu
1371 1937 1512 1975 facilem3
1535 1938 1607 1969 vide

877 1998 935 2019 nos
963 1988 1003 2018 ad
1032 1989 1064 2018 ii.
1095 1989 1383 2025 196.—Caeterum,
1413 1988 1546 2019 editores
1574 1989 1608 2019 in

878 2039 964 2069 hunc
986 2049 1110 2069 versum
1132 2039 1299 2069 intrudunt
1320 2042 1370 2071 hic
1392 2046 1462 2079 post
1484 2042 1605 2076 villam,-

880 2090 1086 2121 audacissime
1111 2098 1143 2121 et
1169 2091 1386 2129 insulsissime,
1406 2098 1515 2122 contra
1536 2092 1608 2122 uni-

881 2153 1000 2173 versam
1023 2143 1249 2182 exemplarium
1266 2145 1422 2174 bonorum
1443 2144 1609 2174 auctorita-

881 2200 957 2224 tem.
993 2193 1045 2223 De
1060 2193 1171 2224 eodem
1186 2194 1314 2225 homine
1330 2195 1505 2225 etiamnum
1521 2196 1611 2234 po'eta.

883 2246 1030 2286 loquitur.
1076 2247 1187 2286 Nuper
1216 2257 1254 2277 ex
1282 2247 1400 2278 aedibus
1428 2248 1545 2278 exierat
1575 2248 1608 2277 in

882 2300 1005 2337 urbem,
1020 2304 1057 2329 ut
1071 2309 1109 2329 ex
1125 2300 1240 2330 civium
1255 2310 1409 2330 concursu
1424 2301 1612 2330 levationem

883 2349 1090 2390 aegritudini8‚
1111 2356 1142 2381 et
1156 2351 1422 2381 oblectamentum
1437 2351 1547 2388 animi,
1562 2351 1611 2380 in-

883 2400 1014 2431 veniret:
1047 2411 1132 2431 nunc
1158 2407 1266 2432 autem
1293 2402 1378 2432 urbis
1403 2401 1612 2441 frequentiam

885 2462 958 2482 cum
973 2453 1054 2483 ruris
1069 2453 1237 2483 solitudine
1253 2460 1375 2483 mutare
1391 2453 1528 2493 fingitur.

928 2503 1002 2533 Ver.
1020 2507 1112 2535 1077.
1136 2506 1272 2535 instans:
1300 2503 1395 2533 Vind.
1411 2505 1523 2538 instas;
1546 2503 1613 2534 vice

887 2555 992 2584 instas.
1014 2554 1056 2584 V.
1072 2554 1120 2585 ed.
1136 2565 1218 2590 mox,
1235 2556 1375 2593 exemplo.

930 2607 1005 2636 Ver.
1026 2610 1115 2638 1078.
1137 2610 1237 2647 tetigit
1259 2610 1370 2639 ἷὶηιὶηα
1391 2609 1479 2639 villae.

889 2657 1094 2694 Mantuanus,
1111 2658 1151 2688 ad
1169 2659 1244 2689 AEn.
1260 2659 1298 2689 vi.
1316 2662 1387 2690 829.

1525 2609 1613 2639 Hinc

904 2724 962 2748 Heu
973 2724 978 2747 !
999 2727 1132 2754 quantum
1143 2725 1214 2749 inter
1223 2732 1251 2750 se
1262 2726 1374 2756 bellurn,
1384 2726 1406 2750 si
1415 2726 1505 2751 limina
1516 2727 1582 2751 vita:

904 2762 1058 2795 Adtigcrint,
1070 2768 1183 2795 quantas
1194 2765 1272 2796 acies,
1282 2769 1464 2798 stragemque,
1476 2767 1600 2791 ciebunt!

890 2821 941 2852 Sic
955 2821 1124 2862 legendum
1142 2833 1208 2854 esse
1223 2834 1280 2854 nos
1294 2824 1431 2854 diximus
1442 2823 1482 2854 ad
1496 2824 1613 2855 locum:

889 2872 958 2903 vide
967 2873 1063 2904 etiam
1071 2884 1172 2914 supra,
1184 2885 1245 2906 ver.
1258 2879 1331 2906 681.
1354 2875 1474 2916 Vulgo,
1484 2877 1601 2906 lamina

890 2933 944 2964 per
961 2924 1194 2956 usitatissimam
1217 2927 1449 2963 aberrationem,
1473 2926 1614 2966 aliquan-
