1912 3292
530 240 762 290 LIBER
811 237 1160 287 TERTIUS.

1493 246 1580 288 169

236 376 324 417 Nec
343 373 525 430 praebere
545 371 682 412 cibum
701 369 871 426 proprio
891 369 943 410 de
963 374 1136 424 corpore
1150 374 1326 424 semper.

96 454 202 490 1005
236 450 319 492 Sed
339 448 483 503 Tityos
502 445 621 501 nobis
640 444 744 485 hicc'
765 452 840 495 est,
861 444 906 484 in
925 458 1066 485 amore
1079 444 1285 498 jacentem

234 523 369 572 Quem
389 519 571 561 volucres
590 519 784 569 lacerant,
807 526 929 574 atque
950 525 1062 559 exest
1082 518 1229 559 anxius
1249 531 1393 574 angor:

133 676 204 706 Ver.
221 679 312 706 1005.
336 677 411 706 ZVon
422 677 549 715 poterit,
578 689 613 706 εκ
638 689 672 706 αν
689 675 814 708 &vum-au·

88 727 248 768 hypothesi
262 726 343 756 factzi
361 727 477 757 scilicet
491 727 524 756 in
543 727 679 756 versibus
694 726 816 756 duobus

84 778 347 819 praecedentibus:
373 785 455 809 recte
469 779 565 819 igitur
579 778 631 808 hie
644 781 768 818 poterit,
784 785 815 808 et

87 835 170 860 recte
198 840 262 860 non
292 830 398 860 minus
426 829 521 860 etiam
541 836 667 869 possunt
694 829 729 859 in
755 839 814 860 ver.

89 884 162 912 999.
188 880 252 911 Hae
267 890 340 911 vero
354 881 556 920 proprietates
574 887 666 921 atque
689 880 814 921 elegan-

87 932 138 962 tiae
163 943 227 963 non
261 938 334 962 sunt
363 932 533 963 editoribus
562 938 729 972 perceptae;
762 933 815 973 qui

85 983 216 1022 proinde
226 983 330 1014 locum
343 983 540 1014 inscitissime
555 984 813 1023 interpunxerint.

130 1034 211 1065 Ibid.
228 1037 342 1074 poterit
367 1035 505 1076 perferre
533 1036 672 1065 dolorem.
704 1034 812 1075 Virgi-

83 1084 162 1124 ]ius,
179 1086 253 1116 AEn.
270 1087 311 1116 ix.
328 1089 399 1117 426.
421 1085 575 1116 similiter:

407 1168 456 1186 nec
468 1168 495 1186 se
506 1161 592 1186 celare
604 1162 719 1187 tenebris

119 1201 252 1233 Amplius,
263 1204 311 1225 aut
321 1204 430 1225 tantum
443 1200 523 1232 potuit
531 1201 643 1233 perferre
654 1201 770 1225 dolorem.

132 1272 206 1303 Ver.
227 1276 316 1304 1005.
339 1273 416 1304 Izicc’
433 1279 492 1303 est:
511 1273 554 1303 V.
573 1273 619 1303 ed.
635 1275 684 1304 lzic
698 1279 744 1309 et‚·
766 1280 812 1303 Π.

81 1330 133 1354 -est
147 1325 214 1354 hic.-

130 1375 212 1406 Ibid.
239 1376 382 1414 Amator,
398 1376 509 1416 inquit,
526 1376 637 1417 Tityus
652 1383 706 1407 est.
741 1377 814 1407 Ma-

82 1426 220 1465 crobius,
233 1426 266 1457 in
282 1437 357 1457 som.
373 1427 451 1466 Scip.
468 1427 487 1458 i.
505 1431 551 1458 10.
576 1432 597 1446 ‘⁶
616 1428 722 1467 Ipsam
737 1438 814 1468 quo-

87 1480 188 1518 “vque
216 1488 380 1517 poenarum
409 1478 648 1518 descriptionem
677 1479 716 1510 de
748 1480 816 1518 ipso

88 1532 110 1548 “
129 1540 189 1560 usu
219 1530 459 1560 conversationis
484 1532 632 1560 humanae
658 1537 817 1571 sumptam

88 1583 111 1598 “
127 1580 336 1612 crediderunt:
370 1581 540 1620 vulturem,
566 1581 656 1621 jecur
684 1582 814 1614 immor-

89 1634 112 1649 “
127 1631 190 1662 tale
204 1632 402 1669 tundentem,
417 1632 498 1662 nihil
512 1632 600 1662 aliud
614 1632 746 1673 intelligi
762 1643 814 1663 vo-

88 1685 111 1700 “
125 1682 234 1727 lentes,
260 1694 355 1724 quam
371 1689 528 1714 tormenta
544 1683 637 1713 malae
653 1684 813 1714 eonscien-

86 1738 111 1754 “
127 1737 186 1773 tiae,
209 1738 343 1768 obnoxioe
373 1737 502 1778 flagitio,
528 1727 644 1769 viscera
668 1739 816 1770 interiora

90 1790 112 1805 “
127 1787 279 1824 rimantis,
307 1795 338 1818 et
364 1789 431 1828 ipsa
457 1789 564 1819 vitalia
591 1790 746 1820 indefessa
761 1791 815 1821 ad-

89 1839 215 1869 “missi
243 1840 367 1870 sceleris
403 1840 620 1871 admonitione
655 1841 817 1881 laniantis;

87 1892 111 1906 “
127 1900 308 1931 semperque
335 1882 434 1927 curas,
464 1892 490 1921 si
516 1893 706 1932 requiescere
739 1894 819 1924 forte

88 1944 110 1959 “
127 1943 321 1978 tentaverint,
348 1944 523 1981 excitantis,
554 1950 706 1984 tanquam
734 1944 819 1976 fibris

85 1994 110 2009 “
126 1993 357 2023 renascentibus
372 1994 562 2031 inhaerendo,
588 2005 646 2025 nec
673 1995 738 2026 ulla
759 1996 816 2026 sibi

87 2046 109 2062 “
125 2044 322 2075 miseratione
337 2046 520 2084 parcentis.’‘
564 2047 747 2077 Lambinus.

88 2096 140 2127 Sic
154 2103 260 2128 autem
270 2097 440 2139 legendum
453 2099 595 2136 dixerim,
611 2111 667 2140 pro
681 2102 816 2133 obnoxia·

130 2148 212 2180 Ibid.
235 2150 437 2189 Euphorbius
456 2151 496 2181 de
511 2152 622 2182 Lz'vore
632 2166 642 2182 .·

313 2236 444 2268 Tityique
455 2237 558 2266 vultur,
572 2237 644 2262 intus

151 2274 203 2305 Qui
215 2282 321 2307 semper
331 2276 441 2307 lacerat,
455 2281 622 2308 comestque‚
633 2281 765 2302 mentem.

591 2318 815 2350 anumus.

93 2401 184 2432 Idem
201 2410 402 2442 occupaverat
419 2415 524 2436 versus
539 2406 756 2444 Petronianos,
771 2409 819 2439 his

91 2454 287 2485 Lucretianis
309 2455 498 2488 illustrandis
522 2469 673 2498 perquam
694 2461 815 2500 apposi-

93 2512 155 2538 tos:

184 2585 236 2609 Cui
248 2586 340 2611 vultur
348 2588 424 2618 jecur
434 2588 562 2614 ultimum
573 2593 703 2622 pererrat,

185 2626 218 2649 Et
228 2630 322 2657 pectus
333 2628 426 2658 trahit,
435 2629 598 2662 intimasque
607 2630 685 2656 fibras
691 2640 701 2662 3

183 2666 243 2689 Non
255 2669 305 2695 est,
316 2673 398 2697 quem
409 2668 489 2700 Tityi
500 2673 599 2694 vocant
612 2670 714 2702 poetae,

184 2707 235 2732 Sed
245 2707 332 2732 cordis
342 2709 422 2740 mala,
434 2711 526 2741 Livor,
537 2715 619 2743 atque
629 2714 740 2738 Luctus.

96 2777 138 2808 In
162 2779 264 2818 primo
286 2792 381 2813 ¹versu
411 2785 607 2825 conjeceram
635 2786 816 2827 legendum,

88 2836 236 2867 penetrat,
251 2833 316 2864 vice
326 2843 484 2874 pererrat,·
508 2837 527 2867 i.
544 2848 569 2867 e.
589 2839 650 2869 init
664 2838 816 2877 Lucretii,

95 2877 161 2910 δυνει
190 2881 364 2916 Maeonidis:
410 2893 440 2917 et
470 2888 513 2918 ita
542 2889 626 2927 prior
655 2889 814 2920 Bartths.

96 2934 207 2967 'Trahit
233 2944 346 2978 autem,
371 2943 487 2973 lacerat
494 2959 504 2979 ;
529 2949 565 2973 ut
591 2943 687 2974 modo
704 2950 815 2980 noster,

776 3005 849 3036 M2

858 685 918 705 ver.
936 678 1006 706 902.
1032 676 1054 692 “
1069 683 1175 703 morsu
1191 672 1328 703 ferarum
1344 674 1474 703 tractari
1481 674 1510 703 .·”
1531 674 1585 704 ubi

857 736 909 756 me
923 725 1034 756 videas.

902 776 984 807 Ibid.
1010 779 1042 807 in
1066 787 1168 807 amore
1183 775 1358 816 jacentem:
1383 776 1405 806 i.
1422 786 1448 806 e.
1469 778 1585 807 cuban-

858 833 930 865 tem,
952 828 1039 869 quasi
1054 833 1274 869 aegrotantem;
1296 829 1478 868 βεξλκμενον,
1501 835 1538 859 ut
1553 829 1587 858 in

858 890 892 910 re
922 880 1015 910 simili
1042 879 1217 920 loquuntur
1250 878 1354 909 Graeci
1382 879 1506 918 passim.
1552 880 1584 910 S.

860 931 1043 971 IMatthaeus,
1069 930 1132 960 viii.
1149 933 1200 960 14.
1230 935 1285 960 Koet
1309 932 1393 960 ελέων
1416 931 1429 960 ὅ
1452 937 1534 965 Ιησυς
1551 945 1586 966 εις

861 995 912 1015 ’νην
942 996 1028 1013 mmm
1059 988 1157 1023 Πετρε
1191 980 1238 1011 ειδε
1270 994 1322 1014 ‘rm
1356 984 1483 1024 πενθεραν
1511 995 1589 1014 αυτ-8

861 1039 1118 1064 BEBAHMENHN
1142 1047 1192 1063 και
1220 1045 1411 1075 “ruptae-wau:
1448 1033 1468 1064 i.
1492 1045 1520 1065 e.
1541 1033 1587 1066 δια

858 1099 964 1127 wopan-8
990 1099 1036 1117 tm
1067 1100 1118 1120 τῆς
1142 1094 1240 1121 κλινης
1257 1088 1444 1127 βεὲλημενην,
1471 1087 1496 1117 si
1520 1087 1587 1127 ple-

855 1148 931 1167 nam
947 1139 1119 1169 orationem
1134 1137 1190 1167 tibi
1205 1144 1456 1176 repraesentatam
1471 1140 1588 1179 cupias.

857 1190 1011 1226 ——Porro,
1037 1200 1094 1229 pro
1114 1191 1205 1225 Quem
1228 1194 1266 1219 ·et
1290 1196 1379 1227 est-est,
1408 1197 1448 1221 n.
1479 1193 1543 1225 Que
1557 1198 1589 1222 et

857 1244 925 1271 emit.
1277 1246 1282 1250 “

902 1301 976 1332 Ver.
990 1304 1079 1332 1006.
1103 1301 1188 1332 Mihi
1199 1306 1321 1332 certum
1335 1307 1381 1332 est
1395 1301 1426 1331 in
1442 1302 1588 1334 omnium

858 1352 1039 1383 certissimis
1069 1366 1102 1384 n
1132 1354 1276 1391 volucres,
1314 1352 1334 1383 i.
1356 1363 1382 1383 e.
1412 1364 1492 1392 aves,
1523 1364 1590 1384 esse

859 1404 1149 1442 mendosissimum
1186 1414 1289 1445 neque
1326 1403 1412 1434 enim
1443 1404 1484 1434 de
1520 1404 1591 1444 plus

858 1467 936 1495 uno,
963 1467 1077 1496 nempe
1103 1456 1191 1497 Tityi
1213 1458 1341 1492 vulture,
1365 1467 1450 1486 nunc
1470 1456 1590 1498 agitur3

859 1518 974 1549 neque,
1001 1508 1027 1538 si
1049 1513 1172 1548 agatur,
1197 1507 1231 1537 in
1246 1506 1361 1537 fabulae
1382 1507 1591 1547 interpretati-

859 1569 920 1589 one
935 1558 1013 1589 illud
1029 1561 1162 1591 volucres
1183 1558 1217 1588 in
1235 1569 1329 1589 sensu
1344 1559 1469 1598 proprio
1485 1558 1591 1590 locum

858 1610 971 1649 poterit
986 1611 1109 1641 habere.
1156 1610 1232 1648 His,
1259 1610 1320 1640 nisi
1339 1610 1428 1640 valde
1443 1610 1590 1648 fallimur,

859 1661 987 1692 lectores
1002 1662 1140 1692 universi
1155 1660 1275 1692 dabunt
1289 1672 1414 1700 manus,
1437 1662 1508 1693 luce
1523 1673 1590 1693 me-

858 1713 980 1744 ridiana
995 1713 1187 1744 clarioribus.
1236 1713 1372 1752 Scilicet,
1388 1724 1440 1744 me
1455 1715 1590 1753 suspicio

859 1765 994 1802 incessit,
1011 1765 1139 1795 inanem
1154 1765 1247 1795 illum
1261 1765 1301 1796 de
1315 1771 1417 1796 metro
1431 1765 1591 1797 laborante

862 1816 946 1858 (vide
962 1816 1001 1846 ad
1016 1816 1048 1847 ii.
1065 1816 1152 1857 410.)
1173 1822 1306 1854 metum,
1329 1816 1383 1857 qui
1399 1821 1430 1846 et
1443 1817 1520 1846 alias
1534 1828 1590 1848 sae-

861 1868 998 1907 pissime,
1014 1868 1065 1897 hic
1081 1868 1175 1897 etiam
1190 1867 1332 1898 librarios
1350 1867 1388 1898 ad
1405 1868 1592 1907 scripturam

863 1918 952 1949 codd.
967 1918 1152 1949 mutandam
1165 1918 1334 1958 impulisse,
1355 1925 1386 1949 et
1405 1919 1521 1950 Carum
1536 1920 1590 1951 de-

862 1970 942 2000 disse
957 1970 1116 2009 primitus:

861 2044 948 2075 Quem
958 2043 1072 2067 volucris
1083 2043 1188 2073 lacerat,
1197 2046 1279 2075 atque
1288 2047 1376 2074 exest,
1386 2044 1483 2069 anxius
1494 2051 1587 2077 angor.

859 2115 935 2146 Jam
958 2125 1031 2145 vero
1048 2128 1106 2149 erm
1132 2117 1262 2146 volucris
1284 2126 1392 2155 angor,
1419 2116 1451 2145 in
1477 2117 1589 2157 quibus

860 2167 1041 2197 suavissima
1066 2166 1108 2197 ad
1135 2169 1284 2198 vulturem
1314 2167 1433 2203 allusio,
1464 2168 1589 2208 qualem

859 2219 983 2250 deamat
1010 2220 1187 2258 Lucretius,
1227 2220 1309 2262 (redi
1338 2220 1378 2251 ad
1407 2231 1467 2251 ver.
1495 2223 1587 2262 996.)

860 2273 1046 2309 continetur,
1063 2272 1143 2302 nihil
1159 2273 1366 2312 opportunius
1388 2278 1443 2303 aut
1462 2273 1589 2314 elegan-

859 2325 922 2355 tius
936 2325 1013 2366 fingi
1037 2331 1144 2365 potest.
1190 2326 1236 2356 Ut
1255 2328 1386 2356 volucris
1402 2332 1516 2358 autem,
1541 2325 1590 2356 vei

859 2379 950 2413 velox,
973 2383 1088 2416 noster,
1119 2378 1162 2408 sic
1191 2378 1294 2408 Graeci
1316 2377 1417 2408 solent
1439 2377 1585 2407 adhibere

863 2430 976 2471 λαξρσς,
1009 2432 1163 2472 λαιψηρος,
1194 2436 1225 2460 ct
1249 2429 1378 2466 similia;
1410 2429 1449 2459 de
1476 2429 1590 2469 quibus

860 2490 918 2510 nos
933 2481 1128 2519 consulendi,
1155 2481 1195 2511 ad
1220 2481 1291 2511 Silv.
1309 2480 1385 2511 Crit.
1401 2480 1440 2509 iv.
1464 2490 1493 2518 p.
1514 2483 1587 2510 210,

860 2532 895 2560 in
910 2531 972 2562 Tit.
992 2532 1012 2562 i.
1030 2536 1078 2562 12.
1100 2538 1174 2562 tom.
1190 2542 1217 2562 v.
1249 2530 1288 2561 ad
1310 2530 1447 2560 eundem
1470 2530 1588 2568 locum,

859 2588 893 2612 et
913 2582 998 2612 notis
1016 2583 1057 2613 ad
1080 2583 1156 2614 Eur.
1176 2583 1289 2613 Alcest.
1314 2584 1386 2613 505.
1410 2581 1506 2612 Herc.
1526 2581 1586 2612 fur.

859 2637 932 2663 582.
978 2633 1028 2663 Ita
1043 2634 1206 2670 Horatius,
1224 2633 1273 2664 od.
1289 2633 1333 2663 iii.
1350 2636 1378 2662 4.
1395 2635 1445 2663 76.

1239 2725 1289 2743 nec
1303 2717 1407 2750 peredit

955 2758 1099 2790 Inpositam
1112 2758 1174 2783 celer
1185 2759 1252 2790 ignis
1264 2760 1389 2782 AEtnam:

860 2831 880 2860 i.
896 2841 921 2861 e.
937 2841 1040 2866 vorax,
1056 2840 1163 2870 rapax,
1178 2832 1316 2870 rapidus.
1341 2828 1481 2864 Ovidius
1499 2829 1586 2869 epist„

862 2881 902 2912 xi.
923 2885 993 2912 111.
1017 2887 1052 2911 ut
1066 2882 1121 2911 alii
1136 2881 1320 2921 saepissime:

1116 2955 1265 2988 rapia'arum
1276 2955 1367 2988 praeda
1377 2954 1510 2985 ferarum:
