1912 3292
30 917 108 939 num
129 908 294 940 studiosior
314 909 474 941 insecutus
495 915 551 947 est,
574 917 630 942 aut
644 911 677 942 in
699 911 758 940 hac

29 966 114 999 parte
142 960 269 991 laudem
298 962 451 1002 majorem
477 963 602 994 meruit.
648 963 756 1004 Vege-

28 1010 101 1050 tius‚
123 1018 179 1043 art.
206 1018 263 1043 vet.
289 1013 309 1043 i.
335 1017 387 1044 47.
414 1017 436 1032 “
454 1015 685 1056 Quodcumque
702 1016 756 1056 ju-

29 1066 211 1095 “mentum
230 1075 277 1095 vex
303 1065 443 1106 quilibet
469 1067 578 1097 caussa
603 1068 757 1098 inveneris

28 1117 52 1134 “
61 1118 209 1153 volutare,
248 1117 318 1148 oleo
356 1128 488 1149 manum
526 1120 755 1160 perunges—.''

29 1167 168 1202 Quidam
181 1179 212 1199 se
227 1169 399 1207 inculcant,
421 1169 546 1201 indocte
561 1177 593 1201 et
607 1171 683 1201 citra
702 1181 757 1201 ne-

28 1218 215 1249 cessitatem.

70 1269 145 1300 Vcr.
162 1274 234 1301 571.
255 1277 413 1303 tenentur:
443 1279 482 1303 1’1.
499 1280 675 1308 mot-eninm
703 1274 758 1314 qui

27 1330 114 1351 error
129 1328 176 1352 est
189 1333 207 1352 e
222 1322 284 1353 fine
298 1324 403 1354 versus
422 1325 625 1363 praecedentis
639 1325 756 1364 impor-

29 1378 120 1404 tatus,

68 1424 150 1455 Ibid.
189 1427 366 1466 Propterea,
393 1429 476 1469 quia.
521 1427 574 1458 Ita
610 1427 754 1468 Plautus,

29 1475 119 1508 Asin.
133 1477 165 1508 ii.
180 1481 211 1508 5.
226 1482 255 1509 6.

39 1558 41 1561 ’
89 1556 233 1586 Propterea,
249 1555 302 1581 huc
313 1557 375 1589 quia
386 1558 500 1583 habebas
512 1559 607 1585 iter-2

23 1617 59 1657 et
78 1611 220 1644 similiter
241 1614 315 1645 alibi
336 1626 472 1658 quoque,
497 1618 592 1649 Most.
607 1629 634 1649 v.
658 1623 686 1650 2.
701 1622 753 1650 54.

28 1663 115 1695 Poen.
129 1665 205 1705 prol.
222 1670 272 1698 62.
288 1671 340 1699 65.

69 1715 144 1747 Ver.
160 1720 234 1749 572.
256 1722 401 1752 animans
412 1724 480 1753 erit.
527 1723 602 1754 Hoc
623 1723 753 1755 Lambi-

24 1775 85 1797 nus
95 1768 293 1801 solertissime
308 1773 459 1810 protraxit
473 1783 511 1803 ex
521 1773 674 1804 librorum
690 1775 753 1805 dis-

25 1819 202 1859 crepandis,
225 1823 362 1853 animam
389 1826 474 1862 serit,
499 1825 606 1866 (fin-it,
631 1825 682 1865 Δ.)
706 1825 755 1856 vel

24 1871 166 1901 animum
174 1876 336 1904 serat—si
342 1887 353 1904 .·
374 1874 409 1905 P.
425 1875 466 1906 V.
482 1876 529 1906 ed.
545 1877 583 1906 B.
602 1876 642 1907 O.
659 1883 694 1908 A.
713 1884 754 1908 Π.

27 1926 63 1953 Σ.
97 1928 140 1953 Ω.
163 1925 226 1959 δέω
254 1924 484 1957 adhaerescente
508 1928 666 1969 sequentis
688 1929 753 1960 dic-

26 1972 121 2004 tionis
135 1973 234 2008 litera.

33 2035 36 2039 ’
70 2024 144 2055 Ver.
162 2028 232 2057 575.
257 2028 346 2059 Sese:
365 2029 414 2060 M.
430 2031 691 2071 Essa—poterit:
718 2037 753 2063 Δ.

46 2079 148 2108 utitur.

69 2127 152 2160 Ibid.
181 2130 296 2163 Sensus
317 2139 378 2164 est:
415 2137 437 2153 “
461 2134 528 2166 A'er
553 2136 611 2166 erit
632 2136 755 2178 integer

28 2182 52 2199 “
66 2181 222 2222 animalis,
245 2184 271 2215 si
300 2185 418 2225 anima,
442 2187 491 2217 vel
520 2188 655 2228 spiritus,
680 2199 754 2220 cum

28 2234 52 2250 “
66 2232 199 2273 efflatur,
222 2242 255 2266 et
277 2237 361 2268 auris
385 2238 590 2276 immiscetur,
613 2251 646 2270 se
667 2241 752 2271 cohi-

27 2286 51 2303 “
65 2285 138 2316 bere
160 2288 281 2326 poterit,
312 2289 469 2320 indivulsa
494 2302 552 2322 nec
577 2291 752 2331 dispertita3

26 2338 51 2354 “
65 2341 159 2376 atque
173 2337 269 2368 etiam
290 2350 323 2370 se
347 2340 381 2370 in
403 2351 456 2372 eos
469 2348 575 2372 motus
596 2343 753 2384 colligere,

25 2388 49 2405 ‘⁴
66 2385 101 2427 (i.
116 2397 142 2417 e.
162 2389 280 2420 moveri
295 2391 523 2433 conglobatim)
540 2403 618 2434 quos
632 2393 754 2425 dudum

25 2439 50 2454 ‘⁴
65 2436 98 2466 in
114 2447 241 2478 corpore
255 2443 522 2474 consummabat.”
550 2444 654 2475 Aliter
668 2447 753 2477 hunc

25 2499 152 2520 sensum
174 2498 279 2523 noster
302 2495 413 2526 extulit
434 2497 468 2527 in
485 2507 562 2528 verr.
585 2501 656 2529 444.
679 2502 752 2530 445.

26 2541 68 2572 ad
82 2553 178 2583 quam
192 2555 337 2576 normam
352 2547 395 2578 sic
410 2555 476 2580 erat
489 2560 579 2581 mens
593 2551 661 2592 ejus
676 2562 751 2582 con-

25 2592 179 2634 cipienda:

28 2666 129 2701 Corpus
140 2670 213 2695 enim
225 2674 307 2703 atque
318 2673 440 2700 animans
453 2674 504 2700 erit
515 2676 570 2707 aer,
585 2676 608 2702 si
616 2677 742 2704 cohibere

29 2708 59 2732 In
69 2715 95 2733 se
104 2709 231 2742 animam,
247 2715 323 2737 (ετ-ι
728 2711 730 2713 ’

27 2769 82 2801 sed
104 2771 270 2806 Lucretius
292 2777 432 2809 varietati
457 2781 608 2811 sermonis
633 2792 755 2822 semper

30 2821 141 2863 merito
160 2826 311 2864 studebat,
335 2834 428 2870 atque
450 2837 486 2861 ut
511 2833 678 2869 hominem,
700 2833 754 2864 de-

29 2871 94 2902 cuit
110 2882 284 2916 compotem
299 2881 452 2912 uberioris
467 2882 662 2924 eloquentiae.
680 2885 755 2916 Non

32 2930 96 2955 erat
116 2926 212 2968 igitur
225 2941 334 2964 caussa
354 2934 523 2973 sufficiens,
546 2947 641 2978 quare
658 2938 755 2969 Bent-

465 238 692 288 LIBER
729 233 1099 288 TERTIUS.

1474 235 1537 278 89

177 371 414 427 Propterea,
437 370 533 424 quia
551 382 638 409 non
658 366 779 408 simili
798 366 959 407 ratione
978 372 1182 406 tenentur.

141 471 144 474 ·
177 446 341 500 Corpus
360 443 469 484 enim
489 450 612 498 atque
631 442 813 482 animam
833 440 930 481 serit
949 440 1035 490 ae'r,
1057 440 1090 480 si
1110 438 1302 480 cohibere

179 520 275 561 Sese
293 518 444 567 anima,
467 525 590 572 atque
610 517 653 557 in
673 531 742 557 eos
761 514 914 570 poterit
933 513 1178 555 concludere
1195 519 1348 561 motus,

177 593 294 641 Quos
314 600 409 633 ante
428 592 472 632 in
493 592 643 642 nervis,
665 598 707 632 et
725 591 770 630 in
789 590 880 645 ipso
900 603 1090 644 corpore,
1112 587 1272 644 agebat.

62 670 142 708 575
174 665 270 715 Qua
290 680 349 716 re,
374 666 497 707 etiam
518 673 642 722 atque
661 665 801 715 etiam,
823 663 1001 704 resoluto
1021 661 1206 717 corporis
1225 660 1339 702 omni

173 740 392 797 Tegmine,
415 749 455 782 et
475 741 611 796 ejectis
631 747 750 781 extra
772 737 962 780 vitalibus
983 736 1108 786 auris,

800 907 881 938 leius
901 906 1117 948 conjecturam
1144 903 1249 942 Fabri,
1279 905 1314 933 in
1336 913 1382 940 eo,
1409 900 1477 931 vice
1497 901 1532 930 ιἰι.

800 970 859 997 eos,
883 969 941 989 suo
954 963 1073 998 puncto
1087 956 1315 996 comprobaret:
1345 963 1422 983 nam
1438 953 1534 983 Cres-

801 1011 864 1040 chii
873 1010 1033 1050 judicium
1049 1008 1150 1039 multo
1169 1006 1300 1037 minoris
1313 1005 1403 1035 facio.

804 1069 865 1099 Sed
880 1070 971 1100 heus!
991 1074 1038 1107 tu,
1049 1067 1154 1098 lector.
1178 1066 1261 1097 Haec
1275 1064 1458 1104 scripseram
1472 1062 1532 1093 sci-

801 1121 884 1159 licet,
907 1126 939 1151 et
959 1120 1028 1151 loco
1050 1129 1176 1149 movere
1190 1117 1290 1154 nolui,
1312 1126 1412 1157 quum
1426 1124 1533 1145 veram

802 1172 1029 1211 expositionem
1058 1170 1139 1201 nihil
1167 1168 1378 1207 interpellent:
1409 1166 1465 1197 sed
1493 1175 1532 1196 ex

802 1222 1042 1264 diligentissima
1075 1222 1121 1252 rei
1156 1219 1420 1258 contemplatione
1449 1223 1532 1248 certe

801 1275 928 1315 colligo,
958 1273 1201 1304 sincerissimam
1227 1282 1292 1302 esse
1317 1271 1470 1301 librorum
1493 1270 1531 1300 B.

799 1328 838 1362 L.
856 1329 904 1358 M.
922 1334 962 1359 Π.
980 1333 1017 1359 Σ.
1038 1334 1082 1358 Ω..
1106 1326 1284 1364 lectionem,
1307 1335 1403 1366 quam
1425 1324 1532 1355 curavi

761 1394 764 1396 ·
800 1378 935 1419 denique
953 1378 1177 1416 exhibendam;
1201 1388 1303 1418 neque
1323 1387 1357 1407 re
1379 1375 1452 1407 vera
1475 1375 1529 1406 de·

798 1432 893 1462 terior
921 1432 1012 1471 foret,
1035 1432 1061 1462 si
1089 1432 1294 1463 Latinitatem
1323 1436 1453 1471 spectes,
1476 1429 1530 1460 Pii

799 1485 961 1525 scriptura,
977 1487 1116 1517 animam
1131 1492 1212 1518 serat
1218 1502 1228 1522 ;
1253 1484 1308 1516 sed
1323 1495 1360 1515 ea
1373 1484 1471 1515 moris
1484 1489 1530 1514 est

797 1537 979 1567 Lucretiani
1015 1548 1080 1568 non
1108 1538 1153 1568 ita
1181 1537 1282 1568 fidelis
1310 1535 1529 1567 conservatrix.

798 1587 887 1619 Dicit
902 1594 1009 1619 autem
1023 1589 1127 1629 poeta:
1155 1591 1179 1608 “
1196 1589 1263 1620 A'elr
1277 1594 1334 1627 est,
1357 1587 1411 1629 qui
1426 1585 1528 1617 serit''

800 1639 863 1681 (vel
878 1641 996 1682 gignit;
1018 1641 1052 1671 in
1076 1651 1139 1682 quo
1154 1639 1331 1681 significatu
1353 1639 1531 1679 elegantem

798 1701 863 1721 esse
885 1697 980 1732 atque
1002 1692 1238 1722 usitatissimam
1252 1701 1361 1721 vocem
1381 1702 1459 1728 sero,
1472 1689 1531 1720 -vel

797 1756 911 1785 σπειρω,
942 1754 1037 1774 nemo
1065 1744 1179 1783 nescit)
1213 1747 1237 1762 “
1263 1754 1375 1783 corpus
1402 1748 1435 1772 et
1458 1741 1531 1772 ani-

800 1797 822 1812 “
838 1796 952 1831 mam,''
985 1796 1020 1837 (i.
1047 1805 1072 1826 e.
1103 1795 1310 1832 animantem,
1333 1804 1372 1823 ex
1397 1798 1530 1833 utroque

797 1846 1021 1886 compositum)
1057 1850 1079 1865 “
1104 1847 1130 1876 si
1156 1847 1190 1876 in
1217 1846 1287 1876 a'e're
1312 1856 1345 1875 se
1368 1844 1530 1875 continere

799 1900 822 1915 ‘⁵
837 1898 945 1936 possit,
967 1904 1060 1939 atque
1082 1900 1121 1929 ab
1143 1899 1214 1929 a'e're
1228 1897 1395 1928 cohiberi.”
1438 1895 1530 1927 Nihil

798 1947 971 1988 simplicius
1000 1956 1032 1980 et
1061 1949 1267 1987 luculentius;
1298 1955 1330 1979 et
1358 1949 1402 1978 ita
1423 1947 1529 1987 plane,

797 2000 947 2031 Lucretio
962 2008 1070 2032 tamen
1085 2002 1227 2032 multum
1246 2001 1454 2041 improbante,
1481 2000 1528 2030 A·

798 2062 972 2093 naxagoras
985 2055 1139 2090 censebat,
1162 2059 1194 2084 et
1210 2053 1323 2084 Sto'icis
1333 2052 1462 2093 quidem
1477 2052 1528 2082 vix

798 2103 898 2134 latum
916 2115 1059 2145 unguem
1075 2105 1334 2145 discrepantibus,
1359 2104 1529 2135 Plutarcho

797 2160 886 2193 teste,
907 2155 948 2186 de
959 2155 1039 2195 plac.
1061 2157 1136 2196 phil.
1152 2157 1190 2187 iv.
1205 2157 1306 2187 5.-οἶ
1319 2155 1342 2187 δ’
1358 2157 1411 2187 oeae'
1434 2156 1528 2194 Αναξ-

797 2219 889 2248 ωγορε
903 2207 1021 2249 αεροειδη
1037 2215 1138 2248 ελεγον
1155 2208 1294 2250 (ψυχὴν)
1322 2220 1353 2238 τε
1366 2220 1417 2238 και
1432 2217 1529 2246 empta·

798 2258 823 2288 oi
840 2260 975 2295 Στωϊκοι,
1000 2272 1114 2299 πνευμα
1133 2261 1245 2302 θερμον.
1290 2257 1387 2294 Quod
1400 2257 1530 2298 insuper

797 2309 1040 2340 Lambinianam
1061 2310 1290 2341 divinationem
1312 2320 1368 2349 per
1388 2319 1421 2339 se
1440 2318 1528 2348 pror-

797 2370 850 2390 sus
879 2361 1016 2400 conficit,
1050 2372 1168 2392 nomen
1184 2364 1341 2393 animans
1370 2369 1528 2401 nusquam

796 2417 858 2442 stat
871 2412 905 2442 in
920 2419 986 2444 toto
1003 2413 1077 2444 Cari
1099 2414 1249 2450 carmine,
1272 2423 1330 2453 pro
1343 2415 1461 2447 anima,
1484 2411 1528 2441 sic

795 2470 832 2494 ut
853 2465 920 2495 haec
945 2465 1040 2496 dictio
1061 2471 1171 2497 contra
1192 2477 1300 2506 corpus
1321 2464 1397 2504 poni
1412 2463 1528 2503 passim

795 2515 883 2546 solet.
928 2516 1001 2547 Nisi
1025 2516 1117 2548 fallor
1142 2517 1251 2560 igitur,
1276 2526 1344 2546 rem
1358 2514 1528 2554 prudenter

796 2566 1022 2605 administravi,
1039 2569 1284 2599 castissimorum
1299 2565 1528 2605 exemplarium

795 2619 982 2651 testimoniis
997 2623 1170 2652 obsecutus.

832 2681 908 2712 Ver.
924 2684 999 2714 574.
1024 2686 1143 2715 nervis.-
1170 2684 1206 2714 P.
1231 2685 1323 2714 venis.
1369 2681 1526 2722 Scriptum

797 2738 863 2762 erat
877 2732 1006 2764 fortasse
1019 2737 1114 2770 nevis,
1134 2744 1191 2774 per
1215 2734 1329 2765 duetus
1354 2733 1526 2765 elemento·

798 2794 870 2815 rum
886 2784 1012 2816 similes.
1057 2785 1120 2816 Sed
1141 2788 1241 2817 nervis
1261 2786 1414 2827 signatius
1435 2791 1482 2816 est
1495 2791 1527 2816 et

799 2835 985 2875 appositius:
1022 2836 1162 2868 animam
1186 2837 1397 2868 oeErcentibus
1425 2837 1526 2878 quasi,

798 2898 834 2918 ac
863 2891 1156 2930 constringentibus:
1194 2889 1298 2921 videas
1326 2895 1435 2921 autem
1465 2899 1525 2919 ver.

799 2942 871 2971 697.
887 2950 914 2970 v.
932 2943 1002 2972 926.

758 2998 825 3028 Gi?
