1912 3292
440 207 673 254 LIBER
721 203 1101 261 QUARTUS.

83 341 160 377 135
194 337 423 386 Cernimus,
455 343 496 376 et
513 334 659 375 mundi
678 333 852 388 speciem
873 331 1023 372 violare
1043 345 1246 382 serenam;

190 412 332 466 (Quae,
353 408 488 452 multis
506 407 681 448 formata
698 406 847 456 modis,
869 404 1039 446 sublime
1058 404 1260 456 feruntur,

190 485 278 525 Nec
297 483 471 538 speciem
489 489 649 522 mutare
668 495 782 521 suam
801 479 995 534 liquentia
1015 481 1187 531 cessant)

189 557 245 598 Et
265 556 488 611 quoiusque
507 555 620 596 modi
640 554 864 595 formarum
884 561 1044 594 vortere
1063 553 1106 593 in
1127 567 1233 602 oras,

44 713 202 745 taminatis
210 712 336 743 tandem
347 713 519 754 effulgebit,
535 714 661 754 poeseos
673 724 764 745 orna-

42 766 168 803 tissimae
182 765 354 805 gloriosum
367 766 538 805 specimen:

43 839 84 863 Ut
92 838 175 863 nubes
176 838 266 869 facere
276 839 424 869 interdum,
445 846 519 871 quom
535 846 639 864 crescere
649 839 678 864 in
688 839 763 865 aHom

41 877 192 907 Cernimus,
201 880 229 903 et
239 877 324 902 mundi
335 878 457 910 specimen
470 878 570 904 violare
579 886 698 904 serenam.

40 940 116 971 Jam
130 950 213 978 ver0,
240 941 266 971 si
287 941 384 980 paleae
407 941 596 973 desiderium
617 943 674 973 tibi
695 949 764 984 post

41 990 241 1032 degustatum
249 992 388 1022 triticum
404 993 531 1023 salivam
546 1000 679 1032 moveat,
694 994 762 1025 vul-

41 1048 114 1083 gata
127 1050 201 1074 sunt
214 1043 349 1084 gingivis
364 1045 426 1074 tuis
440 1046 741 1077 commanducanda:

52 1155 55 1159 ⁴
73 1125 112 1149 Ut
122 1126 205 1150 nubes
206 1125 290 1156 facile
299 1125 435 1151 interdum
447 1134 596 1151 concrescere
606 1127 632 1151 in
642 1127 692 1152 alto

71 1165 221 1196 Cernimus,
237 1169 264 1190 et
275 1166 364 1190 mundi
376 1166 477 1199 speciem
488 1167 588 1193 violare
597 1174 720 1192 serenam.

43 1236 129 1272 Quid
143 1237 268 1269 autem?
291 1248 373 1268 anne
394 1239 460 1269 haec
476 1238 676 1269 condimenta
690 1244 763 1268 sunt

42 1287 121 1317 salse
135 1293 281 1327 saporata,
305 1299 345 1318 an
360 1299 484 1327 prorsus
504 1289 693 1320 obsurdescit
706 1289 762 1319 tibi

40 1337 180 1376 palatum
208 1338 324 1369 scilicet
334 1338 499 1376 ?--P0rr0‚
535 1340 601 1370 vice
628 1340 763 1380 vulgatae

41 1388 181 1419 lectionis
194 1392 316 1426 violare,
332 1390 366 1420 in
382 1391 418 1421 P.
433 1393 558 1422 violasse
573 1391 724 1421 scribitur.

83 1439 165 1471 Ibid.
187 1444 297 1472 mundi
310 1445 433 1482 speciem
450 1445 571 1473 violare.
617 1443 764 1473 Phrasim

39 1492 303 1533 elegantissimam
339 1494 460 1525 Lucani
495 1494 582 1534 lepos
609 1494 761 1532 adhibuit,

41 1543 149 1574 Phars.
165 1544 205 1575 ix.
220 1548 292 1575 462.

218 1631 404 1660 quantumque
414 1629 476 1655 licet
487 1636 645 1662 consurgere
656 1629 744 1660 sumo,

55 1666 89 1689 Et
100 1665 201 1690 violare
207 1666 284 1697 diem,
300 1671 406 1693 tantum
419 1673 494 1694 tenet
505 1669 565 1694 acra
577 1669 671 1701 pulvis.

44 1735 237 1769 Claudianus
250 1738 344 1769 etiam
360 1749 423 1769 non
438 1740 537 1770 oculis
547 1740 644 1772 nullis
657 1742 759 1771 obser-

42 1795 174 1827 vaverat,
190 1789 224 1819 in
234 1790 341 1821 Rufin.
357 1791 376 1821 i.
391 1795 442 1822 63.
464 1792 619 1832 Loquitur
635 1793 760 1830 Alecto;

42 1845 84 1877 et,
107 1850 206 1880 quum
220 1841 364 1880 spiritum
377 1843 466 1873 valde
479 1844 646 1874 sublimem
669 1844 763 1884 spiret

42 1890 139 1928 locus,
165 1891 190 1921 si
212 1892 291 1922 meis
306 1903 324 1923 e
338 1894 490 1930 manibus,
511 1901 604 1934 prout
626 1900 672 1925 est
693 1895 762 1935 dig-

42 1942 197 1979 nissimus,
221 1944 347 1982 prodeat
362 1946 563 1983 emendatior,
578 1947 689 1987 ecquid
704 1947 763 1978 erit

39 2003 58 2022 a
73 1993 238 2026 lectoribus
251 1997 370 2027 nasutis
382 1998 522 2036 praemii?

99 2078 158 2107 Jam
171 2078 250 2109 cupio
262 2078 358 2110 Stygiis
367 2079 494 2105 invadere
503 2080 616 2105 nubibus
626 2085 706 2111 astra,

98 2118 159 2147 Jam
171 2117 236 2142 flatu
248 2119 349 2143 violare
358 2119 423 2143 diem
430 2127 442 2149 ;
459 2120 552 2145 laxare
564 2121 699 2152 profundo

101 2156 184 2181 Frena
195 2158 272 2188 mari,
289 2158 372 2190 ruptis
383 2158 478 2184 fluvios
487 2160 624 2185 inmittere
633 2161 705 2192 ripis,

100 2197 133 2220 Et
143 2203 232 2221 rerum
244 2205 351 2222 vermre
361 2198 458 2224 fidem:

42 2267 64 2297 i.
81 2278 107 2298 e.
131 2272 152 2288 “
168 2269 213 2299 ita
227 2273 373 2303 invertere
397 2272 499 2303 fidelia
514 2283 619 2303 rerum
633 2274 759 2312 foedera,

41 2321 63 2336 ‘⁴
80 2324 116 2348 ut
132 2326 204 2350 eant
228 2322 335 2352 omnia
357 2329 478 2354 naturae
499 2323 621 2364 legibus
638 2331 759 2355 contra-

39 2371 62 2387 “
77 2369 154 2400 ria.''
190 2371 308 2402 Insana
322 2379 368 2403 est
382 2374 415 2403 in
430 2375 619 2405 membranis
633 2376 762 2406 varietas

39 2420 217 2459 scripturae3
246 2434 362 2462 vexare,
387 2427 516 2464 lapsare,
544 2427 658 2462 laxare,
681 2428 761 2458 lace-

37 2483 118 2507 rare,
150 2480 257 2510 vetare,
298 2477 420 2507 turbare
457 2476 600 2518 denique.
645 2478 761 2508 Nostra

37 2521 187 2554 divinatio
220 2525 254 2555 in
291 2527 561 2566 germanissimam
593 2528 760 2559 Claudiani

36 2584 167 2606 manum
182 2577 304 2608 videtur
317 2579 474 2610 incidisse:
501 2591 653 2620 compone
669 2581 759 2622 Virg.

35 2625 91 2656 ecl.
107 2626 149 2656 ix.
168 2630 196 2659 5.
219 2639 287 2669 geo.
313 2630 333 2661 i.
360 2634 429 2662 119.
455 2642 527 2662 cum
542 2642 610 2672 ge0.
625 2632 645 2663 i.
662 2635 712 2664 65.
728 2633 759 2664 ii.

38 2681 108 2708 141.
152 2679 269 2721 Vulgo,
297 2693 419 2719 κων-6,·
443 2683 476 2713 in
491 2684 603 2725 quibus
617 2684 761 2715 dictioni-

36 2729 95 2758 bus
108 2730 338 2763 confundendis
357 2733 474 2764 librarii
490 2745 553 2766 non
568 2746 638 2766 raro
652 2746 759 2775 pecca-

37 2789 120 2810 vere:
146 2781 215 2813 vide
238 2793 302 2820 nos,
326 2785 366 2815 ad
381 2785 412 2816 ii.
432 2787 680 2826 5.-—Caeterum‚
704 2797 760 2827 pro

37 2834 154 2870 mundi,
180 2835 229 2865 vel
238 2839 312 2873 coelz',
329 2840 455 2877 speciem
472 2844 504 2868 et
518 2841 679 2879 ⁸spccirrzen,
696 2840 760 2870 usi.

37 2882 130 2916 tation-
143 2891 189 2916 est
209 2888 329 2930 phrasis
343 2891 411 2920 coeli
414 2890 537 2932 facies:
563 2891 635 2922 vide
650 2891 758 2924 Phaed.

807 713 867 743 fab.
882 712 920 742 iv.
936 715 984 742 16.
997 714 1027 742 5.
1039 709 1147 741 Aurel.
1161 710 1241 741 Vict.
1254 710 1329 751 orig.
1340 715 1422 751 gent.
1437 711 1529 741 Rom,

807 764 867 794 xiv.
882 767 910 794 5.
940 763 1086 793 Mamert.
1101 772 1211 802 paneg.
1236 762 1322 792 Max.
1340 762 1426 802 Aug.
1444 762 1484 792 vi.
1501 765 1532 792 4.

807 823 838 847 et
852 817 936 847 alios.
982 816 1043 847 Sed
1058 816 1143 846 enim
1161 815 1350 846 Ammianus
1374 814 1532 845 Marcelli-

807 878 878 906 nus,
901 867 941 898 ad
956 867 1027 897 xvii.
1045 870 1072 898 7.
1100 872 1231 906 receptae
1247 866 1386 896 Lucretii
1402 865 1533 904 scriptu-

806 931 849 950 rae
874 919 1095 959 adstipulatur:
1135 923 1156 937 “
1174 919 1283 949 Primo
1309 919 1388 948 lucis
1412 925 1532 954 exortu,

808 975 830 990 “
846 971 897 1001 die
925 981 1010 1002 nono
1036 970 1093 1001 cal.
1124 970 1364 1009 Septembrium,
1396 969 1533 999 concreti

807 1027 829 1041 “
846 1021 980 1053 nubium
995 1022 1079 1063 globi
1089 1022 1296 1062 nigrantium,
1311 1021 1414 1051 laetam
1426 1020 1533 1060 paullo

807 1079 830 1094 “
845 1080 928 1112 ante,
965 1076 1033 1105 coelz'
1069 1076 1194 1114 speciem
1226 1072 1450 1110 confuderunt3
1487 1078 1531 1110 et,

805 1129 828 1144 ‘⁶
843 1125 1011 1155 amandato
1025 1124 1098 1155 solis
1111 1124 1286 1163 splendore,
1309 1134 1367 1154 nec
1382 1123 1532 1163 contigua.

805 1179 827 1195 “
843 1176 891 1206 vel
905 1175 1043 1214 apposita
1057 1176 1274 1205 cernebantur:
1305 1174 1352 1204 ita
1366 1174 1531 1204 oculorum

807 1232 829 1247 “
844 1229 955 1258 obtutu
960 1232 1151 1266 praestructo,
1167 1226 1265 1255 humo
1273 1225 1434 1254 involutus
1448 1235 1529 1255 cras-

807 1283 828 1298 “
845 1289 886 1309 sae
899 1277 1044 1318 caliginis
1057 1277 1180 1317 squalor
1194 1276 1339 1306 insedit.”
1373 1276 1425 1306 Ita
1439 1286 1528 1315 repo-

805 1329 958 1360 nendum:
998 1328 1103 1369 vulgo,
1128 1329 1322 1367 1⁷raestrz'cto;
1346 1337 1416 1367 quae
1438 1327 1534 1357 dictio

806 1382 927 1413 nullam
950 1381 1001 1411 hic
1027 1380 1294 1420 opportunitatem
1320 1379 1425 1408 habet:
1461 1378 1534 1408 vide

807 1445 864 1465 nos
882 1434 921 1464 ad
943 1434 986 1463 iii.
1010 1436 1103 1464 1057.
1151 1433 1244 1463 Certa
1267 1437 1312 1462 est
1338 1432 1403 1461 haec
1426 1440 1533 1460 emen-

805 1487 899 1517 datio.

847 1537 922 1568 Ver.
942 1542 1010 1569 156.
1039 1537 1104 1568 Hic
1129 1546 1235 1567 versus
1259 1536 1345 1567 deest
1373 1540 1408 1566 Δ.
1436 1541 1477 1565 Π.
1501 1539 1532 1565 et

804 1592 883 1622 duos
919 1595 1081 1630 sequentes
1118 1588 1213 1618 etiam
1250 1587 1345 1618 Vind.
1376 1597 1440 1617 non
1476 1587 1533 1616 ha-

804 1645 864 1673 bet.
911 1641 992 1671 Sunt
1021 1646 1127 1670 autem
1151 1649 1208 1678 pro
1233 1637 1450 1678 parentheticis
1477 1638 1532 1666 ha-

805 1695 897 1725 bendi
906 1706 915 1731 ;
940 1692 1105 1722 simulacra
1120 1691 1266 1732 quaelibet
1281 1689 1364 1720 a'e'ria
1378 1689 1531 1729 generali-

803 1751 850 1775 ter
865 1746 1111 1785 complectentes,
1137 1755 1238 1785 neque
1261 1744 1395 1774 nubium
1417 1743 1535 1772 formas

804 1803 941 1827 tantum:
968 1807 1038 1837 quae
1062 1802 1168 1826 tamen
1194 1805 1243 1824 res
1269 1793 1402 1824 librariis
1424 1793 1530 1832 displi-

805 1850 879 1886 cuit,
895 1856 927 1880 et
941 1849 981 1880 ad
996 1849 1138 1879 ordinem
1153 1847 1299 1878 canninis
1313 1845 1532 1886 trajiciendum

806 1901 926 1931 videtur
941 1900 1114 1939 impulisse:
1135 1909 1191 1929 nos
1203 1903 1310 1929 autem
1325 1908 1406 1936 saepe
1417 1907 1531 1927 monu-

805 1953 896 1988 imus,
920 1958 950 1982 et
965 1952 1070 1982 denuo
1083 1950 1280 1981 monendum
1295 1959 1360 1979 esse
1374 1949 1530 1984 ducimus,

805 2016 840 2036 ac
869 2005 1034 2036 lectoribus
1062 2003 1171 2034 sedulo
1199 2002 1432 2039 inculcandum,
1466 2012 1529 2031 non

804 2056 911 2087 omnia
925 2055 958 2086 in
974 2055 1122 2085 Lucretio
1134 2053 1273 2093 reperiri,
1294 2052 1334 2083 ad
1357 2052 1531 2083 fastidiosos

804 2107 1081 2149 grammaticorum
1107 2106 1323 2136 delicatiorum
1348 2115 1455 2135 sensus
1477 2113 1532 2143 per

803 2170 960 2191 morosam
975 2158 1266 2190 concinnitudinem
1282 2157 1444 2187 elaborata.
1461 2156 1528 2186 No-

803 2215 850 2244 bis
864 2213 1015 2244 nimirum
1040 2223 1129 2253 aequo
1151 2212 1258 2242 animo
1280 2210 1446 2241 ferendum
1472 2215 1529 2247 est,

803 2265 828 2295 si
856 2265 918 2295 tale
946 2264 1125 2295 Latinitatis
1155 2262 1338 2304 antiquioris
1371 2261 1529 2301 specimen

803 2315 952 2356 primaeva
966 2314 1102 2355 quadam
1115 2315 1261 2355 rubigine
1275 2313 1432 2344 vetustatis
1457 2313 1529 2342 sub-

803 2368 878 2398 inde
890 2368 1030 2398 fortassis
1043 2368 1205 2405 affectatae,
1227 2377 1290 2408 quo
1305 2366 1418 2396 melius
1437 2374 1529 2395 vene-

803 2419 957 2449 rationem
971 2419 1148 2449 conciliaret
1162 2419 1227 2454 sibi,
1250 2417 1412 2448 coloretur.

848 2470 929 2501 Ibid.
951 2472 1076 2501 sublime
1079 2471 1242 2510 feruntur.
1279 2470 1378 2499 Vates
1393 2466 1528 2498 Minciu-

804 2532 876 2561 nus,
899 2522 954 2552 ecl.
969 2522 1011 2553 ix.
1027 2526 1078 2554 29.
1094 2522 1251 2552 similiter:

865 2591 1012 2616 Cantantes
1022 2590 1212 2622 sublimeferent
1223 2590 1257 2614 ad
1266 2589 1352 2614 sidera
1361 2588 1450 2620 cycni.

807 2647 895 2678 Hinc
909 2648 1029 2687 excepit
1043 2648 1263 2684 Nemesianus,
1279 2646 1333 2677 ecl.
1348 2646 1368 2677 i.
1387 2649 1434 2676 18.

982 2733 1092 2755 mecum
1102 2729 1189 2755 senior
1199 2729 1340 2754 Meliboeus
1350 2731 1498 2759 utrumque

820 2770 958 2799 Audierat,
974 2769 1118 2801 laudesque
1129 2773 1188 2794 tuas
1197 2767 1412 2800 sublinwserebat.

847 2842 921 2872 Ver.
942 2845 1010 2874 157.
1036 2842 1102 2873 Hic
1118 2848 1149 2873 et
1163 2851 1294 2883 sequens
1307 2851 1413 2871 versus
1434 2839 1529 2870 collo-

804 2898 915 2924 cantur
929 2902 997 2931 post
1013 2904 1074 2924 ver.
1102 2897 1168 2924 143.
1194 2894 1224 2923 in
1242 2893 1279 2923 P.
1297 2893 1336 2922 0.
1353 2898 1389 2922 Δ.
1408 2896 1441 2922 Σ.
1465 2897 1530 2920 nou
