1912 3292
334 209 432 250 402

850 204 911 254 T.
953 203 1334 255 LUCRETII

480 333 662 386 Gaudia,
682 334 854 378 solicitat
873 337 1050 393 spatium
1070 336 1291 379 decurrere
1310 336 1475 378 amoris.

341 410 450 448 1190
481 407 571 450 Nec
590 409 750 452 ratione
769 409 845 452 alifi
865 410 1065 461 volucres,
1087 419 1288 461 armenta,
1310 409 1505 466 feraeque,

480 480 538 523 Et
556 483 748 538 pecudes,
769 493 811 527 et
828 500 961 542 equae,
990 485 1172 527 maribus
1193 484 1401 527 subsidere
1420 491 1602 540 possent,

480 556 525 598 Si
544 571 646 608 non,
666 558 755 614 ipsa
774 559 885 615 quod
905 559 1067 600 illorum
1087 560 1221 609 subat,
1249 559 1366 600 ardet
1385 559 1602 601 abundans

375 711 459 742 Ibid.
485 718 565 742 tenet
591 713 727 742 adsuctis
751 714 932 743 humectans
957 714 1059 743 oscula

330 764 434 794 labris.
478 762 602 792 Vividis
617 761 771 792 coloribus
792 762 981 799 mehercule,
1005 773 1060 794 ne-

331 823 393 855 que
407 812 447 843 ad
472 819 601 854 gustum
615 813 752 843 hominis
769 814 827 844 hac
843 814 984 853 palaestrii
1010 815 1059 845 in.

330 864 502 902 exercitati,
532 874 607 900 rem,
633 874 729 905 quam
755 865 925 904 proscribit,
955 865 1059 905 depic-

331 920 398 945 tam
412 926 478 947 oese
501 922 617 955 nostro,
640 916 823 948 fatebuntur
841 927 952 948 omnes
967 918 1059 949 Divae

330 968 424 999 sacris
438 968 563 1000 initiati.
591 969 740 1000 Similiter
754 969 912 1008 Tibullus,
922 969 941 1001 i.
958 975 986 1001 8.
1001 973 1054 1003 57.

356 1042 392 1067 Et
403 1042 467 1067 dare
477 1042 614 1067 anhelatim
625 1043 806 1075 pugnantibus
816 1043 921 1068 humida
931 1043 1008 1068 labris

388 1082 492 1112 Oscula,
507 1086 534 1108 et
545 1083 572 1107 in
583 1083 652 1109 collo
664 1083 746 1115 figere
756 1084 839 1109 dente
850 1088 936 1109 notas.

329 1153 382 1185 Sic
409 1155 542 1185 omnino
567 1155 766 1186 scribendum
791 1164 830 1185 ex
855 1155 956 1186 libris:
986 1155 1056 1187 vide

327 1214 380 1235 me
394 1205 433 1236 ad
449 1205 468 1236 i.
484 1209 536 1238 45.
573 1205 692 1247 Vulgo,
710 1207 878 1237 anhelanti.
923 1207 1056 1247 Reposi-

326 1256 381 1287 ani
405 1257 570 1298 cujusdam
596 1268 734 1297 carmen,
765 1257 799 1288 in
826 1259 956 1289 Anthol.
984 1259 1055 1291 Lat.

326 1307 439 1339 Burm.
454 1308 473 1339 i.
491 1311 543 1340 72.
569 1313 621 1340 20.
646 1309 711 1340 leni
732 1309 889 1341 medicina
910 1309 1056 1351 adjutum

327 1358 422 1390 dabo:

328 1432 380 1463 lte,
391 1439 496 1465 precor,
515 1434 616 1458 Musae!
637 1434 704 1459 dum
715 1435 796 1466 Mars,
812 1435 879 1459 dum
896 1434 993 1460 blanda
1004 1435 1056 1467 Cy-

421 1474 510 1504 there,

328 1512 392 1537 lmis
402 1513 485 1538 ducta
495 1514 607 1539 trahunt
618 1515 727 1546 suspiria
739 1515 832 1540 crebra
842 1511 981 1546 medullis3

325 1554 455 1584 Dumque
465 1553 620 1579 intermixti
630 1559 756 1586 captatur
766 1556 872 1587 spiritus
882 1556 950 1586 oris3

326 1593 454 1618 Carmine
464 1593 605 1627 dulciloquo
617 1595 730 1620 vulcani
740 1595 829 1619 vincla
839 1599 941 1627 parate.

325 1655 427 1696 Libri,
463 1659 632 1697 doctiloquo
639 1673 649 1692 ;
687 1657 794 1687 minus
829 1657 984 1696 apposite:
1027 1663 1058 1687 et

325 1708 472 1739 consulas
495 1707 778 1738 animadversiones
803 1717 889 1738 meas
911 1707 945 1738 in
962 1708 1055 1739 Bion.

326 1758 412 1800 idyu.
430 1759 449 1790 i.
466 1762 516 1790 44.
552 1758 703 1790 Similiter
717 1759 802 1790 idem
817 1759 956 1799 scriptor,
981 1759 1056 1790 ibid.

326 1819 391 1842 ver.
412 1813 481 1842 107.

613 1884 697 1908 Proh!
717 1887 809 1909 sancte
820 1884 937 1916 Cupido,

324 1924 395 1955 Quas
406 1922 514 1947 blandas
525 1930 617 1954 voces,
627 1929 690 1955 quae
703 1926 769 1948 tunc
779 1923 816 1948 ibi
827 1931 978 1955 murmura,
993 1924 1055 1949 sun·

420 1965 506 1989 dunt!
994 1965 997 1968 ’

323 2003 420 2028 Oscula
430 2003 574 2035 permixtis
585 2010 647 2035 qua:
659 2008 726 2029 tunc
738 2004 824 2030 fixere
834 2004 950 2030 labellis!

324 2043 415 2074 Quam
426 2043 494 2068 bene
504 2043 632 2068 consertis
643 2043 782 2068 haeserunt
793 2044 903 2068 artubus
913 2045 1000 2068 artus!

323 2114 378 2145 Ita
405 2115 539 2154 corrigo:
577 2115 684 2156 vulgo,
719 2119 742 2134 “
763 2118 861 2150 Quam
890 2115 1050 2147 blandas.'’

324 2166 485 2206 Interprcs
509 2176 573 2196 non
599 2166 721 2196 videtur
748 2166 975 2197 Philostratum
1000 2177 1049 2197 ce-

321 2219 414 2259 pisse,
437 2219 471 2249 in
486 2219 565 2250 icon.
582 2220 604 2250 i.
622 2221 729 2251 20.—o'
743 2234 794 2260 μεν
817 2234 854 2252 τε
880 2234 977 2264 στερνυ
1002 2223 1049 2253 Sl-

321 2284 382 2311 γεῖν
411 2270 542 2311 &op-5905,
573 2272 586 2302 ὅ
616 2271 642 2302 δί
673 2279 791 2312 ξμφυναί
818 2287 854 2315 ’ῗῃ
881 2272 951 2315 δέρῃ,
979 2273 991 2303 ὅ
1022 2271 1050 2304 δί

322 2327 481 2354 ΣΠΑΣΑΙ
499 2336 528 2353 τι
544 2325 682 2362 emortum
699 2330 832 2363 φιλκμα.·
858 2324 877 2354 i.
893 2335 919 2354 e.
933 2335 1049 2364 sugere,

321 2373 438 2413 bibere,
454 2374 608 2406 osculum.
655 2375 751 2406 Unde
769 2376 917 2407 emendes
939 2375 1048 2407 Petro-

322 2426 424 2462 nium,
453 2426 537 2465 apud
566 2426 699 2457 eandem
732 2427 974 2468 Anthologiam,
1004 2427 1049 2458 iii.

322 2484 395 2512 226.
409 2485 439 2512 2.
462 2488 546 2513 certo
561 2489 690 2514 conatu:

385 2554 476 2586 Qualis
486 2562 543 2581 nox
554 2555 606 2581 fuit
618 2556 671 2586 illa,
683 2557 710 2581 di
721 2557 850 2588 deaeque!

384 2596 473 2626 Quam
485 2595 572 2620 mollis
583 2599 658 2620 torus
669 2596 674 2620 Ξ
694 2596 833 2620 Hausimus
843 2596 963 2627 calentis,

385 2635 418 2659 Et
429 2635 622 2660 transfudimus
633 2636 696 2660 hinc
707 2640 735 2661 et
746 2636 820 2667 hinc,
829 2636 929 2662 labellis

384 2676 517 2707 Errantes,
527 2677 643 2702 animas:

321 2744 341 2775 i.
357 2755 383 2775 e.
408 2749 431 2764 “
447 2746 613 2779 Ebibimus
628 2755 659 2779 et
673 2748 899 2780 transfudimus
913 2749 1048 2780 calentes

325 2799 348 2815 “
363 2796 484 2827 animas
498 2800 673 2840 utrobique,
688 2800 801 2830 labella
815 2801 948 2831 errantia
958 2801 1048 2842 jacu-

320 2850 346 2867 “
362 2847 492 2878 lantes.’'
538 2849 588 2880 Sic
603 2851 756 2882 scribendi
779 2857 866 2890 sunt,
887 2852 931 2882 sic
952 2851 1049 2882 intes-

323 2899 497 2940 pungendi,
520 2907 610 2942 atquc
630 2902 781 2942 capiendi,
803 2913 907 2935 versus
921 2903 1046 2944 lepidis-

1103 710 1184 741 simi.
1220 710 1342 751 Vulgo,
1356 712 1509 742 lioesimus.
1554 712 1727 752 Apuleium
1742 713 1829 746 insu-

1103 771 1168 800 per,
1191 760 1265 791 ibid.
1281 765 1353 792 229.
1379 764 1427 791 11.
1449 762 1550 792 multo
1576 773 1650 794 cum
1675 774 1830 804 successu,

1103 812 1137 842 ni
1153 811 1251 848 fallor,
1267 822 1339 842 sum
1354 812 1526 854 integritati
1541 825 1605 845 suae
1619 815 1810 847 redditurus:

1101 894 1150 918 Pro
1164 892 1290 925 implexis
1299 893 1385 922 sertis,
1395 894 1573 926 complexum
1585 902 1696 928 corpore
1706 897 1804 928 redde5

1131 935 1235 963 Proque
1245 933 1318 962 rosis,
1331 932 1382 957 oris
1393 933 1464 957 savia
1475 935 1610 966 purpuzei.

1098 973 1188 1004 Quod,
1204 972 1225 997 si
1233 972 1347 996 animam
1357 972 1468 1004 inspires
1477 972 1552 1003 dono,
1570 974 1627 1005 jam
1639 975 1758 1002 carmina
1768 983 1827 1002 nos-

1215 1015 1259 1036 tra

1129 1050 1234 1076 Cedent
1245 1050 1319 1075 victa
1329 1053 1377 1075 tuo
1388 1050 1543 1082 dulciloquo
1555 1051 1671 1078 calamo.

1099 1122 1220 1162 Vulgo,
1247 1124 1328 1152 dona
1354 1129 1402 1157 ει,-
1427 1131 1497 1162 quae
1522 1123 1629 1154 doctos
1644 1123 1728 1155 viros
1741 1134 1829 1165 pror.

1099 1184 1152 1204 sus
1166 1173 1326 1204 ludificata
1340 1180 1434 1214 sunt..
1457 1175 1612 1206 Consulas
1624 1182 1731 1207 autem
1746 1177 1829 1208 Bur-

1101 1236 1258 1256 mannum
1283 1226 1571 1267 utrobique—Sed
1593 1238 1708 1260 manus
1729 1230 1829 1260 conti-

1101 1278 1252 1309 nendum.

1143 1329 1224 1360 Ibid.
1246 1331 1348 1362 oscula
1369 1331 1481 1362 labris:
1512 1330 1533 1361 i.
1555 1341 1582 1362 e.
1607 1332 1787 1372 comprimit
1800 1343 1832 1365 os

1099 1388 1235 1413 tenerum
1259 1382 1405 1413 amatoris
1426 1392 1480 1413 ore
1494 1384 1634 1423 propr503
1657 1384 1727 1416 vide
1741 1390 1831 1416 nom-

1100 1438 1133 1462 ta
1147 1432 1188 1463 ad
1203 1443 1264 1463 ver.
1283 1436 1374 1464 1162.

1143 1484 1219 1514 Ver.
1236 1487 1331 1515 1188.
1353 1486 1458 1515 Nam.-
1484 1485 1529 1515 V.
1552 1485 1600 1516 ed.
1624 1486 1661 1517 Β.
1679 1486 1719 1518 0.
1737 1488 1828 1525 Mn,-

1100 1540 1132 1564 et
1148 1541 1193 1565 Ω..
1207 1534 1325 1576 facere.

1144 1586 1218 1615 Ver.
1239 1590 1329 1617 1189.
1363 1588 1513 1618 solicitat:
1551 1594 1592 1618 Π.
1620 1589 1832 1621 solicitant.—

1100 1640 1278 1668 decurrere:
1305 1638 1346 1668 V.
1362 1637 1410 1669 ed.
1426 1641 1562 1670 decurre.

1144 1688 1226 1719 Ibid.
1248 1691 1399 1720 solicitat:
1429 1700 1554 1730 nempe,
1578 1691 1692 1723 mulier
1717 1693 1828 1726 virum.

1101 1742 1291 1781 Interpretes
1306 1752 1371 1773 non
1388 1750 1539 1783 ceperunt
1553 1746 1829 1777 constructionem:

1097 1803 1130 1827 et
1158 1797 1233 1828 hinc
1269 1797 1399 1828 varietas
1436 1801 1592 1830 solicitam
1628 1807 1734 1831 exorta
1768 1807 1829 1840 est;

1098 1861 1194 1892 quam
1219 1851 1385 1883 lectionem
1411 1863 1485 1884 sane
1511 1853 1646 1895 vulgatae
1675 1855 1828 1894 praetulis-

1097 1912 1175 1940 sem,
1204 1903 1230 1933 si
1257 1917 1290 1934 το
1311 1915 1450 1943 quaerens
1472 1915 1536 1935 non
1552 1907 1695 1937 obstaret.
1741 1906 1827 1942 Quid

1098 1961 1204 1985 autem
1221 1965 1294 1985 cum
1305 1955 1361 1986 illo
1376 1956 1575 1989 faciendum?
1600 1957 1739 1999 Elegans
1753 1968 1826 1990 sane

1096 2006 1202 2044 fuerit,
1221 2006 1276 2037 sed
1292 2007 1394 2037 audax
1410 2007 1557 2046 nimium,
1574 2008 1736 2040 divinatio:

1125 2094 1192 2117 Nam
1205 2092 1270 2117 facit
1282 2099 1319 2117 ex
1329 2093 1420 2118 animo
1430 2099 1504 2126 saepe
1511 2102 1520 2124 ;
1537 2098 1564 2119 et
1580 2094 1726 2118 conmunin
1742 2102 1820 2127 quon-

1187 2132 1247 2157 dam

1125 2171 1230 2197 Gaudia
1240 2171 1375 2196 solicitant
1385 2172 1502 2204 spatium
1515 2173 1657 2198 decurrere
1667 2174 1774 2199 amoris.

1139 2246 1219 2277 Ibid.
1246 2248 1379 2287 spatium
1408 2249 1576 2278 decurrere.
1621 2247 1717 2283 Naso,
1747 2247 1824 2278 trist.

1093 2297 1137 2328 iii.
1152 2301 1182 2328 4.
1198 2301 1248 2328 55.

1123 2386 1185 2394 —-
1195 2373 1264 2406 pede
1273 2373 1402 2399 inoffenso
1413 2373 1522 2406 iperium
1533 2374 1663 2398 decurrere
1673 2373 1756 2398 vitae:

1092 2447 1115 2477 i.
1132 2458 1158 2478 e.
1181 2447 1260 2487 pede
1274 2459 1304 2479 se
1328 2459 1389 2479 non
1415 2447 1599 2490 offendence;
1623 2447 1718 2479 nullis
1732 2458 1821 2488 aspe-

1092 2499 1235 2530 ritatibus
1243 2510 1298 2540 per
1309 2499 1392 2530 viam
1401 2499 1823 2540 prestantibusimpingentc.

1093 2552 1178 2582 Vide
1202 2552 1244 2583 sis
1265 2559 1371 2583 autem
1387 2553 1619 2584 Burmannum.
1663 2552 1708 2583 Et
1726 2552 1823 2583 misor

1092 2603 1278 2634 Lucretium
1293 2614 1356 2634 non
1372 2603 1541 2644 scripsisse:
1735 2597 1739 2599 Α

1254 2681 1369 2706 solicitat
1381 2682 1494 2706 stadium
1507 2683 1649 2708 decurrere
1659 2679 1770 2705 amoris:

1091 2754 1127 2779 ut
1145 2749 1320 2786 Suetonius,
1345 2750 1384 2780 vi.
1401 2753 1452 2781 24.
1475 2749 1514 2780 de
1530 2750 1742 2780 Netum—‘⁶
1757 2746 1822 2784 sed,

1092 2805 1115 2820 “
1131 2812 1279 2833 excussus
1310 2802 1578 2841 curm—destitit
1611 2807 1685 2832 ante
1714 2803 1822 2832 decur-

1092 2856 1114 2871 “
1129 2855 1274 2892 snm—;”
1297 2854 1316 2884 i.
1333 2864 1361 2884 c.
1378 2855 1491 2885 stadii:
1516 2853 1600 2894 quod
1615 2853 1714 2894 magis
1729 2851 1823 2883 affine

1089 2905 1218 2944 po'e'ticae
1247 2905 1344 2938 videri
1370 2906 1465 2946 possit
1495 2918 1640 2947 svoepythz:
1666 2903 1747 2936 nihil
1771 2910 1818 2934 ta-
