1912 3292
478 272 711 321 LIBER
764 268 1146 326 QUARTUS.

190 408 276 449 Vix
294 407 416 448 etiam
435 416 576 444 cursus
595 401 843 456 quingentos
864 413 973 454 saepe
991 402 1135 441 veruti.

191 481 306 523 Inter
325 493 407 527 eoS‚
430 476 636 531 solemque
648 475 788 530 jacent
807 474 991 515 inmania
1009 475 1128 529 ponti

191 553 394 608 AEquora,
417 549 619 591 substrata
637 549 818 590 aetheriis
837 548 1073 605 ingentibus
1093 548 1190 588 oris:

190 626 488 681 Inte1jectaque
507 631 604 666 sunt
623 631 826 665 terrarum
845 622 957 664 milia
975 622 1120 671 multa,

48 785 73 802 “
87 779 234 812 convallis
247 779 321 810 satis
335 779 487 810 eminenti
497 779 578 821 jugo
595 780 776 811 circundata

47 837 72 854 ‘⁶
86 839 148 871 εἰς
170 843 251 874 quae,
273 843 376 873 neque
399 833 555 863 matutino
582 843 684 874 neque
709 843 774 863 ves-

47 887 71 904 “
85 884 208 924 pertino
217 890 369 924 tempore,
381 883 446 914 sole
453 883 677 924 contingitur.”
689 884 773 914 Vul-

46 945 101 977 g0,
123 937 301 976 contegitur.
347 935 399 966 Ita
415 935 568 972 Catullus,
591 936 663 966 lxiv.
679 936 732 967 fin.

108 1005 163 1030 Nec
174 1011 202 1029 se
216 1003 325 1036 contingi
336 1004 478 1036 patiuntur
495 1004 589 1029 lumine
599 1004 680 1030 claro.

48 1063 221 1102 Arnoffius,
235 1062 288 1094 lib.
300 1063 331 1094 ii.
346 1074 376 1102 p.
391 1067 442 1094 84.
459 1067 482 1082 “
495 1063 775 1099 Quemadmodum

49 1117 74 1134 ‘⁶
88 1117 132 1146 sol
147 1116 212 1155 ipse
226 1125 292 1146 uno
303 1115 476 1156 eodemque
490 1122 631 1146 contactu
642 1121 707 1146 tam
722 1126 773 1146 va-

51 1168 75 1185 “
89 1166 151 1197 rias
165 1177 214 1197 res
229 1166 416 1198 efficiat-—f
447 1167 535 1197 Hinc
550 1177 608 1197 nos
622 1168 779 1198 verissime

49 1218 286 1249 emendavimus
301 1218 484 1257 Horatium,
500 1218 550 1249 od.
565 1219 608 1249 iii.
628 1223 676 1250 15.
693 1224 720 1252 9.

142 1301 186 1325 Te
197 1299 332 1332 flagrantis
345 1302 427 1325 atrox
437 1306 504 1324 aura
516 1300 654 1325 caniculae

143 1339 233 1365 Nescit
243 1342 347 1371 tangere
355 1347 364 1364 .-

46 1413 85 1444 in
113 1414 226 1444 nostris
253 1414 574 1446 animadversionibus
611 1416 651 1447 ad
684 1416 776 1457 Soph.

49 1463 197 1494 Trachin.
213 1467 285 1496 685.
308 1476 379 1506 quae
397 1472 471 1496 sunt
492 1468 606 1497 harum
628 1467 780 1508 eleganti-

48 1524 142 1547 arum
156 1515 327 1547 cultoribus
338 1517 470 1548 omnino
481 1518 598 1548 ibidem
612 1520 777 1550 consulen-

50 1566 111 1598 dae.
150 1567 213 1598 Sed
225 1567 261 1598 in
274 1569 333 1599 hac
347 1574 510 1600 venustate
523 1569 699 1601 exhibenda
713 1576 779 1601 tam

54 1617 183 1650 Graecos
197 1628 292 1660 quam
307 1620 438 1650 Latinos
451 1620 546 1661 longe
560 1621 716 1663 longeque
726 1633 777 1653 su-

50 1679 230 1711 pergressus
244 1677 291 1702 est
308 1671 465 1703 Miltonus
486 1678 607 1704 nostras
620 1673 654 1703 in
679 1673 776 1705 Sams.

54 1722 159 1763 Agon.
175 1733 236 1754 ver.
252 1727 325 1756 549.

83 1803 232 1830 Wherever
241 1805 377 1836 fountaffi,
388 1812 419 1830 or
429 1805 501 1831 fresh
511 1810 632 1837 current,
643 1807 735 1832 flow’d

86 1842 199 1874 Against
209 1844 258 1869 the
268 1848 373 1869 eastern
384 1851 443 1877 ray,
463 1845 638 1875 translucent,
653 1853 721 1878 pure

86 1881 153 1905 with
165 1882 237 1906 touch
248 1882 355 1908 ethereal
365 1884 600 1917 queav’n'sfiery
613 1885 668 1915 rod,

85 1922 98 1945 Ι
109 1921 206 1946 drank.

54 2000 192 2040 Interea,
219 2003 386 2034 Sidonium
418 2004 638 2044 Apollinarem
666 2005 780 2037 menda

51 2052 200 2090 liberabo,
223 2054 264 2085 ad
278 2056 363 2085 xxiii.
381 2060 430 2087 94.

149 2135 237 2165 Ἰὶιω,
248 2142 313 2160 cum
319 2136 435 2167 fulmine
442 2140 526 2161 tactus
535 2138 682 2170 imperator

146 2174 238 2200 Vitam
247 2174 407 2200 fulminibus
418 2183 511 2207 parem
522 2178 641 2209 peregit?

55 2250 155 2288 Editi,
177 2259 294 2292 captus.
337 2254 420 2285 Vult
448 2255 565 2286 sciiicet
591 2257 720 2294 Carum,
742 2257 782 2288 de

55 2313 119 2344 quo
145 2305 296 2335 Aurelius
317 2306 440 2345 Victor,
467 2309 592 2339 xxxviii.
615 2312 712 2339 5.-“
728 2311 783 2341 ubi

55 2348 82 2372 '⁴‘
98 2353 176 2384 fusis
196 2356 346 2395 hostibus,
369 2358 456 2394 dum,
480 2359 588 2400 gioriae
609 2360 784 2392 inconsulte

56 2408 80 2424 ‘⁶
96 2405 225 2445 avidior,
263 2408 476 2448 Ctesiphonta,
507 2412 617 2441 urbem
647 2412 784 2443 Parthiae

58 2459 82 2474 “
99 2455 260 2496 inclytam,
282 2460 520 2500 transgreditur,
532 2462 683 2503 ficlminz's
697 2470 782 2494 tactu

57 2509 80 2525 “
97 2507 329 2549 conflagravit.”
353 2511 405 2540 De
414 2512 474 2541 hoc
483 2519 588 2542 autem
598 2523 699 2544 errore
708 2515 780 2544 scri-

55 2559 178 2595 barum,
201 2561 414 2598 Burmannus,
438 2563 478 2593 ad
503 2564 594 2595 Ovid.
620 2571 693 2595 met.
719 2566 781 2597 viii.

55 2612 126 2640 184.
157 2616 189 2640 et
217 2611 279 2642 alii.
318 2612 462 2643 Alcimus
494 2615 618 2653 Avitus,
655 2626 681 2647 v,
708 2620 780 2648 598.

57 2669 155 2700 quam
176 2668 316 2701 venuste,
340 2663 380 2694 de
404 2666 499 2696 rubro
524 2667 604 2696 mari
629 2668 782 2707 patefacto

57 2711 221 2744 Isra'e’litis:

104 2792 238 2819 Torridus
244 2798 386 2828 aspectum
395 2798 478 2822 scissis
487 2799 526 2823 sol
536 2799 627 2825 inserit
635 2800 724 2831 undis,

104 2832 286 2866 Ignotamque
296 2843 368 2862 novo
378 2838 499 2871 contingit
508 2839 603 2865 lumine
611 2844 722 2866 terram.

59 2900 236 2943 Suetonius,
261 2906 302 2938 vi.
316 2912 347 2939 6.
371 2912 394 2928 “
412 2909 554 2941 Tantum
576 2912 663 2952 quod
685 2912 785 2943 exori-

57 2955 81 2973 “
99 2959 170 2986 ente
183 2958 258 2996 θυῖε,-
280 2969 361 3000 pene
383 2966 420 2992 ut
444 2964 546 2994 radiis
571 2963 667 3003 prius,
690 2974 786 3005 quam

820 783 843 799 ‘⁶
859 776 1220 818 terra,contingeretur.”
1238 776 1299 807 Sed
1310 776 1473 808 Catullum
1478 787 1546 819 Jam

819 833 950 864 allatum
965 832 1050 863 haud
1064 832 1145 863 male
1160 832 1369 872 interpreteris
1383 833 1423 863 ad
1448 833 1545 864 auda-

819 886 936 916 ciorem
964 895 1105 923 sensum,
1128 885 1254 926 qualem
1277 895 1341 915 non
1364 886 1477 916 metuit
1499 886 1545 916 A.

822 936 953 972 Gellius,
967 936 1007 967 vi.
1022 940 1051 967 8.
1073 936 1200 967 nemine
1214 942 1346 967 venusto
1360 937 1549 976 exprobran-

819 988 892 1019 dus:
920 991 942 1006 “
958 987 1044 1017 Victi
1058 988 1154 1018 hostis
1169 998 1310 1024 uxorem,
1333 987 1412 1018 facie
1426 986 1548 1018 incluta

818 1043 843 1059 “
857 1039 1036 1078 mulierem,
1059 1040 1156 1071 vetuit
1178 1040 1214 1069 in
1228 1046 1432 1079 conspectum
1453 1049 1548 1069 suum

819 1095 842 1111 “
857 1092 984 1130 deduci;
1008 1098 1045 1122 ut
1067 1102 1137 1122 eam
1156 1103 1197 1122 ne
1219 1094 1313 1123 oculis
1335 1092 1399 1122 suis
1420 1092 1549 1133 quidem

822 1147 845 1162 “
861 1144 1080 1184 contingeret.'’
1124 1144 1236 1184 Neque
1258 1143 1348 1174 aliter
1368 1145 1464 1183 probe
1477 1154 1548 1184 per-

822 1195 916 1235 cipies
932 1196 1112 1232 Maronem,
1136 1195 1212 1224 AEn.
1227 1194 1265 1224 iv,
1283 1197 1356 1225 568.

883 1263 909 1287 Si
920 1266 947 1287 te
960 1263 1000 1287 his
1011 1263 1130 1294 adtigerit
1139 1263 1218 1287 terris
1228 1264 1330 1287 Aurora
1341 1265 1507 1288 morantem.

823 1319 956 1350 Ovidius
972 1319 1099 1359 insuper
1113 1319 1249 1358 accedat,
1271 1320 1340 1350 fast.
1355 1319 1396 1350 vi.
1412 1323 1485 1351 685.

821 1389 900 1421 Signa
912 1389 986 1414 dedit
998 1389 1105 1421 genitor
1115 1393 1187 1419 turn,
1203 1396 1268 1414 cum
1279 1393 1362 1422 caput
1371 1390 1428 1422 igne
1438 1396 1549 1416 corusco

883 1428 999 1460 Contigit,
1015 1429 1098 1460 inque
1109 1429 1189 1454 comi
1202 1429 1344 1455 flammeus
1354 1429 1427 1454 haesit
1435 1436 1518 1460 apex.

825 1497 875 1527 Sic
898 1497 1079 1538 legendum,
1102 1508 1176 1528 cum
1201 1508 1267 1528 uno
1291 1497 1379 1528 libro.
1425 1499 1547 1528 Haesit.-

822 1548 841 1579 i.
858 1560 884 1580 e.
908 1552 963 1580 diu
980 1557 1114 1581 moratus
1128 1556 1187 1585 est;
1217 1559 1285 1585 nec,
1308 1549 1394 1580 dictu
1415 1549 1549 1581 mirum!

821 1600 910 1632 laesit.
957 1602 1091 1638 Iterum,
1110 1601 1281 1638 Arnobius‚
1297 1601 1441 1642 denique,
1453 1601 1506 1632 lib.
1518 1601 1551 1632 ii.

821 1663 851 1692 p.
870 1656 921 1684 58.
950 1664 991 1683 ne
1012 1653 1177 1684 nimietate
1197 1663 1333 1692 peccem,
1354 1653 1496 1693 quamvis
1516 1653 1552 1683 in

821 1704 924 1743 phrasi
944 1703 1185 1744 exquisitissima
1206 1704 1351 1734 omnium
1374 1702 1554 1734 exornanda

822 1765 939 1785 morer:
968 1759 991 1774 “
1006 1755 1127 1796 Liquor
1151 1765 1250 1794 purus
1273 1765 1292 1785 e
1315 1754 1464 1790 fontibus,
1487 1756 1551 1786 cal-

824 1808 846 1824 “
861 1808 932 1836 dore
947 1807 1030 1846 ignis
1041 1805 1207 1837 intactus.”

868 1857 944 1888 Ver.
957 1861 1030 1888 410.
1062 1858 1116 1887 Vix
1131 1858 1255 1888 absunt:
1284 1862 1325 1886 Π.
1349 1858 1416 1887 Vise
1429 1858 1551 1888 adsunt.

827 1911 1004 1941 ——jllz'ssus.-
1032 1914 1066 1940 Δ.
1083 1911 1205 1945 Μἐεἰες
1224 1915 1264 1939 Π.
1279 1910 1360 1939 visus
1366 1922 1378 1944 ,·
1396 1912 1431 1940 Σ.
1444 1910 1552 1939 missoe.

826 1964 870 1994 Et
884 1965 954 1994 mile
969 1963 1143 2000 scribimus,
1166 1972 1231 1992 non
1253 1964 1353 1992 mille:
1378 1961 1449 1992 vide
1469 1962 1553 1992 dicta

824 2014 865 2044 ad
890 2014 934 2044 iii.
961 2017 1032 2045 724.
1079 2013 1274 2050 Glossarium
1295 2019 1394 2045 vetus:
1422 2016 1445 2031 “
1461 2014 1553 2050 Mile,

826 2069 849 2084 ‘⁶
865 2065 987 2106 xmoeff’
1031 2066 1076 2095 Et
1099 2075 1238 2095 rursum:
1275 2067 1298 2083 ‘⁶
1322 2071 1425 2103 Χιλιιι,
1447 2063 1554 2095 mile.”

827 2120 940 2160 Neque
955 2130 1070 2150 caussae
1085 2120 1158 2150 satis
1173 2127 1231 2158 est,
1253 2125 1290 2150 ut
1311 2118 1477 2160 singularis
1491 2129 1552 2149 nu·

826 2182 932 2203 merus
946 2172 1100 2202 diversam
1125 2171 1378 2213 orthographiam
1392 2171 1552 2202 nancisca-

824 2231 886 2261 tur,
910 2224 1060 2266 quicquid
1081 2224 1304 2265 grammatistae
1322 2223 1452 2264 quidam
1466 2223 1553 2254 oblo-

826 2283 971 2318 quantur.

871 2327 946 2357 Ver.
963 2330 1036 2357 411.
1063 2338 1169 2358 cursus
1183 2329 1290 2359 veruti.
1325 2327 1444 2357 Manus
1458 2326 1491 2356 in
1507 2326 1552 2356 lo-

827 2379 988 2409 cutionem
1002 2379 1134 2409 minime
1155 2385 1355 2420 pervagatam
1371 2378 1488 2409 Statius
1504 2377 1553 2419 je-

827 2431 879 2469 cit,
903 2430 1001 2460 Theb.
1016 2441 1047 2460 V.
1062 2434 1135 2461 561.

857 2512 972 2543 Jamque
985 2510 1091 2536 aberant
1101 2514 1193 2541 terrae‚
1209 2513 1342 2542 quantum
1354 2509 1487 2542 Gortynia
1497 2516 1554 2534 cur-

855 2554 1027 2622 spicaria.

827 2655 878 2686 Ita
891 2654 1109 2695 castigandum
1123 2661 1243 2695 putem,
1264 2665 1328 2685 non
1347 2655 1414 2686 sine
1428 2665 1553 2686 enarra.

829 2706 904 2736 toris
918 2706 1039 2746 antiqui
1055 2706 1215 2746 suffragio,
1231 2705 1296 2736 vice
1305 2708 1452 2742 adaman
1470 2705 1555 2747 quod

830 2762 973 2787 coactum
984 2757 1076 2795 foret,
1092 2765 1123 2787 et
1131 2756 1336 2787 affectationis
1344 2757 1460 2788 nimiae.
1483 2758 1556 2788 Has

830 2818 921 2839 voces
936 2808 1116 2848 nuperrime
1130 2808 1276 2839 confusas
1288 2808 1432 2840 vidimus.

872 2860 947 2890 Ver.
963 2863 1036 2890 412.
1057 2861 1164 2891 solem.-
1190 2866 1232 2891 11.
1246 2861 1551 2893 solent.-inmanz'a.·

835 2911 934 2942 vind.
952 2914 985 2943 in
1000 2914 1122 2943 inania.
1150 2913 1195 2944 Et
1208 2912 1296 2944 locus
1310 2914 1384 2945 huic
1398 2915 1557 2954 appositus

829 2964 1019 3004 conspicitur
1033 2964 1067 2995 in
1080 2965 1206 3006 ovidio,
1228 2970 1303 2997 met.
1318 2966 1383 2997 viii.
1398 2969 1470 2998 576.
