1912 3292
492 239 725 286 LIBER
776 240 1148 297 QUARTUS.

230 366 471 417 Remorum,
493 376 604 409 recta
623 376 682 409 est
689 386 701 418 3
733 377 775 410 et
794 379 905 411 recta
924 386 1098 426 superne
1117 374 1318 430 guberna:

226 440 334 489 Quae
353 441 536 481 demersa
553 441 712 496 liquore
730 442 899 494 obeunt,
921 444 1108 496 restacta,
1131 449 1320 492 videntur

223 513 375 555 Omnia
394 515 594 565 convorti,
616 531 857 574 sursumque
876 519 1023 574 supina
1041 523 1211 572 revorti3

220 587 276 628 Et
295 587 446 629 reflexa
465 604 595 645 prope
614 591 658 632 in
677 607 838 634 summo
857 594 1018 636 fluitare
1036 595 1206 652 liquore.

106 664 188 700 445

277 661 469 718 Raraque
488 678 562 719 per
583 666 731 708 coelum
750 676 840 710 tum
860 670 995 712 ventei
1016 670 1156 712 nubila
1175 679 1343 727 portant

219 733 427 791 Tempore
445 747 665 791 nocturno,
692 757 817 798 quom
838 744 1051 799 splendida
1070 745 1187 802 signa
1206 746 1397 789 videntur

72 888 171 919 fertur
199 890 234 921 in
262 892 350 923 navis
379 893 598 933 instrumenta,
629 899 797 930 subsultim

72 939 219 973 fluctibus
243 944 366 984 agitata.
409 947 453 977 Et
479 947 616 979 fortassis
638 951 735 981 rarior
759 962 796 982 ac

71 991 190 1024 doctior
209 997 397 1028 constructio
412 998 555 1030 dictionis
577 1003 706 1033 obnitier
721 1014 795 1034 cum

71 1050 181 1083 quarto
206 1056 279 1076 casu
304 1047 444 1080 librarios
472 1053 628 1090 terruerit;
654 1054 707 1085 sed
732 1055 793 1086 im-

70 1095 190 1133 merito,
214 1107 290 1128 nam
311 1101 441 1131 verbum
465 1104 674 1142 compositum
689 1107 792 1146 saepis-

68 1146 148 1177 sime
176 1150 262 1190 apud
283 1152 483 1190 probissimos
510 1156 605 1186 etiam
634 1159 794 1197 scriptores

67 1207 175 1229 casum
189 1202 279 1242 regit,
301 1213 396 1244 quem
418 1205 549 1245 simplex
563 1208 656 1238 habet
673 1220 792 1249 praepo-

64 1250 148 1281 sitio:
176 1262 246 1293 quae
260 1261 414 1286 structura
434 1258 571 1295 feliciter,
594 1259 628 1289 in
643 1261 702 1291 hoc
723 1272 790 1292 ver·

66 1303 119 1340 bo,
147 1313 219 1344 quae
247 1307 395 1347 ambigua
427 1316 512 1347 sunt,
542 1311 648 1342 evitat:
682 1314 791 1344 confer

64 1359 218 1392 nostrum,
234 1356 273 1385 vi.
289 1360 360 1388 558.
384 1368 457 1389 cum
473 1360 561 1401 Virg.
578 1372 646 1402 geo.
661 1363 704 1393 iii.
717 1368 787 1394 255.

62 1409 106 1442 et,
128 1405 202 1444 quid
216 1406 319 1443 velim,
343 1409 427 1440 scies.
477 1411 625 1442 Similiter
641 1415 742 1445 oberro
758 1421 790 1444 et

60 1455 214 1487 obambulo
231 1467 303 1487 cum
319 1461 492 1491 accusativo
512 1464 718 1501 reperiuntur,
742 1472 788 1495 at-

60 1515 122 1546 que
136 1507 266 1539 oblatrat
279 1509 364 1548 apud
385 1511 507 1543 Silium.
554 1514 666 1555 Neque
681 1516 713 1545 in
729 1517 787 1547 hac

59 1566 94 1587 re
109 1558 214 1589 minus
226 1560 377 1592 usitatum
393 1570 438 1593 est
453 1565 571 1596 Graecis
581 1567 676 1598 etiam
687 1574 786 1599 struc-

61 1614 166 1640 turam
180 1613 334 1643 sermonis
348 1615 473 1647 variare.

105 1669 186 1701 Ibid.
209 1674 347 1713 A'avigia
367 1677 487 1707 clauda.
535 1678 575 1714 Q.
592 1679 728 1716 Curtius,
744 1681 784 1711 ix.

60 1725 89 1753 9.
108 1725 156 1753 13.
181 1727 203 1742 “
219 1725 367 1762 Quidam,
391 1729 554 1769 enavigare
575 1738 785 1771 properantes,

60 1774 84 1791 “
100 1773 154 1802 sed
168 1784 232 1804 non
247 1778 439 1817 exspectatis,
462 1780 516 1819 qui
539 1781 634 1811 simul
647 1792 714 1812 esse
728 1783 782 1813 de·

59 1826 83 1842 “
99 1825 224 1864 bebant‚
247 1833 278 1857 et
302 1831 414 1860 clauda
440 1837 471 1860 et
493 1831 643 1863 inhabilia
657 1837 782 1875 navigia

58 1877 81 1892 ‘⁴
97 1874 247 1916 languide
265 1879 573 1914 moliebantur.‘’—J
575 1894 627 1914 am
641 1895 715 1915 vero
729 1895 782 1916 vo-

55 1936 118 1964 ceS,
129 1928 255 1968 fractas
279 1934 388 1968 undas,
415 1943 478 1963 non
505 1934 546 1965 ad
560 1935 688 1966 solitum
711 1948 782 1967 sen-

56 1988 129 2009 sum
143 1985 210 2011 tam
234 1982 337 2013 valent
361 1987 462 2016 undas
486 1989 645 2018 violentius
663 1990 781 2020 collisas

54 2029 91 2061 iu
106 2033 164 2063 hoc
189 2032 268 2072 loco,
295 2046 390 2076 quam
414 2040 513 2069 undas
531 2051 562 2070 se
577 2041 778 2080 frangentes.-

54 2082 78 2114 i.
95 2094 121 2114 e.
135 2085 327 2118 inflectentes
342 2094 372 2119 et
386 2089 590 2127 incurvantes
606 2106 778 2132 αγνυμενας·

53 2143 124 2174 quae
148 2137 235 2167 notio
256 2140 399 2170 vocabuli
421 2143 557 2172 maxime
579 2144 715 2182 speciosa
734 2151 780 2175 est

54 2196 91 2216 ac
119 2188 232 2226 poetici
260 2190 386 2230 leporis:
426 2204 478 2224 me
503 2194 606 2225 videas
635 2196 674 2227 ad
705 2198 778 2229 Silv.

58 2237 134 2268 Crit.
155 2239 199 2268 iii.
222 2251 251 2279 p.
269 2244 338 2271 141.
360 2243 474 2283 quibus
498 2246 729 2283 confirmandis,
752 2249 778 2278 si

53 2299 103 2319 res
117 2298 264 2330 posceret,
280 2295 369 2325 nullo
383 2298 510 2337 negotio
523 2299 625 2329 multa
639 2310 711 2330 mox
727 2311 775 2331 ac-

54 2341 208 2373 cederent.
253 2346 405 2384 Apposite
419 2348 640 2385 Tertullianus,
668 2352 701 2381 in
726 2363 777 2382 su-

53 2392 228 2431 perioribus
257 2405 458 2435 memoratus,
495 2401 561 2431 haec
591 2402 779 2433 Lucretiana

52 2445 196 2483 exempla
210 2446 331 2486 decepti
345 2449 428 2480 visus
442 2456 584 2489 tractans,
605 2454 644 2483 de
658 2455 777 2492 anima,

52 2502 125 2526 sect.
142 2500 191 2528 17.
220 2502 242 2517 “
259 2500 358 2539 Nam,
380 2508 416 2532 ut
440 2503 474 2533 in
498 2504 580 2545 aqua
602 2516 708 2537 remus
728 2510 777 2538 in·

52 2550 194 2589 “flezns,
217 2551 265 2581 vel
280 2552 443 2593 infractus,
466 2564 620 2596 appareat,
643 2570 723 2600 aqua
742 2562 776 2592 in

49 2602 74 2617 “
90 2600 197 2631 caussa
213 2603 289 2633 est.“
330 2605 390 2636 Sed
405 2609 535 2638 omnino
550 2611 693 2642 consulas
706 2624 774 2652 per-

50 2651 175 2682 doctam
187 2653 309 2684 Davisii
320 2663 438 2695 notam,
449 2659 632 2691 Lucretium
643 2662 773 2694 laudan-

50 2702 98 2740 tis,
111 2703 154 2734 ad
171 2704 314 2737 Ciceron.
332 2708 429 2739 Acad.
443 2710 476 2740 ii.
494 2714 521 2742 7.

93 2767 165 2798 Ver.
180 2773 252 2801 440.
275 2783 508 2815 quaequomque:
534 2781 568 2807 Δ.
584 2788 773 2819 quacunque.

49 2830 206 2851 -aerorem.·
247 2823 284 2854 Β.
312 2835 397 2856 rore:
436 2826 456 2856 i.
486 2837 514 2857 e.
551 2828 636 2859 haud
666 2829 772 2868 dubie,

47 2879 126 2899 rore.

92 2919 175 2950 Ibid.
198 2934 294 2956 rorem
315 2929 405 2959 salis:
430 2928 450 2960 i.
465 2940 491 2961 e.
514 2931 641 2971 salsum,
665 2931 713 2964 vel
739 2943 770 2963 a·

94 2978 181 3010 VOL-
200 2981 216 3012 I
222 2982 246 3013 Ι.

840 911 977 940 marum,
998 911 1100 932 rorem
1114 902 1224 933 maris:
1249 903 1387 945 adeoque
1402 904 1566 946 Virgilius,

839 964 906 994 ge0.
921 953 960 984 iv.
976 957 1047 984 451.
1070 966 1167 985 rorem
1182 967 1323 987 amarum
1340 957 1491 988 nominat.

882 1004 955 1035 Ver.
971 1008 1043 1036 441.
1066 1013 1148 1037 recta
1172 1013 1215 1038 est
1225 1021 1236 1037 .-
1262 1007 1303 1038 V.
1318 1007 1367 1039 ed..
1383 1015 1461 1040 tecta
1475 1016 1567 1041 est.—

836 1064 936 1088 recea:
978 1064 1019 1088 Π.
1051 1065 1306 1100 recte.—supeme
1333 1062 1487 1100 guberna:
1526 1063 1564 1094 P.

835 1120 969 1149 superna
981 1111 1142 1149 gubernat.

881 1161 963 1191 Ibid.
984 1163 1130 1200 guberna.
1165 1163 1291 1193 Nonius
1306 1164 1486 1201 Marcellus,
1502 1165 1565 1196 viii.

837 1215 890 1243 59.
915 1212 1034 1242 scribit:
1061 1216 1084 1230 “
1103 1215 1258 1250 Guberna,
1273 1225 1330 1253 pro
1344 1216 1564 1255 gubernacula.

839 1265 861 1280 “
877 1261 1031 1300 Lucilius,
1047 1269 1102 1293 sat.
1118 1263 1171 1294 lib.
1187 1274 1238 1295 xx.

864 1335 883 1349 “
893 1336 984 1359 Prot-as
994 1335 1150 1368 despoliate,
1161 1340 1189 1362 et
1199 1336 1346 1363 detondete
1353 1338 1498 1370 guberna.”

835 1406 996 1436 Glossator
1012 1413 1114 1437 vetus:
1141 1411 1164 1426 “
1185 1410 1374 1448 Gubernam,
1397 1409 1561 1452 aeussspmvf’

833 1456 979 1491 Quorum
1001 1458 1163 1499 utriusque
1189 1459 1365 1490 Lambinus
1389 1460 1474 1500 prior
1493 1471 1560 1491 me-

830 1508 931 1538 minit-

875 1559 907 1587 V
907 1569 950 1589 er.
964 1563 1036 1590 442.
1059 1562 1214 1592 demersa.-
1242 1561 1281 1591 V.
1296 1561 1344 1592 ed.
1360 1563 1398 1593 B.
1421 1565 1557 1594 diversa:

830 1611 851 1641 i.
869 1622 895 1641 e.
911 1615 1231 1655 dmmsa-qefracta:
1258 1615 1355 1646 V.ed.
1369 1617 1406 1647 Β.
1421 1616 1558 1658 τςῙαεια;

831 1663 877 1693 uti
893 1665 1007 1702 pariter
1021 1666 1061 1696 ad
1076 1676 1136 1697 ver.
1153 1671 1225 1699 459.

872 1715 954 1745 Ibid.
986 1718 1112 1747 obeunt:
1138 1717 1158 1747 i.
1187 1728 1213 1748 e.
1247 1720 1397 1756 subeunt;
1433 1725 1469 1749 ut
1497 1730 1558 1750 ver.

829 1769 901 1797 455.
928 1767 1027 1798 Vetus
1053 1768 1255 1808 glossarium:
1283 1774 1305 1788 “
1325 1771 1410 1806 Obeo,
1439 1772 1560 1813 ὑπειςερ-

828 1820 851 1835 “
866 1818 993 1858 χομαι.”
1019 1819 1103 1849 Rem
1118 1819 1283 1851 leviculam
1296 1832 1361 1851 non
1375 1822 1559 1863 attigissem,

827 1868 889 1898 nisi
923 1869 1089 1900 mirificam
1117 1881 1242 1909 prorsus
1271 1872 1560 1913 interpretationem

827 1926 1025 1950 commentus
1040 1927 1121 1951 esset
1136 1922 1245 1953 Faber.

868 1971 942 2002 Ver.
961 1975 1033 2002 444.
1066 1975 1175 2014 reflexa
1197 1985 1292 2014 prope
1317 1977 1369 2005 in:
1406 1976 1444 2006 P.
1463 1978 1553 2017 fleta

820 2031 915 2061 prope
919 2022 1011 2062 janu
1029 2023 1070 2053 V.
1085 2023 1135 2054 ed.
1149 2026 1235 2065 flexa
1247 2036 1341 2065 prope
1357 2028 1408 2062 in;
1432 2026 1554 2067 legibus

823 2072 926 2109 metri,
954 2073 1131 2114 utrobique,
1158 2075 1208 2105 vel
1223 2077 1349 2112 mancis,
1373 2077 1422 2107 vel
1436 2077 1557 2109 claudi-

822 2123 1157 2165 cantibus—fluitare:
1184 2126 1284 2158 Vind.
1299 2128 1340 2158 V.
1356 2128 1404 2159 ed.
1427 2135 1472 2160 Ω.
1484 2132 1553 2171 fla·

821 2176 937 2209 vilar&
962 2175 999 2205 B.
1019 2178 1233 2216 1‘1.flnvitare.

865 2225 939 2255 Ver.
955 2228 1028 2256 445.
1059 2229 1225 2268 Raraque:
1250 2229 1293 2259 V.
1317 2229 1366 2259 ed.
1397 2231 1434 2261 B.
1466 2233 1554 2262 Nam

821 2287 906 2315 quae:
931 2277 1016 2306 uude
1031 2288 1146 2314 versus,
1175 2279 1219 2309 ita
1234 2280 1432 2318 constitutus,
1457 2282 1552 2312 mini-

821 2336 873 2356 me
888 2327 1075 2366 displiceret:

820 2400 879 2423 Jam
889 2407 946 2431 quae
956 2408 1003 2432 per
1013 2401 1115 2426 coelum
1123 2409 1220 2435 quoque
1230 2403 1321 2428 ventei
1330 2403 1420 2428 nubila
1429 2407 1547 2435 portant.

823 2472 899 2501 Jam
923 2479 955 2502 et
978 2484 1051 2504 nam
1074 2474 1227 2504 confundi
1252 2475 1363 2504 solent:
1391 2475 1461 2505 vide
1487 2486 1548 2507 var.

821 2521 901 2552 lectt.
919 2522 960 2553 ad
983 2523 1100 2555 Lucan.
1115 2525 1146 2555 ii.
1163 2529 1233 2555 214.
1259 2525 1312 2555 Sil.
1333 2526 1403 2556 Ital.
1419 2526 1460 2556 ix.
1477 2531 1548 2559 242.

819 2574 923 2614 ibique
952 2575 1405 2618 Drakenborchium.—quom.·
1439 2584 1474 2610 Δ.
1503 2587 1543 2611 Π.
1576 2586 1581 2589 ’

817 2631 901 2655 tum:
948 2632 979 2656 et
1012 2627 1095 2658 hanc
1132 2627 1299 2658 lectionem
1335 2629 1546 2669 recipiendam.

818 2676 975 2713 duximus,
1001 2678 1063 2719 qua
1089 2681 1129 2709 ob
1148 2679 1416 2720 elegantissimum
1430 2680 1545 2713 deflex-

817 2738 875 2757 um
906 2729 1054 2759 orationis
1089 2740 1108 2759 a
1145 2730 1267 2771 vulgari
1305 2733 1544 2771 commotione,

816 2789 912 2819 quam
940 2779 1076 2818 studiose
1105 2780 1222 2812 librarii
1250 2782 1416 2814 reductum
1443 2784 1546 2823 irent;

816 2830 878 2871 qua
906 2832 946 2861 ob
971 2832 1131 2872 scriptutae
1155 2833 1316 2865 varietates
1333 2835 1369 2866 in
1383 2836 1544 2869 codicibus

815 2881 855 2912 ad
871 2888 1051 2923 sequentem
1064 2894 1197 2916 versum.

858 2934 932 2966 Ver.
963 2938 1038 2968 446.
1072 2938 1230 2978 Tempore:
1268 2938 1305 2970 B.
1340 2941 1540 2980 Tempora.—
