<?xml version="1.0" encoding="UTF-8"?>
<!DOCTYPE html PUBLIC "-//W3C//DTD XHTML 1.0 Transitional//EN"
    "http://www.w3.org/TR/xhtml1/DTD/xhtml1-transitional.dtd">
<html xmlns="http://www.w3.org/1999/xhtml" xml:lang="en" lang="en">
 <head>
  <title>
</title>
<meta http-equiv="Content-Type" content="text/html;charset=utf-8" />
  <meta name='ocr-system' content='tesseract 3.04.00' />
  <meta name='ocr-capabilities' content='ocr_page ocr_carea ocr_par ocr_line ocrx_word'/>
</head>
<body>
  <div class='ocr_page' id='page_1' title='image "./tlucretiicarider02lucruoft_0290.png"; bbox 0 0 1912 3292; ppageno 0'>
   <div class='ocr_carea' id='block_1_1' title="bbox 359 216 452 257">
    <p class='ocr_par' dir='ltr' id='par_1_1' title="bbox 359 216 452 257">
     <span class='ocr_line' id='line_1_1' title="bbox 359 216 452 257; baseline 0.011 -1"><span class='ocrx_word' id='word_1_1' title='bbox 359 216 452 257; x_wconf 85' lang='lat'>226</span> 
     </span>
    </p>
   </div>
   <div class='ocr_carea' id='block_1_2' title="bbox 856 210 1343 260">
    <p class='ocr_par' dir='ltr' id='par_1_2' title="bbox 856 210 1343 260">
     <span class='ocr_line' id='line_1_2' title="bbox 856 210 1343 260; baseline -0.002 0"><span class='ocrx_word' id='word_1_2' title='bbox 856 212 915 260; x_wconf 90' lang='lat' dir='ltr'>T.</span> <span class='ocrx_word' id='word_1_3' title='bbox 965 210 1343 260; x_wconf 87' lang='lat' dir='ltr'>LUCRETII</span> 
     </span>
    </p>
   </div>
   <div class='ocr_carea' id='block_1_3' title="bbox 495 335 1658 620">
    <p class='ocr_par' dir='ltr' id='par_1_3' title="bbox 495 335 1638 546">
     <span class='ocr_line' id='line_1_3' title="bbox 498 335 1638 399; baseline 0.002 -16"><span class='ocrx_word' id='word_1_4' title='bbox 498 335 813 399; x_wconf 86' lang='lat' dir='ltr'>Quaequomque</span> <span class='ocrx_word' id='word_1_5' title='bbox 832 343 884 385; x_wconf 86' lang='lat' dir='ltr'>ab</span> <span class='ocrx_word' id='word_1_6' title='bbox 904 344 1024 385; x_wconf 89' lang='lat' dir='ltr'>rebus</span> <span class='ocrx_word' id='word_1_7' title='bbox 1040 358 1175 385; x_wconf 84' lang='lat' dir='ltr'>rerum</span> <span class='ocrx_word' id='word_1_8' title='bbox 1195 343 1407 385; x_wconf 82' lang='lat' dir='ltr'>simulacra</span> <span class='ocrx_word' id='word_1_9' title='bbox 1427 342 1638 393; x_wconf 79' lang='lat' dir='ltr'>recedunt5</span> 
     </span>
     <span class='ocr_line' id='line_1_4' title="bbox 495 416 1568 475; baseline 0 -17"><span class='ocrx_word' id='word_1_10' title='bbox 495 416 601 458; x_wconf 88' lang='lat' dir='ltr'>Sunt</span> <span class='ocrx_word' id='word_1_11' title='bbox 621 417 758 468; x_wconf 85' lang='lat' dir='ltr'>etiam,</span> <span class='ocrx_word' id='word_1_12' title='bbox 789 432 882 474; x_wconf 87' lang='lat' dir='ltr'>quae</span> <span class='ocrx_word' id='word_1_13' title='bbox 902 426 1046 473; x_wconf 86' lang='lat' dir='ltr'>sponte</span> <span class='ocrx_word' id='word_1_14' title='bbox 1066 418 1136 460; x_wconf 57' lang='lat' dir='ltr'>su&amp;</span> <span class='ocrx_word' id='word_1_15' title='bbox 1156 418 1398 475; x_wconf 89' lang='lat' dir='ltr'>gignuntur,</span> <span class='ocrx_word' id='word_1_16' title='bbox 1420 426 1461 458; x_wconf 90' lang='lat' dir='ltr'>et</span> <span class='ocrx_word' id='word_1_17' title='bbox 1480 418 1568 472; x_wconf 87' lang='lat' dir='ltr'>ipsa</span> 
     </span>
     <span class='ocr_line' id='line_1_5' title="bbox 496 489 1488 546; baseline 0.002 -16"><span class='ocrx_word' id='word_1_18' title='bbox 496 489 812 532; x_wconf 86' lang='lat' dir='ltr'>Constituuntur</span> <span class='ocrx_word' id='word_1_19' title='bbox 831 491 873 531; x_wconf 90' lang='lat' dir='ltr'>in</span> <span class='ocrx_word' id='word_1_20' title='bbox 895 490 974 532; x_wconf 90' lang='lat' dir='ltr'>hoc</span> <span class='ocrx_word' id='word_1_21' title='bbox 994 491 1112 540; x_wconf 91' lang='lat' dir='ltr'>coelo,</span> <span class='ocrx_word' id='word_1_22' title='bbox 1146 492 1215 546; x_wconf 89' lang='lat' dir='ltr'>qui</span> <span class='ocrx_word' id='word_1_23' title='bbox 1236 491 1385 532; x_wconf 85' lang='lat' dir='ltr'>dicitur</span> <span class='ocrx_word' id='word_1_24' title='bbox 1405 492 1488 532; x_wconf 74' lang='lat' dir='ltr'>ae&#39;r:</span> 
     </span>
    </p>

    <p class='ocr_par' dir='ltr' id='par_1_4' title="bbox 495 562 1658 620">
     <span class='ocr_line' id='line_1_6' title="bbox 495 562 1658 620; baseline 0.002 -16"><span class='ocrx_word' id='word_1_25' title='bbox 495 562 556 604; x_wconf 91' lang='lat' dir='ltr'>Ut</span> <span class='ocrx_word' id='word_1_26' title='bbox 575 564 702 605; x_wconf 83' lang='lat' dir='ltr'>nubes</span> <span class='ocrx_word' id='word_1_27' title='bbox 723 563 853 606; x_wconf 86' lang='lat' dir='ltr'>facere</span> <span class='ocrx_word' id='word_1_28' title='bbox 873 564 1095 614; x_wconf 89' lang='lat' dir='ltr'>interdum,</span> <span class='ocrx_word' id='word_1_29' title='bbox 1126 578 1251 620; x_wconf 90' lang='lat' dir='ltr'>quom</span> <span class='ocrx_word' id='word_1_30' title='bbox 1272 578 1450 605; x_wconf 89' lang='lat' dir='ltr'>crescere</span> <span class='ocrx_word' id='word_1_31' title='bbox 1469 565 1512 605; x_wconf 89' lang='lat' dir='ltr'>in</span> <span class='ocrx_word' id='word_1_32' title='bbox 1533 565 1658 606; x_wconf 83' lang='lat' dir='ltr'>altum</span> 
     </span>
    </p>
   </div>
   <div class='ocr_carea' id='block_1_4' title="bbox 324 718 1070 2911">
    <p class='ocr_par' dir='ltr' id='par_1_5' title="bbox 324 718 1070 2911">
     <span class='ocr_line' id='line_1_7' title="bbox 347 718 1069 761; baseline 0.003 -12"><span class='ocrx_word' id='word_1_33' title='bbox 347 726 381 749; x_wconf 81' lang='lat' dir='ltr'>et</span> <span class='ocrx_word' id='word_1_34' title='bbox 401 718 526 750; x_wconf 86' lang='lat' dir='ltr'>cordato</span> <span class='ocrx_word' id='word_1_35' title='bbox 550 719 670 749; x_wconf 88' lang='lat' dir='ltr'>nemini</span> <span class='ocrx_word' id='word_1_36' title='bbox 694 719 921 760; x_wconf 77' lang='lat' dir='ltr'>coarguendus,</span> <span class='ocrx_word' id='word_1_37' title='bbox 950 719 1069 761; x_wconf 84' lang='lat' dir='ltr'>ingenii</span> 
     </span>
     <span class='ocr_line' id='line_1_8' title="bbox 345 770 1070 810; baseline 0.004 -10"><span class='ocrx_word' id='word_1_38' title='bbox 345 771 441 801; x_wconf 79' lang='lat' dir='ltr'>nostri</span> <span class='ocrx_word' id='word_1_39' title='bbox 457 771 550 807; x_wconf 82' lang='lat' dir='ltr'>setus,</span> <span class='ocrx_word' id='word_1_40' title='bbox 566 782 664 810; x_wconf 84' lang='lat' dir='ltr'>quom,</span> <span class='ocrx_word' id='word_1_41' title='bbox 682 770 730 801; x_wconf 89' lang='lat' dir='ltr'>vel</span> <span class='ocrx_word' id='word_1_42' title='bbox 745 782 826 809; x_wconf 80' lang='lat' dir='ltr'>cum,</span> <span class='ocrx_word' id='word_1_43' title='bbox 850 783 989 808; x_wconf 81' lang='lat' dir='ltr'>crescere,</span> <span class='ocrx_word' id='word_1_44' title='bbox 1005 772 1070 803; x_wconf 84' lang='lat' dir='ltr'>vice</span> 
     </span>
     <span class='ocr_line' id='line_1_9' title="bbox 345 821 1064 862; baseline 0.006 -12"><span class='ocrx_word' id='word_1_45' title='bbox 345 821 463 862; x_wconf 86' lang='lat' dir='ltr'>vulgati</span> <span class='ocrx_word' id='word_1_46' title='bbox 478 832 683 853; x_wconf 80' lang='lat' dir='ltr'><strong><em>concrescere:</em></strong></span> <span class='ocrx_word' id='word_1_47' title='bbox 708 822 780 853; x_wconf 91' lang='lat' dir='ltr'>hinc</span> <span class='ocrx_word' id='word_1_48' title='bbox 795 824 880 853; x_wconf 88' lang='lat' dir='ltr'>enim</span> <span class='ocrx_word' id='word_1_49' title='bbox 893 824 947 854; x_wconf 84' lang='lat' dir='ltr'>lux</span> <span class='ocrx_word' id='word_1_50' title='bbox 963 824 1064 854; x_wconf 90' lang='lat' dir='ltr'>omni-</span> 
     </span>
     <span class='ocr_line' id='line_1_10' title="bbox 343 871 1064 909; baseline 0.006 -7"><span class='ocrx_word' id='word_1_51' title='bbox 343 872 402 903; x_wconf 88' lang='lat' dir='ltr'>bus</span> <span class='ocrx_word' id='word_1_52' title='bbox 416 873 568 909; x_wconf 88' lang='lat' dir='ltr'>oboritur;</span> <span class='ocrx_word' id='word_1_53' title='bbox 592 871 664 903; x_wconf 90' lang='lat' dir='ltr'>hinc</span> <span class='ocrx_word' id='word_1_54' title='bbox 686 879 830 904; x_wconf 80' lang='lat' dir='ltr'>venustas</span> <span class='ocrx_word' id='word_1_55' title='bbox 848 880 879 905; x_wconf 90' lang='lat' dir='ltr'>et</span> <span class='ocrx_word' id='word_1_56' title='bbox 900 875 1064 906; x_wconf 85' lang='lat' dir='ltr'>connexio.</span> 
     </span>
     <span class='ocr_line' id='line_1_11' title="bbox 342 922 1066 964; baseline 0.003 -10"><span class='ocrx_word' id='word_1_57' title='bbox 342 922 417 954; x_wconf 81' lang='lat' dir='ltr'>Jam</span> <span class='ocrx_word' id='word_1_58' title='bbox 433 933 505 953; x_wconf 82' lang='lat' dir='ltr'>vero</span> <span class='ocrx_word' id='word_1_59' title='bbox 531 934 586 954; x_wconf 85' lang='lat' dir='ltr'>con</span> <span class='ocrx_word' id='word_1_60' title='bbox 609 929 641 954; x_wconf 91' lang='lat' dir='ltr'>et</span> <span class='ocrx_word' id='word_1_61' title='bbox 654 935 742 964; x_wconf 86' lang='lat' dir='ltr'>quom</span> <span class='ocrx_word' id='word_1_62' title='bbox 766 925 881 955; x_wconf 78' lang='lat' dir='ltr'><strong>centies</strong></span> <span class='ocrx_word' id='word_1_63' title='bbox 895 926 1066 956; x_wconf 90' lang='lat' dir='ltr'>minimum</span> 
     </span>
     <span class='ocr_line' id='line_1_12' title="bbox 342 973 1065 1008; baseline 0.007 -5"><span class='ocrx_word' id='word_1_64' title='bbox 342 973 377 1003; x_wconf 87' lang='lat' dir='ltr'>in</span> <span class='ocrx_word' id='word_1_65' title='bbox 403 974 540 1005; x_wconf 81' lang='lat' dir='ltr'>Lucretii</span> <span class='ocrx_word' id='word_1_66' title='bbox 566 975 755 1006; x_wconf 85' lang='lat' dir='ltr'>carminibus</span> <span class='ocrx_word' id='word_1_67' title='bbox 772 976 901 1007; x_wconf 84' lang='lat' dir='ltr'>confusa</span> <span class='ocrx_word' id='word_1_68' title='bbox 916 983 1005 1007; x_wconf 81' lang='lat' dir='ltr'>sunt:</span> <span class='ocrx_word' id='word_1_69' title='bbox 1032 978 1065 1008; x_wconf 89' lang='lat' dir='ltr'>in</span> 
     </span>
     <span class='ocr_line' id='line_1_13' title="bbox 342 1025 1066 1068; baseline 0.008 -15"><span class='ocrx_word' id='word_1_70' title='bbox 342 1033 438 1064; x_wconf 77' lang='lat' dir='ltr'>quam</span> <span class='ocrx_word' id='word_1_71' title='bbox 453 1035 519 1055; x_wconf 87' lang='lat' dir='ltr'>rem</span> <span class='ocrx_word' id='word_1_72' title='bbox 534 1025 727 1068; x_wconf 84' lang='lat' dir='ltr'>delegandus</span> <span class='ocrx_word' id='word_1_73' title='bbox 742 1038 785 1065; x_wconf 90' lang='lat' dir='ltr'>es,</span> <span class='ocrx_word' id='word_1_74' title='bbox 801 1028 826 1058; x_wconf 89' lang='lat' dir='ltr'>si</span> <span class='ocrx_word' id='word_1_75' title='bbox 838 1028 991 1059; x_wconf 57' lang='lat' dir='ltr'>memoria</span> <span class='ocrx_word' id='word_1_76' title='bbox 1001 1039 1066 1059; x_wconf 92' lang='lat' dir='ltr'>non</span> 
     </span>
     <span class='ocr_line' id='line_1_14' title="bbox 336 1078 1064 1120; baseline 0.008 -15"><span class='ocrx_word' id='word_1_77' title='bbox 336 1081 456 1114; x_wconf 67' lang='lat' dir='ltr'>teneas,</span> <span class='ocrx_word' id='word_1_78' title='bbox 483 1084 538 1108; x_wconf 84' lang='lat' dir='ltr'>aut</span> <span class='ocrx_word' id='word_1_79' title='bbox 559 1078 608 1109; x_wconf 91' lang='lat' dir='ltr'>his</span> <span class='ocrx_word' id='word_1_80' title='bbox 632 1079 817 1120; x_wconf 88' lang='lat' dir='ltr'>conjecturis</span> <span class='ocrx_word' id='word_1_81' title='bbox 841 1080 921 1111; x_wconf 85' lang='lat' dir='ltr'>forte</span> <span class='ocrx_word' id='word_1_82' title='bbox 941 1081 983 1112; x_wconf 81' lang='lat' dir='ltr'>sis</span> <span class='ocrx_word' id='word_1_83' title='bbox 1004 1081 1064 1111; x_wconf 85' lang='lat' dir='ltr'>ini·</span> 
     </span>
     <span class='ocr_line' id='line_1_15' title="bbox 338 1127 1064 1167; baseline 0.008 -10"><span class='ocrx_word' id='word_1_84' title='bbox 338 1127 440 1167; x_wconf 83' lang='lat' dir='ltr'>quior,</span> <span class='ocrx_word' id='word_1_85' title='bbox 463 1129 502 1159; x_wconf 89' lang='lat' dir='ltr'>ad</span> <span class='ocrx_word' id='word_1_86' title='bbox 517 1129 537 1160; x_wconf 88' lang='lat' dir='ltr'>i.</span> <span class='ocrx_word' id='word_1_87' title='bbox 554 1133 625 1162; x_wconf 80' lang='lat'>493.</span> <span class='ocrx_word' id='word_1_88' title='bbox 641 1134 713 1163; x_wconf 83' lang='lat'>575.</span> <span class='ocrx_word' id='word_1_89' title='bbox 740 1135 812 1162; x_wconf 87' lang='grc'>818.</span> <span class='ocrx_word' id='word_1_90' title='bbox 832 1135 921 1164; x_wconf 87' lang='grc'><strong>1076.</strong></span> <span class='ocrx_word' id='word_1_91' title='bbox 944 1132 976 1163; x_wconf 86' lang='lat' dir='ltr'>ii.</span> <span class='ocrx_word' id='word_1_92' title='bbox 996 1136 1064 1164; x_wconf 83' lang='lat'>153.</span> 
     </span>
     <span class='ocr_line' id='line_1_16' title="bbox 339 1181 1065 1215; baseline 0.01 -7"><span class='ocrx_word' id='word_1_93' title='bbox 339 1181 411 1210; x_wconf 90' lang='lat'>175.</span> <span class='ocrx_word' id='word_1_94' title='bbox 427 1182 499 1211; x_wconf 85' lang='lat'>679.</span> <span class='ocrx_word' id='word_1_95' title='bbox 517 1184 588 1211; x_wconf 88' lang='grc'><strong>905.</strong></span> <span class='ocrx_word' id='word_1_96' title='bbox 605 1181 647 1211; x_wconf 89' lang='lat' dir='ltr'>iii.</span> <span class='ocrx_word' id='word_1_97' title='bbox 673 1186 741 1214; x_wconf 80' lang='lat'>149.</span> <span class='ocrx_word' id='word_1_98' title='bbox 759 1185 828 1214; x_wconf 82' lang='lat'>740.</span> <span class='ocrx_word' id='word_1_99' title='bbox 852 1189 883 1214; x_wconf 89' lang='lat' dir='ltr'>et</span> <span class='ocrx_word' id='word_1_100' title='bbox 906 1185 1065 1215; x_wconf 86' lang='lat' dir='ltr'>Burman-</span> 
     </span>
     <span class='ocr_line' id='line_1_17' title="bbox 338 1230 1063 1266; baseline 0.012 -8"><span class='ocrx_word' id='word_1_101' title='bbox 338 1239 428 1265; x_wconf 88' lang='lat' dir='ltr'>num,</span> <span class='ocrx_word' id='word_1_102' title='bbox 451 1230 483 1260; x_wconf 90' lang='lat' dir='ltr'>in</span> <span class='ocrx_word' id='word_1_103' title='bbox 500 1230 618 1262; x_wconf 88' lang='lat' dir='ltr'>Lucan.</span> <span class='ocrx_word' id='word_1_104' title='bbox 634 1232 675 1262; x_wconf 87' lang='lat' dir='ltr'>ix.</span> <span class='ocrx_word' id='word_1_105' title='bbox 691 1236 763 1264; x_wconf 85' lang='lat'>461.</span> <span class='ocrx_word' id='word_1_106' title='bbox 776 1244 849 1264; x_wconf 83' lang='lat' dir='ltr'>nam</span> <span class='ocrx_word' id='word_1_107' title='bbox 866 1235 981 1266; x_wconf 84' lang='lat' dir='ltr'>Divam</span> <span class='ocrx_word' id='word_1_108' title='bbox 996 1236 1063 1266; x_wconf 90' lang='lat' dir='ltr'>Cri·</span> 
     </span>
     <span class='ocr_line' id='line_1_18' title="bbox 331 1280 1065 1326; baseline 0.012 -17"><span class='ocrx_word' id='word_1_109' title='bbox 331 1280 419 1311; x_wconf 67' lang='lat' dir='ltr'>ticeu</span> <span class='ocrx_word' id='word_1_110' title='bbox 442 1281 604 1313; x_wconf 85' lang='lat' dir='ltr'>fautricem</span> <span class='ocrx_word' id='word_1_111' title='bbox 626 1284 728 1320; x_wconf 90' lang='lat' dir='ltr'>habet,</span> <span class='ocrx_word' id='word_1_112' title='bbox 751 1285 777 1315; x_wconf 91' lang='lat' dir='ltr'>si</span> <span class='ocrx_word' id='word_1_113' title='bbox 799 1287 914 1326; x_wconf 80' lang='lat' dir='ltr'>quaevis</span> <span class='ocrx_word' id='word_1_114' title='bbox 936 1287 1065 1318; x_wconf 90' lang='lat' dir='ltr'>demum</span> 
     </span>
     <span class='ocr_line' id='line_1_19' title="bbox 337 1331 1062 1370; baseline 0.012 -9"><span class='ocrx_word' id='word_1_115' title='bbox 337 1331 408 1369; x_wconf 82' lang='lat' dir='ltr'>alia,</span> <span class='ocrx_word' id='word_1_116' title='bbox 431 1333 497 1363; x_wconf 82' lang='lat' dir='ltr'>haec</span> <span class='ocrx_word' id='word_1_117' title='bbox 519 1334 705 1366; x_wconf 83' lang='lat' dir='ltr'>emendatio.</span> <span class='ocrx_word' id='word_1_118' title='bbox 754 1336 795 1366; x_wconf 91' lang='lat' dir='ltr'>In</span> <span class='ocrx_word' id='word_1_119' title='bbox 818 1338 985 1369; x_wconf 79' lang='lat' dir='ltr'>excellente</span> <span class='ocrx_word' id='word_1_120' title='bbox 1011 1350 1062 1370; x_wconf 86' lang='lat' dir='ltr'>co-</span> 
     </span>
     <span class='ocr_line' id='line_1_20' title="bbox 336 1383 1063 1427; baseline 0.012 -14"><span class='ocrx_word' id='word_1_121' title='bbox 336 1383 405 1414; x_wconf 85' lang='lat' dir='ltr'>dice</span> <span class='ocrx_word' id='word_1_122' title='bbox 430 1385 604 1424; x_wconf 86' lang='lat' dir='ltr'>Juvenalis,</span> <span class='ocrx_word' id='word_1_123' title='bbox 631 1387 684 1427; x_wconf 88' lang='lat' dir='ltr'>qui</span> <span class='ocrx_word' id='word_1_124' title='bbox 710 1388 841 1427; x_wconf 89' lang='lat' dir='ltr'>publicae</span> <span class='ocrx_word' id='word_1_125' title='bbox 869 1389 1063 1422; x_wconf 67' lang='lat' dir='ltr'>bibliothecae</span> 
     </span>
     <span class='ocr_line' id='line_1_21' title="bbox 336 1437 1062 1484; baseline 0.011 -18"><span class='ocrx_word' id='word_1_126' title='bbox 336 1442 383 1466; x_wconf 88' lang='lat' dir='ltr'>est</span> <span class='ocrx_word' id='word_1_127' title='bbox 400 1437 431 1466; x_wconf 89' lang='lat' dir='ltr'>in</span> <span class='ocrx_word' id='word_1_128' title='bbox 451 1438 623 1469; x_wconf 59' lang='lat' dir='ltr'>Academia</span> <span class='ocrx_word' id='word_1_129' title='bbox 639 1440 743 1471; x_wconf 67' lang='lat' dir='ltr'>nostrii</span> <span class='ocrx_word' id='word_1_130' title='bbox 760 1441 1021 1484; x_wconf 85' lang='lat' dir='ltr'>Cantabrigiensi‚</span> <span class='ocrx_word' id='word_1_131' title='bbox 1043 1454 1062 1474; x_wconf 87' lang='lat' dir='ltr'>a</span> 
     </span>
     <span class='ocr_line' id='line_1_22' title="bbox 335 1488 1058 1531; baseline 0.012 -15"><span class='ocrx_word' id='word_1_132' title='bbox 335 1496 387 1517; x_wconf 88' lang='lat' dir='ltr'>me</span> <span class='ocrx_word' id='word_1_133' title='bbox 412 1488 594 1527; x_wconf 82' lang='lat' dir='ltr'>saepiuscule</span> <span class='ocrx_word' id='word_1_134' title='bbox 619 1498 819 1531; x_wconf 86' lang='lat' dir='ltr'>memoratus,</span> <span class='ocrx_word' id='word_1_135' title='bbox 843 1493 882 1523; x_wconf 92' lang='lat' dir='ltr'>ad</span> <span class='ocrx_word' id='word_1_136' title='bbox 898 1500 951 1524; x_wconf 86' lang='lat' dir='ltr'>sat.</span> <span class='ocrx_word' id='word_1_137' title='bbox 974 1494 992 1525; x_wconf 90' lang='lat' dir='ltr'>i.</span> <span class='ocrx_word' id='word_1_138' title='bbox 1007 1498 1058 1525; x_wconf 75' lang='lat'>32.</span> 
     </span>
     <span class='ocr_line' id='line_1_23' title="bbox 334 1542 1058 1581; baseline 0.011 -14"><span class='ocrx_word' id='word_1_139' title='bbox 334 1547 393 1577; x_wconf 86' lang='lat' dir='ltr'>pro</span> <span class='ocrx_word' id='word_1_140' title='bbox 409 1549 475 1570; x_wconf 80' lang='lat' dir='ltr'>cum</span> <span class='ocrx_word' id='word_1_141' title='bbox 493 1542 604 1578; x_wconf 80' lang='lat' dir='ltr'>veniat,</span> <span class='ocrx_word' id='word_1_142' title='bbox 626 1542 718 1573; x_wconf 83' lang='lat' dir='ltr'>habet</span> <span class='ocrx_word' id='word_1_143' title='bbox 741 1546 897 1575; x_wconf 80' lang='lat' dir='ltr'>conveniat</span> <span class='ocrx_word' id='word_1_144' title='bbox 904 1560 914 1581; x_wconf 88' lang='lat'><em>;</em></span> <span class='ocrx_word' id='word_1_145' title='bbox 942 1544 982 1575; x_wconf 87' lang='lat' dir='ltr'>ad</span> <span class='ocrx_word' id='word_1_146' title='bbox 1007 1545 1058 1575; x_wconf 74' lang='lat' dir='ltr'>vii.</span> 
     </span>
     <span class='ocr_line' id='line_1_24' title="bbox 334 1593 1056 1633; baseline 0.01 -13"><span class='ocrx_word' id='word_1_147' title='bbox 334 1593 404 1622; x_wconf 87' lang='lat'>115.</span> <span class='ocrx_word' id='word_1_148' title='bbox 428 1601 484 1630; x_wconf 89' lang='lat' dir='ltr'>pro</span> <span class='ocrx_word' id='word_1_149' title='bbox 512 1595 684 1630; x_wconf 83' lang='lat' dir='ltr'>Consedere,</span> <span class='ocrx_word' id='word_1_150' title='bbox 710 1597 786 1626; x_wconf 84' lang='lat' dir='ltr'>Cum</span> <span class='ocrx_word' id='word_1_151' title='bbox 809 1598 924 1633; x_wconf 81' lang='lat' dir='ltr'>sedere,·</span> <span class='ocrx_word' id='word_1_152' title='bbox 950 1596 990 1627; x_wconf 90' lang='lat' dir='ltr'>ad</span> <span class='ocrx_word' id='word_1_153' title='bbox 1016 1597 1056 1627; x_wconf 87' lang='lat' dir='ltr'>ix.</span> 
     </span>
     <span class='ocr_line' id='line_1_25' title="bbox 331 1643 1057 1683; baseline 0.008 -12"><span class='ocrx_word' id='word_1_154' title='bbox 331 1643 383 1671; x_wconf 85' lang='lat'>61.</span> <span class='ocrx_word' id='word_1_155' title='bbox 406 1652 462 1681; x_wconf 89' lang='lat' dir='ltr'>pro</span> <span class='ocrx_word' id='word_1_156' title='bbox 477 1645 638 1679; x_wconf 79' lang='lat' dir='ltr'>conlusore,</span> <span class='ocrx_word' id='word_1_157' title='bbox 662 1656 730 1676; x_wconf 88' lang='lat' dir='ltr'>cum</span> <span class='ocrx_word' id='word_1_158' title='bbox 747 1647 862 1683; x_wconf 85' lang='lat' dir='ltr'>lusore‚·</span> <span class='ocrx_word' id='word_1_159' title='bbox 886 1646 926 1677; x_wconf 86' lang='lat' dir='ltr'>ad</span> <span class='ocrx_word' id='word_1_160' title='bbox 940 1647 992 1677; x_wconf 83' lang='lat' dir='ltr'>xii.</span> <span class='ocrx_word' id='word_1_161' title='bbox 1007 1651 1057 1678; x_wconf 81' lang='lat'>53.</span> 
     </span>
     <span class='ocr_line' id='line_1_26' title="bbox 331 1693 1058 1737; baseline 0.01 -16"><span class='ocrx_word' id='word_1_162' title='bbox 331 1701 388 1730; x_wconf 86' lang='lat' dir='ltr'>pro</span> <span class='ocrx_word' id='word_1_163' title='bbox 402 1693 558 1732; x_wconf 81' lang='lat' dir='ltr'>conferret,</span> <span class='ocrx_word' id='word_1_164' title='bbox 586 1695 778 1735; x_wconf 79' lang='lat' dir='ltr'>c21mserree;</span> <span class='ocrx_word' id='word_1_165' title='bbox 804 1696 844 1726; x_wconf 84' lang='lat' dir='ltr'>ad</span> <span class='ocrx_word' id='word_1_166' title='bbox 859 1697 919 1727; x_wconf 84' lang='lat' dir='ltr'>xvi.</span> <span class='ocrx_word' id='word_1_167' title='bbox 937 1701 987 1729; x_wconf 79' lang='lat'>39.</span> <span class='ocrx_word' id='word_1_168' title='bbox 1003 1708 1058 1737; x_wconf 90' lang='lat' dir='ltr'>pro</span> 
     </span>
     <span class='ocr_line' id='line_1_27' title="bbox 329 1744 1055 1786; baseline 0.011 -14"><span class='ocrx_word' id='word_1_169' title='bbox 329 1754 398 1773; x_wconf 83' lang='lat' dir='ltr'>cum</span> <span class='ocrx_word' id='word_1_170' title='bbox 415 1746 509 1775; x_wconf 79' lang='lat' dir='ltr'>vetulo</span> <span class='ocrx_word' id='word_1_171' title='bbox 525 1744 670 1786; x_wconf 88' lang='lat' dir='ltr'>denique,</span> <span class='ocrx_word' id='word_1_172' title='bbox 687 1748 924 1779; x_wconf 58' lang='lat' dir='ltr'>convellam—in</span> <span class='ocrx_word' id='word_1_173' title='bbox 940 1751 1055 1780; x_wconf 79' lang='lat' dir='ltr'>allum.-</span> 
     </span>
     <span class='ocr_line' id='line_1_28' title="bbox 330 1793 1057 1841; baseline 0.012 -18"><span class='ocrx_word' id='word_1_174' title='bbox 330 1793 376 1824; x_wconf 64' lang='grc' dir='ltr'>εἰς</span> <span class='ocrx_word' id='word_1_175' title='bbox 392 1794 428 1825; x_wconf 84' lang='grc' dir='ltr'><strong>Ρ.</strong></span> <span class='ocrx_word' id='word_1_176' title='bbox 442 1795 610 1832; x_wconf 79' lang='lat' dir='ltr'>verissime,</span> <span class='ocrx_word' id='word_1_177' title='bbox 632 1803 726 1838; x_wconf 77' lang='lat' dir='ltr'>atque</span> <span class='ocrx_word' id='word_1_178' title='bbox 740 1809 813 1829; x_wconf 86' lang='lat' dir='ltr'>cum</span> <span class='ocrx_word' id='word_1_179' title='bbox 829 1799 985 1841; x_wconf 55' lang='lat' dir='ltr'>elegantia</span> <span class='ocrx_word' id='word_1_180' title='bbox 998 1801 1057 1831; x_wconf 86' lang='lat' dir='ltr'>mi-</span> 
     </span>
     <span class='ocr_line' id='line_1_29' title="bbox 330 1845 1056 1893; baseline 0.014 -19"><span class='ocrx_word' id='word_1_181' title='bbox 330 1845 417 1875; x_wconf 85' lang='lat' dir='ltr'>nime</span> <span class='ocrx_word' id='word_1_182' title='bbox 442 1847 573 1888; x_wconf 88' lang='lat' dir='ltr'>vulgari,</span> <span class='ocrx_word' id='word_1_183' title='bbox 594 1849 663 1880; x_wconf 91' lang='lat' dir='ltr'>loco</span> <span class='ocrx_word' id='word_1_184' title='bbox 685 1852 762 1886; x_wconf 80' lang='lat' dir='ltr'>alte,·</span> <span class='ocrx_word' id='word_1_185' title='bbox 793 1851 811 1881; x_wconf 88' lang='lat' dir='ltr'>i.</span> <span class='ocrx_word' id='word_1_186' title='bbox 838 1862 863 1883; x_wconf 89' lang='lat' dir='ltr'>e.</span> <span class='ocrx_word' id='word_1_187' title='bbox 888 1856 910 1871; x_wconf 87' lang='lat'><strong>“</strong></span> <span class='ocrx_word' id='word_1_188' title='bbox 926 1853 960 1883; x_wconf 92' lang='lat' dir='ltr'>in</span> <span class='ocrx_word' id='word_1_189' title='bbox 986 1863 1056 1893; x_wconf 91' lang='lat' dir='ltr'>pro-</span> 
     </span>
     <span class='ocr_line' id='line_1_30' title="bbox 330 1897 1056 1943; baseline 0.012 -16"><span class='ocrx_word' id='word_1_190' title='bbox 330 1900 356 1915; x_wconf 84' lang='lat'><strong>“</strong></span> <span class='ocrx_word' id='word_1_191' title='bbox 372 1897 560 1930; x_wconf 78' lang='lat' dir='ltr'>funditatem</span> <span class='ocrx_word' id='word_1_192' title='bbox 585 1907 678 1942; x_wconf 79' lang='lat' dir='ltr'>atque</span> <span class='ocrx_word' id='word_1_193' title='bbox 695 1903 965 1943; x_wconf 86' lang='lat' dir='ltr'>crassitudinem,’&#39;</span> <span class='ocrx_word' id='word_1_194' title='bbox 993 1905 1056 1936; x_wconf 62' lang='lat' dir='ltr'>unzi</span> 
     </span>
     <span class='ocr_line' id='line_1_31' title="bbox 331 1948 1056 1992; baseline 0.012 -15"><span class='ocrx_word' id='word_1_195' title='bbox 331 1948 410 1978; x_wconf 82' lang='lat' dir='ltr'>serie</span> <span class='ocrx_word' id='word_1_196' title='bbox 424 1951 558 1981; x_wconf 88' lang='lat' dir='ltr'>nubium</span> <span class='ocrx_word' id='word_1_197' title='bbox 584 1962 676 1992; x_wconf 87' lang='lat' dir='ltr'>super</span> <span class='ocrx_word' id='word_1_198' title='bbox 701 1954 769 1984; x_wconf 87' lang='lat' dir='ltr'>aliis</span> <span class='ocrx_word' id='word_1_199' title='bbox 791 1955 905 1985; x_wconf 87' lang='lat' dir='ltr'>sensim</span> <span class='ocrx_word' id='word_1_200' title='bbox 921 1955 1056 1986; x_wconf 86' lang='lat' dir='ltr'>nubibus</span> 
     </span>
     <span class='ocr_line' id='line_1_32' title="bbox 327 1999 1053 2046; baseline 0.012 -18"><span class='ocrx_word' id='word_1_201' title='bbox 327 1999 547 2040; x_wconf 52' lang='lat' dir='ltr'>agglomerata.</span> <span class='ocrx_word' id='word_1_202' title='bbox 581 2002 712 2043; x_wconf 82' lang='lat' dir='ltr'>Legitur</span> <span class='ocrx_word' id='word_1_203' title='bbox 728 2004 761 2034; x_wconf 92' lang='lat' dir='ltr'>in</span> <span class='ocrx_word' id='word_1_204' title='bbox 778 2005 918 2046; x_wconf 82' lang='lat' dir='ltr'>reliquiS‚</span> <span class='ocrx_word' id='word_1_205' title='bbox 933 2008 965 2036; x_wconf 77' lang='lat' dir='ltr'>in</span> <span class='ocrx_word' id='word_1_206' title='bbox 981 2009 1053 2044; x_wconf 78' lang='lat' dir='ltr'>alto,-</span> 
     </span>
     <span class='ocr_line' id='line_1_33' title="bbox 327 2051 1055 2098; baseline 0.014 -19"><span class='ocrx_word' id='word_1_207' title='bbox 327 2060 422 2090; x_wconf 85' lang='lat' dir='ltr'>quam</span> <span class='ocrx_word' id='word_1_208' title='bbox 437 2051 562 2093; x_wconf 79' lang='lat' dir='ltr'>frigide!</span> <span class='ocrx_word' id='word_1_209' title='bbox 604 2054 665 2084; x_wconf 87' lang='lat' dir='ltr'>Sed</span> <span class='ocrx_word' id='word_1_210' title='bbox 684 2054 754 2086; x_wconf 89' lang='lat' dir='ltr'>fons</span> <span class='ocrx_word' id='word_1_211' title='bbox 775 2057 884 2087; x_wconf 83' lang='lat' dir='ltr'>erroris</span> <span class='ocrx_word' id='word_1_212' title='bbox 898 2057 931 2087; x_wconf 88' lang='lat' dir='ltr'>in</span> <span class='ocrx_word' id='word_1_213' title='bbox 949 2065 1055 2098; x_wconf 85' lang='lat' dir='ltr'>aperto</span> 
     </span>
     <span class='ocr_line' id='line_1_34' title="bbox 328 2105 1052 2149; baseline 0.012 -19"><span class='ocrx_word' id='word_1_214' title='bbox 328 2108 392 2131; x_wconf 83' lang='lat' dir='ltr'>est:</span> <span class='ocrx_word' id='word_1_215' title='bbox 410 2112 523 2142; x_wconf 86' lang='lat' dir='ltr'>nempe</span> <span class='ocrx_word' id='word_1_216' title='bbox 539 2114 575 2133; x_wconf 85' lang='lat' dir='ltr'>ex</span> <span class='ocrx_word' id='word_1_217' title='bbox 592 2106 659 2140; x_wconf 75' lang='grc' dir='ltr'><em>αΙιῢ,</em></span> <span class='ocrx_word' id='word_1_218' title='bbox 676 2105 723 2135; x_wconf 84' lang='lat' dir='ltr'>vel</span> <span class='ocrx_word' id='word_1_219' title='bbox 742 2108 843 2143; x_wconf 68' lang='lat' dir='ltr'>altam,</span> <span class='ocrx_word' id='word_1_220' title='bbox 855 2107 943 2138; x_wconf 91' lang='lat' dir='ltr'>nullo</span> <span class='ocrx_word' id='word_1_221' title='bbox 957 2119 1052 2149; x_wconf 86' lang='lat' dir='ltr'>nego-</span> 
     </span>
     <span class='ocr_line' id='line_1_35' title="bbox 329 2151 1054 2199; baseline 0.011 -17"><span class='ocrx_word' id='word_1_222' title='bbox 329 2151 377 2182; x_wconf 84' lang='lat' dir='ltr'>tio</span> <span class='ocrx_word' id='word_1_223' title='bbox 387 2152 526 2184; x_wconf 86' lang='lat' dir='ltr'>effictum</span> <span class='ocrx_word' id='word_1_224' title='bbox 537 2161 591 2193; x_wconf 88' lang='lat' dir='ltr'>est,</span> <span class='ocrx_word' id='word_1_225' title='bbox 602 2156 685 2196; x_wconf 92' lang='lat' dir='ltr'>quod</span> <span class='ocrx_word' id='word_1_226' title='bbox 695 2167 751 2186; x_wconf 87' lang='lat' dir='ltr'>nos</span> <span class='ocrx_word' id='word_1_227' title='bbox 761 2157 902 2188; x_wconf 84' lang='lat' dir='ltr'>felicibus</span> <span class='ocrx_word' id='word_1_228' title='bbox 910 2160 1054 2199; x_wconf 80' lang='lat' dir='ltr'>auspiciis</span> 
     </span>
     <span class='ocr_line' id='line_1_36' title="bbox 331 2203 1052 2242; baseline 0.011 -8"><span class='ocrx_word' id='word_1_229' title='bbox 331 2203 578 2237; x_wconf 78' lang='lat' dir='ltr'>eliminavimus:</span> <span class='ocrx_word' id='word_1_230' title='bbox 608 2208 676 2238; x_wconf 84' lang='lat' dir='ltr'>vide</span> <span class='ocrx_word' id='word_1_231' title='bbox 692 2219 748 2238; x_wconf 89' lang='lat' dir='ltr'>nos</span> <span class='ocrx_word' id='word_1_232' title='bbox 762 2209 801 2240; x_wconf 86' lang='lat' dir='ltr'>ad</span> <span class='ocrx_word' id='word_1_233' title='bbox 816 2210 857 2240; x_wconf 88' lang='lat' dir='ltr'>iii.</span> <span class='ocrx_word' id='word_1_234' title='bbox 870 2214 941 2241; x_wconf 83' lang='lat'>647.</span> <span class='ocrx_word' id='word_1_235' title='bbox 961 2215 1052 2242; x_wconf 71' lang='grc'><strong>1045.</strong></span> 
     </span>
     <span class='ocr_line' id='line_1_37' title="bbox 327 2255 1052 2302; baseline 0.011 -18"><span class='ocrx_word' id='word_1_236' title='bbox 327 2260 360 2285; x_wconf 79' lang='lat' dir='ltr'>et</span> <span class='ocrx_word' id='word_1_237' title='bbox 374 2255 448 2286; x_wconf 85' lang='lat' dir='ltr'>alias</span> <span class='ocrx_word' id='word_1_238' title='bbox 470 2267 690 2296; x_wconf 66' lang='lat' dir='ltr'>saepenumero.</span> <span class='ocrx_word' id='word_1_239' title='bbox 736 2260 823 2290; x_wconf 84' lang='lat' dir='ltr'>Iliuc</span> <span class='ocrx_word' id='word_1_240' title='bbox 845 2268 889 2291; x_wconf 85' lang='lat' dir='ltr'>est</span> <span class='ocrx_word' id='word_1_241' title='bbox 912 2261 995 2302; x_wconf 90' lang='lat' dir='ltr'>quod</span> <span class='ocrx_word' id='word_1_242' title='bbox 1019 2262 1052 2292; x_wconf 89' lang='lat' dir='ltr'>in</span> 
     </span>
     <span class='ocr_line' id='line_1_38' title="bbox 328 2306 1051 2353; baseline 0.01 -17"><span class='ocrx_word' id='word_1_243' title='bbox 328 2306 439 2337; x_wconf 89' lang='lat' dir='ltr'>eodem</span> <span class='ocrx_word' id='word_1_244' title='bbox 469 2308 574 2339; x_wconf 88' lang='lat' dir='ltr'>codice</span> <span class='ocrx_word' id='word_1_245' title='bbox 599 2309 761 2341; x_wconf 76' lang='lat' dir='ltr'>Juvenalis</span> <span class='ocrx_word' id='word_1_246' title='bbox 793 2312 1051 2353; x_wconf 70' lang='lat' dir='ltr'>Cantabrigiensi,</span> 
     </span>
     <span class='ocr_line' id='line_1_39' title="bbox 328 2357 1052 2402; baseline 0.01 -14"><span class='ocrx_word' id='word_1_247' title='bbox 328 2357 367 2388; x_wconf 89' lang='lat' dir='ltr'>de</span> <span class='ocrx_word' id='word_1_248' title='bbox 382 2369 444 2399; x_wconf 91' lang='lat' dir='ltr'>quo</span> <span class='ocrx_word' id='word_1_249' title='bbox 460 2361 650 2400; x_wconf 81' lang='lat' dir='ltr'>nuperrime,</span> <span class='ocrx_word' id='word_1_250' title='bbox 666 2361 705 2392; x_wconf 85' lang='lat' dir='ltr'>ad</span> <span class='ocrx_word' id='word_1_251' title='bbox 721 2369 774 2392; x_wconf 68' lang='lat' dir='ltr'>sut.</span> <span class='ocrx_word' id='word_1_252' title='bbox 790 2363 828 2393; x_wconf 73' lang='lat' dir='ltr'>vi.</span> <span class='ocrx_word' id='word_1_253' title='bbox 845 2367 874 2393; x_wconf 82' lang='lat'>5.</span> <span class='ocrx_word' id='word_1_254' title='bbox 889 2370 964 2402; x_wconf 75' lang='lat' dir='ltr'>toro,</span> <span class='ocrx_word' id='word_1_255' title='bbox 987 2365 1052 2395; x_wconf 79' lang='lat' dir='ltr'>vice</span> 
     </span>
     <span class='ocr_line' id='line_1_40' title="bbox 325 2412 1052 2454; baseline 0.01 -14"><span class='ocrx_word' id='word_1_256' title='bbox 325 2416 435 2447; x_wconf 84' lang='lat' dir='ltr'>torum,</span> <span class='ocrx_word' id='word_1_257' title='bbox 458 2412 608 2448; x_wconf 87' lang='lat' dir='ltr'>scribitur,</span> <span class='ocrx_word' id='word_1_258' title='bbox 635 2414 756 2454; x_wconf 70' lang='lat' dir='ltr'>virgulai</span> <span class='ocrx_word' id='word_1_259' title='bbox 778 2415 810 2444; x_wconf 85' lang='lat' dir='ltr'>in</span> <span class='ocrx_word' id='word_1_260' title='bbox 834 2420 908 2453; x_wconf 65' lang='lat' dir='ltr'>toz-6,</span> <span class='ocrx_word' id='word_1_261' title='bbox 931 2427 987 2454; x_wconf 84' lang='lat' dir='ltr'>pro</span> <span class='ocrx_word' id='word_1_262' title='bbox 1008 2424 1052 2448; x_wconf 81' lang='lat' dir='ltr'>to-</span> 
     </span>
     <span class='ocr_line' id='line_1_41' title="bbox 326 2463 1050 2506; baseline 0.01 -15"><span class='ocrx_word' id='word_1_263' title='bbox 326 2473 399 2498; x_wconf 71' lang='lat' dir='ltr'>rom,</span> <span class='ocrx_word' id='word_1_264' title='bbox 432 2463 553 2499; x_wconf 71' lang='lat' dir='ltr'>omissii,</span> <span class='ocrx_word' id='word_1_265' title='bbox 583 2464 632 2494; x_wconf 70' lang='lat' dir='ltr'>vel</span> <span class='ocrx_word' id='word_1_266' title='bbox 662 2465 747 2495; x_wconf 60' lang='lat' dir='ltr'>erasi}</span> <span class='ocrx_word' id='word_1_267' title='bbox 779 2465 866 2506; x_wconf 81' lang='lat' dir='ltr'>lapsu</span> <span class='ocrx_word' id='word_1_268' title='bbox 894 2469 1050 2506; x_wconf 71' lang='lat' dir='ltr'>temporis.</span> 
     </span>
     <span class='ocr_line' id='line_1_42' title="bbox 332 2512 1052 2552; baseline 0.011 -10"><span class='ocrx_word' id='word_1_269' title='bbox 332 2512 427 2551; x_wconf 86' lang='lat' dir='ltr'>Apud</span> <span class='ocrx_word' id='word_1_270' title='bbox 450 2514 586 2545; x_wconf 90' lang='lat' dir='ltr'>eundem</span> <span class='ocrx_word' id='word_1_271' title='bbox 608 2515 731 2552; x_wconf 87' lang='lat' dir='ltr'>librum,</span> <span class='ocrx_word' id='word_1_272' title='bbox 756 2516 794 2547; x_wconf 88' lang='lat' dir='ltr'>ad</span> <span class='ocrx_word' id='word_1_273' title='bbox 811 2524 863 2548; x_wconf 85' lang='lat' dir='ltr'>sat.</span> <span class='ocrx_word' id='word_1_274' title='bbox 880 2528 907 2548; x_wconf 86' lang='lat' dir='ltr'>x.</span> <span class='ocrx_word' id='word_1_275' title='bbox 928 2522 1000 2550; x_wconf 81' lang='lat'>500.</span> <span class='ocrx_word' id='word_1_276' title='bbox 1015 2519 1052 2550; x_wconf 91' lang='lat' dir='ltr'>li-</span> 
     </span>
     <span class='ocr_line' id='line_1_43' title="bbox 328 2563 1052 2606; baseline 0.012 -15"><span class='ocrx_word' id='word_1_277' title='bbox 328 2563 448 2594; x_wconf 85' lang='lat' dir='ltr'>brarius</span> <span class='ocrx_word' id='word_1_278' title='bbox 477 2564 607 2605; x_wconf 88' lang='lat' dir='ltr'>quidam</span> <span class='ocrx_word' id='word_1_279' title='bbox 637 2573 793 2606; x_wconf 83' lang='lat' dir='ltr'>receptam</span> <span class='ocrx_word' id='word_1_280' title='bbox 827 2575 858 2599; x_wconf 86' lang='lat' dir='ltr'>et</span> <span class='ocrx_word' id='word_1_281' title='bbox 886 2569 1052 2600; x_wconf 87' lang='lat' dir='ltr'>sincerissi-</span> 
     </span>
     <span class='ocr_line' id='line_1_44' title="bbox 329 2616 1053 2660; baseline 0.014 -18"><span class='ocrx_word' id='word_1_282' title='bbox 329 2623 415 2644; x_wconf 84' lang='lat' dir='ltr'>mam</span> <span class='ocrx_word' id='word_1_283' title='bbox 430 2616 613 2655; x_wconf 84' lang='lat' dir='ltr'>scripturam</span> <span class='ocrx_word' id='word_1_284' title='bbox 629 2620 770 2658; x_wconf 81' lang='lat' dir='ltr'>modesto,</span> <span class='ocrx_word' id='word_1_285' title='bbox 785 2630 842 2659; x_wconf 87' lang='lat' dir='ltr'>pro</span> <span class='ocrx_word' id='word_1_286' title='bbox 850 2623 990 2660; x_wconf 62' lang='lat' dir='ltr'>modesta,</span> <span class='ocrx_word' id='word_1_287' title='bbox 1006 2621 1053 2652; x_wconf 88' lang='lat' dir='ltr'>vel</span> 
     </span>
     <span class='ocr_line' id='line_1_45' title="bbox 324 2667 1051 2714; baseline 0.014 -20"><span class='ocrx_word' id='word_1_288' title='bbox 324 2667 493 2702; x_wconf 77' lang='lat' dir='ltr'>modestam,</span> <span class='ocrx_word' id='word_1_289' title='bbox 519 2668 600 2698; x_wconf 89' lang='lat' dir='ltr'>male</span> <span class='ocrx_word' id='word_1_290' title='bbox 625 2672 721 2709; x_wconf 82' lang='lat' dir='ltr'>cepit;</span> <span class='ocrx_word' id='word_1_291' title='bbox 744 2671 828 2712; x_wconf 88' lang='lat' dir='ltr'>quod</span> <span class='ocrx_word' id='word_1_292' title='bbox 849 2672 919 2713; x_wconf 76' lang='lat' dir='ltr'>jam</span> <span class='ocrx_word' id='word_1_293' title='bbox 937 2673 1051 2714; x_wconf 85' lang='lat' dir='ltr'>migra·</span> 
     </span>
     <span class='ocr_line' id='line_1_46' title="bbox 327 2716 1052 2764; baseline 0.018 -20"><span class='ocrx_word' id='word_1_294' title='bbox 327 2716 372 2745; x_wconf 73' lang='lat' dir='ltr'>vit</span> <span class='ocrx_word' id='word_1_295' title='bbox 386 2716 419 2746; x_wconf 89' lang='lat' dir='ltr'>in</span> <span class='ocrx_word' id='word_1_296' title='bbox 435 2721 607 2751; x_wconf 70' lang='lat' dir='ltr'>modestum.</span> <span class='ocrx_word' id='word_1_297' title='bbox 634 2722 693 2752; x_wconf 81' lang='lat' dir='ltr'>Sed</span> <span class='ocrx_word' id='word_1_298' title='bbox 709 2722 742 2752; x_wconf 90' lang='lat' dir='ltr'>in</span> <span class='ocrx_word' id='word_1_299' title='bbox 758 2723 848 2754; x_wconf 83' lang='lat' dir='ltr'>viam.</span> <span class='ocrx_word' id='word_1_300' title='bbox 883 2725 1052 2764; x_wconf 83' lang='lat' dir='ltr'>Caeterum,</span> 
     </span>
     <span class='ocr_line' id='line_1_47' title="bbox 326 2766 1051 2813; baseline 0.018 -19"><span class='ocrx_word' id='word_1_301' title='bbox 326 2766 354 2795; x_wconf 81' lang='lat' dir='ltr'>is</span> <span class='ocrx_word' id='word_1_302' title='bbox 377 2766 453 2797; x_wconf 85' lang='lat' dir='ltr'>ordo</span> <span class='ocrx_word' id='word_1_303' title='bbox 476 2779 635 2810; x_wconf 84' lang='lat' dir='ltr'>versuum,</span> <span class='ocrx_word' id='word_1_304' title='bbox 659 2783 752 2813; x_wconf 88' lang='lat' dir='ltr'>quem</span> <span class='ocrx_word' id='word_1_305' title='bbox 781 2785 838 2805; x_wconf 88' lang='lat' dir='ltr'>nos</span> <span class='ocrx_word' id='word_1_306' title='bbox 861 2776 1051 2812; x_wconf 79' lang='lat' dir='ltr'>exhibemus,</span> 
     </span>
     <span class='ocr_line' id='line_1_48' title="bbox 327 2819 1051 2863; baseline 0.018 -18"><span class='ocrx_word' id='word_1_307' title='bbox 327 2822 467 2848; x_wconf 79' lang='lat' dir='ltr'>auctores</span> <span class='ocrx_word' id='word_1_308' title='bbox 492 2819 585 2850; x_wconf 79' lang='lat' dir='ltr'>habet</span> <span class='ocrx_word' id='word_1_309' title='bbox 608 2832 717 2853; x_wconf 88' lang='lat' dir='ltr'>omnes</span> <span class='ocrx_word' id='word_1_310' title='bbox 743 2830 861 2856; x_wconf 83' lang='lat' dir='ltr'>veteres</span> <span class='ocrx_word' id='word_1_311' title='bbox 889 2826 993 2863; x_wconf 87' lang='lat' dir='ltr'>libros,</span> <span class='ocrx_word' id='word_1_312' title='bbox 1018 2827 1051 2857; x_wconf 89' lang='lat' dir='ltr'>in</span> 
     </span>
     <span class='ocr_line' id='line_1_49' title="bbox 326 2868 1047 2911; baseline 0.015 -13"><span class='ocrx_word' id='word_1_313' title='bbox 326 2868 440 2911; x_wconf 78' lang='lat' dir='ltr'>quibus</span> <span class='ocrx_word' id='word_1_314' title='bbox 454 2879 650 2911; x_wconf 84' lang='lat' dir='ltr'>comparent3</span> <span class='ocrx_word' id='word_1_315' title='bbox 671 2884 745 2905; x_wconf 90' lang='lat' dir='ltr'>nam</span> <span class='ocrx_word' id='word_1_316' title='bbox 766 2875 879 2908; x_wconf 81' lang='lat' dir='ltr'>desunt</span> <span class='ocrx_word' id='word_1_317' title='bbox 894 2879 1047 2909; x_wconf 80' lang='lat' dir='ltr'>membra-</span> 
     </span>
    </p>
   </div>
   <div class='ocr_carea' id='block_1_5' title="bbox 1093 719 1837 2922">
    <p class='ocr_par' dir='ltr' id='par_1_6' title="bbox 1106 719 1837 1481">
     <span class='ocr_line' id='line_1_50' title="bbox 1113 719 1832 761; baseline 0.001 -11"><span class='ocrx_word' id='word_1_318' title='bbox 1113 720 1162 750; x_wconf 92' lang='lat' dir='ltr'>nis</span> <span class='ocrx_word' id='word_1_319' title='bbox 1180 724 1213 751; x_wconf 82' lang='lat' dir='ltr'>A.</span> <span class='ocrx_word' id='word_1_320' title='bbox 1258 719 1403 751; x_wconf 85' lang='lat' dir='ltr'>Editores</span> <span class='ocrx_word' id='word_1_321' title='bbox 1421 721 1505 751; x_wconf 88' lang='lat' dir='ltr'>hunc</span> <span class='ocrx_word' id='word_1_322' title='bbox 1521 730 1642 751; x_wconf 84' lang='lat' dir='ltr'>versum</span> <span class='ocrx_word' id='word_1_323' title='bbox 1657 726 1689 751; x_wconf 89' lang='lat' dir='ltr'>et.</span> <span class='ocrx_word' id='word_1_324' title='bbox 1702 729 1832 761; x_wconf 88' lang='lat' dir='ltr'>sequen-</span> 
     </span>
     <span class='ocr_line' id='line_1_51' title="bbox 1112 771 1837 812; baseline 0.001 -11"><span class='ocrx_word' id='word_1_325' title='bbox 1112 777 1176 801; x_wconf 86' lang='lat' dir='ltr'>tem</span> <span class='ocrx_word' id='word_1_326' title='bbox 1191 771 1340 802; x_wconf 82' lang='lat' dir='ltr'>collocare</span> <span class='ocrx_word' id='word_1_327' title='bbox 1355 771 1454 802; x_wconf 85' lang='lat' dir='ltr'>solent</span> <span class='ocrx_word' id='word_1_328' title='bbox 1468 777 1538 810; x_wconf 88' lang='lat' dir='ltr'>post</span> <span class='ocrx_word' id='word_1_329' title='bbox 1552 771 1654 809; x_wconf 89' lang='lat' dir='ltr'>illum,</span> <span class='ocrx_word' id='word_1_330' title='bbox 1677 771 1730 812; x_wconf 88' lang='lat' dir='ltr'>qui</span> <span class='ocrx_word' id='word_1_331' title='bbox 1745 771 1837 802; x_wconf 79' lang='lat' dir='ltr'>nobis</span> 
     </span>
     <span class='ocr_line' id='line_1_52' title="bbox 1112 823 1834 860; baseline 0.001 -7"><span class='ocrx_word' id='word_1_332' title='bbox 1112 829 1158 853; x_wconf 85' lang='lat' dir='ltr'>est</span> <span class='ocrx_word' id='word_1_333' title='bbox 1172 834 1232 854; x_wconf 88' lang='lat' dir='ltr'>ver.</span> <span class='ocrx_word' id='word_1_334' title='bbox 1251 827 1319 854; x_wconf 84' lang='lat'>158.</span> <span class='ocrx_word' id='word_1_335' title='bbox 1364 823 1488 860; x_wconf 84' lang='lat' dir='ltr'>Quibus</span> <span class='ocrx_word' id='word_1_336' title='bbox 1512 823 1551 854; x_wconf 87' lang='lat' dir='ltr'>de</span> <span class='ocrx_word' id='word_1_337' title='bbox 1566 823 1681 854; x_wconf 86' lang='lat' dir='ltr'>caussis</span> <span class='ocrx_word' id='word_1_338' title='bbox 1694 823 1734 854; x_wconf 87' lang='lat' dir='ltr'>ad</span> <span class='ocrx_word' id='word_1_339' title='bbox 1749 824 1834 854; x_wconf 86' lang='lat' dir='ltr'>hunc</span> 
     </span>
     <span class='ocr_line' id='line_1_53' title="bbox 1108 874 1833 906; baseline 0.003 -2"><span class='ocrx_word' id='word_1_340' title='bbox 1108 874 1238 905; x_wconf 89' lang='lat' dir='ltr'>modum</span> <span class='ocrx_word' id='word_1_341' title='bbox 1261 885 1324 905; x_wconf 90' lang='lat' dir='ltr'>non</span> <span class='ocrx_word' id='word_1_342' title='bbox 1346 875 1528 906; x_wconf 76' lang='lat' dir='ltr'>erubuerint</span> <span class='ocrx_word' id='word_1_343' title='bbox 1549 875 1622 906; x_wconf 89' lang='lat' dir='ltr'>boni</span> <span class='ocrx_word' id='word_1_344' title='bbox 1637 875 1692 905; x_wconf 85' lang='lat' dir='ltr'>viri</span> <span class='ocrx_word' id='word_1_345' title='bbox 1715 875 1833 906; x_wconf 83' lang='lat' dir='ltr'>Lucre-</span> 
     </span>
     <span class='ocr_line' id='line_1_54' title="bbox 1108 925 1833 962; baseline 0.003 -7"><span class='ocrx_word' id='word_1_346' title='bbox 1108 925 1187 956; x_wconf 89' lang='lat' dir='ltr'>tium</span> <span class='ocrx_word' id='word_1_347' title='bbox 1203 932 1344 956; x_wconf 85' lang='lat' dir='ltr'>nostrum</span> <span class='ocrx_word' id='word_1_348' title='bbox 1356 932 1419 956; x_wconf 82' lang='lat' dir='ltr'>tam</span> <span class='ocrx_word' id='word_1_349' title='bbox 1436 925 1506 957; x_wconf 81' lang='lat' dir='ltr'>fede</span> <span class='ocrx_word' id='word_1_350' title='bbox 1517 926 1671 962; x_wconf 77' lang='lat' dir='ltr'>luxatum,</span> <span class='ocrx_word' id='word_1_351' title='bbox 1687 931 1753 957; x_wconf 75' lang='lat' dir='ltr'>tam</span> <span class='ocrx_word' id='word_1_352' title='bbox 1762 935 1833 957; x_wconf 86' lang='lat' dir='ltr'>cru·</span> 
     </span>
     <span class='ocr_line' id='line_1_55' title="bbox 1108 976 1832 1015; baseline -0.001 -8"><span class='ocrx_word' id='word_1_353' title='bbox 1108 976 1219 1007; x_wconf 80' lang='lat' dir='ltr'>delitet</span> <span class='ocrx_word' id='word_1_354' title='bbox 1232 976 1440 1014; x_wconf 77' lang='lat' dir='ltr'>dearmatum,</span> <span class='ocrx_word' id='word_1_355' title='bbox 1455 976 1595 1015; x_wconf 83' lang='lat' dir='ltr'>reddere,</span> <span class='ocrx_word' id='word_1_356' title='bbox 1612 977 1716 1007; x_wconf 76' lang='lat' dir='ltr'>statim</span> <span class='ocrx_word' id='word_1_357' title='bbox 1728 976 1832 1007; x_wconf 78' lang='lat' dir='ltr'>mani-</span> 
     </span>
     <span class='ocr_line' id='line_1_56' title="bbox 1108 1026 1832 1068; baseline 0.003 -12"><span class='ocrx_word' id='word_1_358' title='bbox 1108 1026 1271 1057; x_wconf 80' lang='lat' dir='ltr'>festissime</span> <span class='ocrx_word' id='word_1_359' title='bbox 1296 1027 1419 1066; x_wconf 85' lang='lat' dir='ltr'>patebit.</span> <span class='ocrx_word' id='word_1_360' title='bbox 1465 1027 1620 1068; x_wconf 86' lang='lat' dir='ltr'>Denique,</span> <span class='ocrx_word' id='word_1_361' title='bbox 1641 1029 1734 1058; x_wconf 81' lang='lat' dir='ltr'>nubes</span> <span class='ocrx_word' id='word_1_362' title='bbox 1755 1026 1832 1058; x_wconf 83' lang='lat' dir='ltr'>scri-</span> 
     </span>
     <span class='ocr_line' id='line_1_57' title="bbox 1108 1076 1833 1116; baseline -0.001 -8"><span class='ocrx_word' id='word_1_363' title='bbox 1108 1078 1223 1116; x_wconf 90' lang='lat' dir='ltr'>bimus,</span> <span class='ocrx_word' id='word_1_364' title='bbox 1246 1087 1310 1108; x_wconf 92' lang='lat' dir='ltr'>non</span> <span class='ocrx_word' id='word_1_365' title='bbox 1326 1079 1447 1114; x_wconf 78' lang='lat' dir='ltr'>nubeis,·</span> <span class='ocrx_word' id='word_1_366' title='bbox 1471 1087 1545 1108; x_wconf 85' lang='lat' dir='ltr'>nam</span> <span class='ocrx_word' id='word_1_367' title='bbox 1564 1077 1599 1107; x_wconf 91' lang='lat' dir='ltr'>in</span> <span class='ocrx_word' id='word_1_368' title='bbox 1620 1077 1732 1108; x_wconf 78' lang='lat' dir='ltr'>nostris</span> <span class='ocrx_word' id='word_1_369' title='bbox 1746 1076 1833 1108; x_wconf 88' lang='lat' dir='ltr'>libris</span> 
     </span>
     <span class='ocr_line' id='line_1_58' title="bbox 1109 1128 1831 1169; baseline 0 -10"><span class='ocrx_word' id='word_1_370' title='bbox 1109 1128 1288 1159; x_wconf 88' lang='lat' dir='ltr'>melioribus</span> <span class='ocrx_word' id='word_1_371' title='bbox 1303 1139 1367 1159; x_wconf 87' lang='lat' dir='ltr'>non</span> <span class='ocrx_word' id='word_1_372' title='bbox 1382 1128 1571 1159; x_wconf 82' lang='lat' dir='ltr'>offendimus</span> <span class='ocrx_word' id='word_1_373' title='bbox 1586 1129 1676 1159; x_wconf 81' lang='lat' dir='ltr'>nubis</span> <span class='ocrx_word' id='word_1_374' title='bbox 1689 1128 1724 1159; x_wconf 87' lang='lat' dir='ltr'>in</span> <span class='ocrx_word' id='word_1_375' title='bbox 1739 1137 1831 1169; x_wconf 74' lang='lat' dir='ltr'>qum·-</span> 
     </span>
     <span class='ocr_line' id='line_1_59' title="bbox 1109 1179 1833 1221; baseline -0.001 -10"><span class='ocrx_word' id='word_1_376' title='bbox 1109 1186 1141 1211; x_wconf 90' lang='lat' dir='ltr'>to</span> <span class='ocrx_word' id='word_1_377' title='bbox 1156 1191 1241 1211; x_wconf 85' lang='lat' dir='ltr'>casu:</span> <span class='ocrx_word' id='word_1_378' title='bbox 1261 1186 1291 1210; x_wconf 90' lang='lat' dir='ltr'>et</span> <span class='ocrx_word' id='word_1_379' title='bbox 1303 1181 1470 1216; x_wconf 82' lang='lat' dir='ltr'>verissime,</span> <span class='ocrx_word' id='word_1_380' title='bbox 1487 1190 1586 1221; x_wconf 91' lang='lat' dir='ltr'>quum</span> <span class='ocrx_word' id='word_1_381' title='bbox 1596 1179 1742 1219; x_wconf 89' lang='lat' dir='ltr'>primitus</span> <span class='ocrx_word' id='word_1_382' title='bbox 1755 1179 1833 1210; x_wconf 79' lang='lat' dir='ltr'>fluat</span> 
     </span>
     <span class='ocr_line' id='line_1_60' title="bbox 1108 1230 1832 1272; baseline 0 -10"><span class='ocrx_word' id='word_1_383' title='bbox 1108 1243 1126 1262; x_wconf 91' lang='lat' dir='ltr'>a</span> <span class='ocrx_word' id='word_1_384' title='bbox 1141 1239 1225 1263; x_wconf 81' lang='lat' dir='ltr'>recto</span> <span class='ocrx_word' id='word_1_385' title='bbox 1240 1234 1314 1264; x_wconf 82' lang='lat' dir='ltr'>nubs</span> <span class='ocrx_word' id='word_1_386' title='bbox 1321 1246 1331 1267; x_wconf 88' lang='lat'>‚·</span> <span class='ocrx_word' id='word_1_387' title='bbox 1357 1231 1397 1262; x_wconf 91' lang='lat' dir='ltr'>de</span> <span class='ocrx_word' id='word_1_388' title='bbox 1422 1242 1484 1272; x_wconf 92' lang='lat' dir='ltr'>quo</span> <span class='ocrx_word' id='word_1_389' title='bbox 1508 1230 1735 1262; x_wconf 76' lang='lat' dir='ltr'>Marklandum</span> <span class='ocrx_word' id='word_1_390' title='bbox 1756 1241 1832 1262; x_wconf 90' lang='lat' dir='ltr'>con-</span> 
     </span>
     <span class='ocr_line' id='line_1_61' title="bbox 1107 1282 1832 1324; baseline -0.001 -10"><span class='ocrx_word' id='word_1_391' title='bbox 1107 1283 1190 1314; x_wconf 83' lang='lat' dir='ltr'>sulas</span> <span class='ocrx_word' id='word_1_392' title='bbox 1205 1284 1238 1314; x_wconf 88' lang='lat' dir='ltr'>in</span> <span class='ocrx_word' id='word_1_393' title='bbox 1259 1283 1469 1314; x_wconf 86' lang='lat' dir='ltr'>eruditissimo</span> <span class='ocrx_word' id='word_1_394' title='bbox 1483 1288 1514 1313; x_wconf 90' lang='lat' dir='ltr'>et</span> <span class='ocrx_word' id='word_1_395' title='bbox 1535 1292 1685 1323; x_wconf 86' lang='lat' dir='ltr'>perquam</span> <span class='ocrx_word' id='word_1_396' title='bbox 1707 1282 1832 1324; x_wconf 84' lang='lat' dir='ltr'>ingeni-</span> 
     </span>
     <span class='ocr_line' id='line_1_62' title="bbox 1107 1337 1830 1377; baseline -0.001 -9"><span class='ocrx_word' id='word_1_397' title='bbox 1107 1347 1162 1368; x_wconf 87' lang='lat' dir='ltr'>oso</span> <span class='ocrx_word' id='word_1_398' title='bbox 1183 1343 1316 1368; x_wconf 83' lang='lat' dir='ltr'>tractatu</span> <span class='ocrx_word' id='word_1_399' title='bbox 1340 1337 1379 1368; x_wconf 88' lang='lat' dir='ltr'>de</span> <span class='ocrx_word' id='word_1_400' title='bbox 1405 1342 1473 1367; x_wconf 82' lang='lat' dir='ltr'>tert.</span> <span class='ocrx_word' id='word_1_401' title='bbox 1503 1337 1606 1367; x_wconf 86' lang='lat' dir='ltr'>Latin.</span> <span class='ocrx_word' id='word_1_402' title='bbox 1632 1337 1776 1369; x_wconf 79' lang='lat' dir='ltr'>declinat.</span> <span class='ocrx_word' id='word_1_403' title='bbox 1799 1348 1830 1377; x_wconf 87' lang='lat' dir='ltr'>p.</span> 
     </span>
     <span class='ocr_line' id='line_1_63' title="bbox 1107 1388 1827 1428; baseline -0.001 -8"><span class='ocrx_word' id='word_1_404' title='bbox 1107 1393 1177 1420; x_wconf 72' lang='lat'>¹250.</span> <span class='ocrx_word' id='word_1_405' title='bbox 1193 1389 1233 1419; x_wconf 87' lang='lat' dir='ltr'>ad</span> <span class='ocrx_word' id='word_1_406' title='bbox 1248 1389 1301 1419; x_wconf 90' lang='lat' dir='ltr'>im.</span> <span class='ocrx_word' id='word_1_407' title='bbox 1319 1388 1438 1419; x_wconf 87' lang='lat' dir='ltr'>Glossae</span> <span class='ocrx_word' id='word_1_408' title='bbox 1453 1393 1582 1418; x_wconf 85' lang='lat' dir='ltr'>veteres:</span> <span class='ocrx_word' id='word_1_409' title='bbox 1609 1390 1632 1406; x_wconf 89' lang='lat'><strong>“</strong></span> <span class='ocrx_word' id='word_1_410' title='bbox 1650 1389 1751 1428; x_wconf 81' lang='lat' dir='ltr'>Nubs,</span> <span class='ocrx_word' id='word_1_411' title='bbox 1767 1398 1827 1419; x_wconf 89' lang='lat' dir='ltr'>nu-</span> 
     </span>
     <span class='ocr_line' id='line_1_64' title="bbox 1106 1440 1331 1481; baseline 0.004 -11"><span class='ocrx_word' id='word_1_412' title='bbox 1106 1444 1128 1458; x_wconf 93' lang='lat'>“</span> <span class='ocrx_word' id='word_1_413' title='bbox 1144 1440 1201 1479; x_wconf 69' lang='lat' dir='ltr'>bis,</span> <span class='ocrx_word' id='word_1_414' title='bbox 1226 1440 1331 1481; x_wconf 73' lang='grc' dir='ltr'><strong>νεφο5.”</strong></span> 
     </span>
    </p>

    <p class='ocr_par' dir='ltr' id='par_1_7' title="bbox 1096 1492 1829 2189">
     <span class='ocr_line' id='line_1_65' title="bbox 1145 1492 1829 1526; baseline 0.001 -4"><span class='ocrx_word' id='word_1_415' title='bbox 1145 1492 1219 1523; x_wconf 88' lang='lat' dir='ltr'>Ver.</span> <span class='ocrx_word' id='word_1_416' title='bbox 1240 1496 1308 1524; x_wconf 85' lang='grc'><strong>155.</strong></span> <span class='ocrx_word' id='word_1_417' title='bbox 1329 1499 1357 1524; x_wconf 81' lang='lat' dir='ltr'>et</span> <span class='ocrx_word' id='word_1_418' title='bbox 1380 1495 1502 1526; x_wconf 78' lang='lat' dir='ltr'>mundi:</span> <span class='ocrx_word' id='word_1_419' title='bbox 1531 1501 1571 1525; x_wconf 86' lang='grc' dir='ltr'><strong>Π.</strong></span> <span class='ocrx_word' id='word_1_420' title='bbox 1597 1501 1631 1525; x_wconf 80' lang='grc' dir='ltr'>ιιι</span> <span class='ocrx_word' id='word_1_421' title='bbox 1652 1496 1772 1526; x_wconf 76' lang='lat' dir='ltr'>mundi:</span> <span class='ocrx_word' id='word_1_422' title='bbox 1797 1499 1829 1524; x_wconf 83' lang='lat' dir='ltr'>et</span> 
     </span>
     <span class='ocr_line' id='line_1_66' title="bbox 1102 1543 1826 1587; baseline 0.004 -13"><span class='ocrx_word' id='word_1_423' title='bbox 1102 1543 1185 1574; x_wconf 89' lang='lat' dir='ltr'>idem</span> <span class='ocrx_word' id='word_1_424' title='bbox 1200 1546 1356 1583; x_wconf 78' lang='lat' dir='ltr'>specimen,</span> <span class='ocrx_word' id='word_1_425' title='bbox 1382 1554 1439 1584; x_wconf 90' lang='lat' dir='ltr'>pro</span> <span class='ocrx_word' id='word_1_426' title='bbox 1453 1547 1597 1585; x_wconf 69' lang='lat' dir='ltr'>speciem;</span> <span class='ocrx_word' id='word_1_427' title='bbox 1627 1545 1667 1576; x_wconf 89' lang='lat' dir='ltr'>de</span> <span class='ocrx_word' id='word_1_428' title='bbox 1680 1545 1743 1587; x_wconf 66' lang='lat' dir='ltr'>quii</span> <span class='ocrx_word' id='word_1_429' title='bbox 1757 1555 1826 1585; x_wconf 82' lang='lat' dir='ltr'>per-</span> 
     </span>
     <span class='ocr_line' id='line_1_67' title="bbox 1101 1594 1828 1628; baseline 0.006 -4"><span class='ocrx_word' id='word_1_430' title='bbox 1101 1594 1274 1624; x_wconf 77' lang='lat' dir='ltr'>mutatione</span> <span class='ocrx_word' id='word_1_431' title='bbox 1303 1594 1408 1625; x_wconf 81' lang='lat' dir='ltr'>videas</span> <span class='ocrx_word' id='word_1_432' title='bbox 1437 1601 1544 1626; x_wconf 79' lang='lat' dir='ltr'>notata</span> <span class='ocrx_word' id='word_1_433' title='bbox 1565 1596 1605 1627; x_wconf 88' lang='lat' dir='ltr'>ad</span> <span class='ocrx_word' id='word_1_434' title='bbox 1633 1607 1660 1627; x_wconf 84' lang='lat' dir='ltr'>v.</span> <span class='ocrx_word' id='word_1_435' title='bbox 1692 1600 1763 1628; x_wconf 88' lang='grc'><strong>187.</strong></span> <span class='ocrx_word' id='word_1_436' title='bbox 1795 1602 1828 1627; x_wconf 85' lang='lat' dir='ltr'>et</span> 
     </span>
     <span class='ocr_line' id='line_1_68' title="bbox 1101 1646 1828 1686; baseline 0.003 -11"><span class='ocrx_word' id='word_1_437' title='bbox 1101 1655 1171 1686; x_wconf 86' lang='lat' dir='ltr'>quae</span> <span class='ocrx_word' id='word_1_438' title='bbox 1186 1655 1243 1676; x_wconf 91' lang='lat' dir='ltr'>nos</span> <span class='ocrx_word' id='word_1_439' title='bbox 1257 1646 1379 1686; x_wconf 85' lang='lat' dir='ltr'>egimus</span> <span class='ocrx_word' id='word_1_440' title='bbox 1394 1656 1501 1686; x_wconf 87' lang='lat' dir='ltr'>nuper,</span> <span class='ocrx_word' id='word_1_441' title='bbox 1517 1647 1557 1678; x_wconf 85' lang='lat' dir='ltr'>ad</span> <span class='ocrx_word' id='word_1_442' title='bbox 1571 1657 1632 1678; x_wconf 88' lang='lat' dir='ltr'>ver.</span> <span class='ocrx_word' id='word_1_443' title='bbox 1648 1650 1666 1679; x_wconf 93' lang='lat'>7</span> <span class='ocrx_word' id='word_1_444' title='bbox 1671 1650 1698 1679; x_wconf 96' lang='grc'><strong>7.</strong></span> <span class='ocrx_word' id='word_1_445' title='bbox 1731 1647 1828 1678; x_wconf 84' lang='lat' dir='ltr'>Hanc</span> 
     </span>
     <span class='ocr_line' id='line_1_69' title="bbox 1101 1695 1826 1738; baseline 0.007 -13"><span class='ocrx_word' id='word_1_446' title='bbox 1101 1701 1208 1726; x_wconf 90' lang='lat' dir='ltr'>autem</span> <span class='ocrx_word' id='word_1_447' title='bbox 1238 1695 1405 1727; x_wconf 83' lang='lat' dir='ltr'>lectionem</span> <span class='ocrx_word' id='word_1_448' title='bbox 1434 1697 1573 1737; x_wconf 88' lang='lat' dir='ltr'>impense</span> <span class='ocrx_word' id='word_1_449' title='bbox 1601 1699 1698 1738; x_wconf 88' lang='lat' dir='ltr'>probo</span> <span class='ocrx_word' id='word_1_450' title='bbox 1704 1710 1714 1736; x_wconf 91' lang='lat'>;</span> <span class='ocrx_word' id='word_1_451' title='bbox 1751 1708 1826 1729; x_wconf 76' lang='lat' dir='ltr'>nam</span> 
     </span>
     <span class='ocr_line' id='line_1_70' title="bbox 1100 1747 1826 1790; baseline 0.004 -13"><span class='ocrx_word' id='word_1_452' title='bbox 1100 1749 1248 1786; x_wconf 77' lang='lat' dir='ltr'>specimen</span> <span class='ocrx_word' id='word_1_453' title='bbox 1264 1747 1365 1777; x_wconf 89' lang='lat' dir='ltr'>multo</span> <span class='ocrx_word' id='word_1_454' title='bbox 1386 1749 1488 1788; x_wconf 83' lang='lat' dir='ltr'>magis</span> <span class='ocrx_word' id='word_1_455' title='bbox 1507 1749 1669 1779; x_wconf 84' lang='lat' dir='ltr'>notionem</span> <span class='ocrx_word' id='word_1_456' title='bbox 1689 1748 1826 1790; x_wconf 73' lang='lat' dir='ltr'>dignita·</span> 
     </span>
     <span class='ocr_line' id='line_1_71' title="bbox 1102 1798 1824 1839; baseline 0.004 -11"><span class='ocrx_word' id='word_1_457' title='bbox 1102 1799 1142 1828; x_wconf 85' lang='lat' dir='ltr'>tis</span> <span class='ocrx_word' id='word_1_458' title='bbox 1157 1798 1318 1839; x_wconf 88' lang='lat' dir='ltr'>cujusdam</span> <span class='ocrx_word' id='word_1_459' title='bbox 1329 1803 1360 1829; x_wconf 86' lang='lat' dir='ltr'>et</span> <span class='ocrx_word' id='word_1_460' title='bbox 1369 1798 1478 1829; x_wconf 86' lang='lat' dir='ltr'>nitoris</span> <span class='ocrx_word' id='word_1_461' title='bbox 1488 1799 1716 1839; x_wconf 83' lang='lat' dir='ltr'>complectitur,</span> <span class='ocrx_word' id='word_1_462' title='bbox 1731 1799 1824 1831; x_wconf 78' lang='lat' dir='ltr'>adeo-</span> 
     </span>
     <span class='ocr_line' id='line_1_72' title="bbox 1101 1850 1825 1891; baseline 0.003 -11"><span class='ocrx_word' id='word_1_463' title='bbox 1101 1860 1162 1891; x_wconf 85' lang='lat' dir='ltr'>que</span> <span class='ocrx_word' id='word_1_464' title='bbox 1183 1850 1258 1880; x_wconf 91' lang='lat' dir='ltr'>huic</span> <span class='ocrx_word' id='word_1_465' title='bbox 1283 1850 1352 1881; x_wconf 90' lang='lat' dir='ltr'>loco</span> <span class='ocrx_word' id='word_1_466' title='bbox 1373 1851 1474 1891; x_wconf 83' lang='lat' dir='ltr'>magis</span> <span class='ocrx_word' id='word_1_467' title='bbox 1498 1851 1648 1882; x_wconf 89' lang='lat' dir='ltr'>idoneum</span> <span class='ocrx_word' id='word_1_468' title='bbox 1669 1857 1715 1882; x_wconf 68' lang='lat' dir='ltr'>est</span> <span class='ocrx_word' id='word_1_469' title='bbox 1735 1861 1825 1882; x_wconf 83' lang='lat' dir='ltr'>voca-</span> 
     </span>
     <span class='ocr_line' id='line_1_73' title="bbox 1096 1901 1822 1944; baseline 0.004 -13"><span class='ocrx_word' id='word_1_470' title='bbox 1096 1901 1224 1932; x_wconf 89' lang='lat' dir='ltr'>bulum:</span> <span class='ocrx_word' id='word_1_471' title='bbox 1251 1912 1290 1931; x_wconf 89' lang='lat' dir='ltr'>ne</span> <span class='ocrx_word' id='word_1_472' title='bbox 1305 1901 1408 1932; x_wconf 90' lang='lat' dir='ltr'>dicam</span> <span class='ocrx_word' id='word_1_473' title='bbox 1424 1916 1457 1933; x_wconf 74' lang='lat' dir='ltr'>ero</span> <span class='ocrx_word' id='word_1_474' title='bbox 1471 1905 1611 1943; x_wconf 81' lang='lat' dir='ltr'>speciem,</span> <span class='ocrx_word' id='word_1_475' title='bbox 1637 1903 1760 1944; x_wconf 80' lang='lat' dir='ltr'>ingrate</span> <span class='ocrx_word' id='word_1_476' title='bbox 1773 1913 1822 1934; x_wconf 83' lang='lat' dir='ltr'>re-</span> 
     </span>
     <span class='ocr_line' id='line_1_74' title="bbox 1099 1953 1822 1994; baseline 0.004 -11"><span class='ocrx_word' id='word_1_477' title='bbox 1099 1953 1243 1993; x_wconf 87' lang='lat' dir='ltr'>petitum,</span> <span class='ocrx_word' id='word_1_478' title='bbox 1266 1953 1372 1984; x_wconf 87' lang='lat' dir='ltr'>statim</span> <span class='ocrx_word' id='word_1_479' title='bbox 1393 1954 1489 1994; x_wconf 90' lang='lat' dir='ltr'>sequi.</span> <span class='ocrx_word' id='word_1_480' title='bbox 1534 1954 1658 1986; x_wconf 85' lang='lat' dir='ltr'>Multus</span> <span class='ocrx_word' id='word_1_481' title='bbox 1675 1955 1769 1985; x_wconf 84' lang='lat' dir='ltr'>estin</span> <span class='ocrx_word' id='word_1_482' title='bbox 1784 1965 1822 1986; x_wconf 87' lang='lat' dir='ltr'>eo</span> 
     </span>
     <span class='ocr_line' id='line_1_75' title="bbox 1101 2004 1820 2046; baseline 0.006 -12"><span class='ocrx_word' id='word_1_483' title='bbox 1101 2004 1266 2044; x_wconf 83' lang='lat' dir='ltr'>Apuleius,</span> <span class='ocrx_word' id='word_1_484' title='bbox 1289 2005 1330 2035; x_wconf 83' lang='lat' dir='ltr'>ad</span> <span class='ocrx_word' id='word_1_485' title='bbox 1355 2015 1480 2035; x_wconf 87' lang='lat' dir='ltr'>sensum</span> <span class='ocrx_word' id='word_1_486' title='bbox 1510 2007 1618 2037; x_wconf 79' lang='lat' dir='ltr'>nobilis</span> <span class='ocrx_word' id='word_1_487' title='bbox 1642 2008 1820 2046; x_wconf 79' lang='lat' dir='ltr'>spectaculi,</span> 
     </span>
     <span class='ocr_line' id='line_1_76' title="bbox 1098 2055 1821 2097; baseline 0.004 -12"><span class='ocrx_word' id='word_1_488' title='bbox 1098 2055 1146 2085; x_wconf 87' lang='lat' dir='ltr'>vel</span> <span class='ocrx_word' id='word_1_489' title='bbox 1156 2057 1297 2095; x_wconf 73' lang='lat' dir='ltr'>pulclzrae</span> <span class='ocrx_word' id='word_1_490' title='bbox 1312 2055 1674 2097; x_wconf 79' lang='lat' dir='ltr'>venerabilisquesormoe.</span> <span class='ocrx_word' id='word_1_491' title='bbox 1717 2057 1821 2088; x_wconf 86' lang='lat' dir='ltr'>Voces</span> 
     </span>
     <span class='ocr_line' id='line_1_77' title="bbox 1098 2106 1819 2140; baseline 0.006 -4"><span class='ocrx_word' id='word_1_492' title='bbox 1098 2106 1236 2137; x_wconf 80' lang='lat' dir='ltr'>confusae</span> <span class='ocrx_word' id='word_1_493' title='bbox 1260 2112 1334 2137; x_wconf 79' lang='lat' dir='ltr'>sunt</span> <span class='ocrx_word' id='word_1_494' title='bbox 1358 2106 1492 2137; x_wconf 81' lang='lat' dir='ltr'>librariis</span> <span class='ocrx_word' id='word_1_495' title='bbox 1516 2107 1557 2138; x_wconf 88' lang='lat' dir='ltr'>ad</span> <span class='ocrx_word' id='word_1_496' title='bbox 1583 2107 1696 2139; x_wconf 81' lang='lat' dir='ltr'>Rutilii</span> <span class='ocrx_word' id='word_1_497' title='bbox 1717 2108 1784 2140; x_wconf 85' lang='lat' dir='ltr'>itin.</span> <span class='ocrx_word' id='word_1_498' title='bbox 1799 2109 1819 2140; x_wconf 79' lang='lat' dir='ltr'>i.</span> 
     </span>
     <span class='ocr_line' id='line_1_78' title="bbox 1098 2162 1168 2189; baseline 0 0"><span class='ocrx_word' id='word_1_499' title='bbox 1098 2162 1168 2189; x_wconf 86' lang='lat'>544.</span> 
     </span>
    </p>

    <p class='ocr_par' dir='ltr' id='par_1_8' title="bbox 1093 2217 1820 2922">
     <span class='ocr_line' id='line_1_79' title="bbox 1159 2217 1710 2252; baseline 0.005 -11"><span class='ocrx_word' id='word_1_500' title='bbox 1159 2217 1270 2242; x_wconf 78' lang='lat' dir='ltr'>Virtutis</span> <span class='ocrx_word' id='word_1_501' title='bbox 1279 2217 1397 2249; x_wconf 81' lang='lat' dir='ltr'>specimen</span> <span class='ocrx_word' id='word_1_502' title='bbox 1409 2219 1489 2244; x_wconf 83' lang='lat' dir='ltr'>corde</span> <span class='ocrx_word' id='word_1_503' title='bbox 1501 2219 1609 2245; x_wconf 88' lang='lat' dir='ltr'>vidente</span> <span class='ocrx_word' id='word_1_504' title='bbox 1619 2222 1693 2252; x_wconf 89' lang='lat' dir='ltr'>petat</span> <span class='ocrx_word' id='word_1_505' title='bbox 1703 2227 1710 2244; x_wconf 74' lang='grc' dir='ltr'>ε</span> 
     </span>
     <span class='ocr_line' id='line_1_80' title="bbox 1095 2265 1820 2308; baseline 0.006 -14"><span class='ocrx_word' id='word_1_506' title='bbox 1095 2275 1189 2305; x_wconf 87' lang='lat' dir='ltr'>quam</span> <span class='ocrx_word' id='word_1_507' title='bbox 1218 2265 1395 2303; x_wconf 87' lang='lat' dir='ltr'>lectionem,</span> <span class='ocrx_word' id='word_1_508' title='bbox 1423 2273 1459 2297; x_wconf 91' lang='lat' dir='ltr'>ut</span> <span class='ocrx_word' id='word_1_509' title='bbox 1487 2267 1717 2308; x_wconf 83' lang='lat' dir='ltr'>exquisitiorem</span> <span class='ocrx_word' id='word_1_510' title='bbox 1745 2278 1820 2298; x_wconf 83' lang='lat' dir='ltr'>sane</span> 
     </span>
     <span class='ocr_line' id='line_1_81' title="bbox 1095 2316 1818 2358; baseline 0.007 -12"><span class='ocrx_word' id='word_1_511' title='bbox 1095 2323 1187 2356; x_wconf 85' lang='lat' dir='ltr'>atque</span> <span class='ocrx_word' id='word_1_512' title='bbox 1203 2316 1414 2353; x_wconf 79' lang='lat' dir='ltr'>efficaciorem,</span> <span class='ocrx_word' id='word_1_513' title='bbox 1434 2318 1505 2358; x_wconf 86' lang='lat' dir='ltr'>jure</span> <span class='ocrx_word' id='word_1_514' title='bbox 1521 2318 1724 2358; x_wconf 67' lang='lat' dir='ltr'>praetulerunt</span> <span class='ocrx_word' id='word_1_515' title='bbox 1737 2329 1818 2350; x_wconf 89' lang='lat' dir='ltr'>non-</span> 
     </span>
     <span class='ocr_line' id='line_1_82' title="bbox 1096 2367 1816 2410; baseline 0.007 -14"><span class='ocrx_word' id='word_1_516' title='bbox 1096 2367 1175 2397; x_wconf 87' lang='lat' dir='ltr'>nulli</span> <span class='ocrx_word' id='word_1_517' title='bbox 1191 2367 1272 2398; x_wconf 88' lang='lat' dir='ltr'>docti</span> <span class='ocrx_word' id='word_1_518' title='bbox 1288 2369 1345 2398; x_wconf 88' lang='lat' dir='ltr'>viri</span> <span class='ocrx_word' id='word_1_519' title='bbox 1360 2368 1494 2409; x_wconf 78' lang='lat' dir='ltr'>vulgatae</span> <span class='ocrx_word' id='word_1_520' title='bbox 1514 2372 1650 2410; x_wconf 80' lang='lat' dir='ltr'>speciem,</span> <span class='ocrx_word' id='word_1_521' title='bbox 1673 2369 1816 2401; x_wconf 84' lang='lat' dir='ltr'>dissenti-</span> 
     </span>
     <span class='ocr_line' id='line_1_83' title="bbox 1095 2420 1816 2462; baseline 0.006 -12"><span class='ocrx_word' id='word_1_522' title='bbox 1095 2426 1166 2450; x_wconf 85' lang='lat' dir='ltr'>ente</span> <span class='ocrx_word' id='word_1_523' title='bbox 1175 2426 1280 2451; x_wconf 85' lang='lat' dir='ltr'>tamen</span> <span class='ocrx_word' id='word_1_524' title='bbox 1292 2420 1517 2459; x_wconf 81' lang='lat' dir='ltr'>Wernsdurfio;</span> <span class='ocrx_word' id='word_1_525' title='bbox 1533 2431 1702 2461; x_wconf 80' lang='lat' dir='ltr'>perperam.</span> <span class='ocrx_word' id='word_1_526' title='bbox 1725 2422 1816 2462; x_wconf 86' lang='lat' dir='ltr'>Apu-</span> 
     </span>
     <span class='ocr_line' id='line_1_84' title="bbox 1095 2470 1816 2512; baseline 0.007 -12"><span class='ocrx_word' id='word_1_527' title='bbox 1095 2470 1173 2501; x_wconf 87' lang='lat' dir='ltr'>leius</span> <span class='ocrx_word' id='word_1_528' title='bbox 1187 2471 1252 2509; x_wconf 89' lang='lat' dir='ltr'>ille,</span> <span class='ocrx_word' id='word_1_529' title='bbox 1273 2477 1348 2503; x_wconf 81' lang='lat' dir='ltr'>met.</span> <span class='ocrx_word' id='word_1_530' title='bbox 1374 2473 1412 2503; x_wconf 92' lang='lat' dir='ltr'>iv.</span> <span class='ocrx_word' id='word_1_531' title='bbox 1436 2483 1466 2512; x_wconf 87' lang='lat' dir='ltr'>p.</span> <span class='ocrx_word' id='word_1_532' title='bbox 1490 2476 1563 2504; x_wconf 80' lang='lat'>502.</span> <span class='ocrx_word' id='word_1_533' title='bbox 1589 2477 1611 2492; x_wconf 88' lang='lat'>“</span> <span class='ocrx_word' id='word_1_534' title='bbox 1626 2473 1702 2505; x_wconf 87' lang='lat' dir='ltr'>Jam</span> <span class='ocrx_word' id='word_1_535' title='bbox 1723 2473 1816 2505; x_wconf 81' lang='lat' dir='ltr'>multi</span> 
     </span>
     <span class='ocr_line' id='line_1_85' title="bbox 1097 2523 1815 2567; baseline 0.006 -14"><span class='ocrx_word' id='word_1_536' title='bbox 1097 2526 1119 2540; x_wconf 89' lang='lat'>“</span> <span class='ocrx_word' id='word_1_537' title='bbox 1135 2523 1316 2554; x_wconf 85' lang='lat' dir='ltr'>mortalium</span> <span class='ocrx_word' id='word_1_538' title='bbox 1340 2523 1444 2565; x_wconf 87' lang='lat' dir='ltr'>longis</span> <span class='ocrx_word' id='word_1_539' title='bbox 1468 2524 1639 2564; x_wconf 84' lang='lat' dir='ltr'>itineribus,</span> <span class='ocrx_word' id='word_1_540' title='bbox 1662 2531 1756 2567; x_wconf 79' lang='lat' dir='ltr'>atque</span> <span class='ocrx_word' id='word_1_541' title='bbox 1767 2527 1815 2556; x_wconf 81' lang='lat' dir='ltr'>la-</span> 
     </span>
     <span class='ocr_line' id='line_1_86' title="bbox 1097 2575 1814 2617; baseline 0.006 -13"><span class='ocrx_word' id='word_1_542' title='bbox 1097 2576 1119 2591; x_wconf 89' lang='lat'><strong>“</strong></span> <span class='ocrx_word' id='word_1_543' title='bbox 1135 2576 1259 2606; x_wconf 75' lang='lat' dir='ltr'>tissimis</span> <span class='ocrx_word' id='word_1_544' title='bbox 1274 2575 1368 2605; x_wconf 88' lang='lat' dir='ltr'>maris</span> <span class='ocrx_word' id='word_1_545' title='bbox 1382 2575 1542 2612; x_wconf 80' lang='lat' dir='ltr'>meatibus,</span> <span class='ocrx_word' id='word_1_546' title='bbox 1558 2575 1599 2606; x_wconf 85' lang='lat' dir='ltr'>ad</span> <span class='ocrx_word' id='word_1_547' title='bbox 1610 2576 1706 2608; x_wconf 80' lang='lat' dir='ltr'>seculi</span> <span class='ocrx_word' id='word_1_548' title='bbox 1719 2579 1814 2617; x_wconf 57' lang='lat' dir='ltr'>weci-</span> 
     </span>
     <span class='ocr_line' id='line_1_87' title="bbox 1097 2626 1813 2667; baseline 0.003 -11"><span class='ocrx_word' id='word_1_549' title='bbox 1097 2628 1118 2643; x_wconf 89' lang='lat'>“</span> <span class='ocrx_word' id='word_1_550' title='bbox 1135 2637 1202 2657; x_wconf 84' lang='lat' dir='ltr'>men</span> <span class='ocrx_word' id='word_1_551' title='bbox 1218 2626 1390 2667; x_wconf 86' lang='lat' dir='ltr'>gloriosum</span> <span class='ocrx_word' id='word_1_552' title='bbox 1406 2626 1634 2658; x_wconf 82' lang='lat' dir='ltr'>confluebant.”</span> <span class='ocrx_word' id='word_1_553' title='bbox 1676 2627 1728 2658; x_wconf 84' lang='lat' dir='ltr'>sic</span> <span class='ocrx_word' id='word_1_554' title='bbox 1745 2627 1813 2658; x_wconf 89' lang='lat' dir='ltr'>Ou-</span> 
     </span>
     <span class='ocr_line' id='line_1_88' title="bbox 1095 2675 1813 2717; baseline 0.006 -12"><span class='ocrx_word' id='word_1_555' title='bbox 1095 2675 1283 2716; x_wconf 88' lang='lat' dir='ltr'>dendorpius</span> <span class='ocrx_word' id='word_1_556' title='bbox 1296 2678 1413 2717; x_wconf 84' lang='lat' dir='ltr'>optime</span> <span class='ocrx_word' id='word_1_557' title='bbox 1427 2678 1551 2709; x_wconf 87' lang='lat' dir='ltr'>rescribi</span> <span class='ocrx_word' id='word_1_558' title='bbox 1565 2677 1642 2716; x_wconf 87' lang='lat' dir='ltr'>vult,</span> <span class='ocrx_word' id='word_1_559' title='bbox 1656 2687 1712 2717; x_wconf 83' lang='lat' dir='ltr'>pro</span> <span class='ocrx_word' id='word_1_560' title='bbox 1726 2679 1813 2710; x_wconf 76' lang='lat' dir='ltr'>altis-</span> 
     </span>
     <span class='ocr_line' id='line_1_89' title="bbox 1094 2727 1811 2770; baseline 0.004 -13"><span class='ocrx_word' id='word_1_561' title='bbox 1094 2728 1187 2758; x_wconf 80' lang='lat' dir='ltr'>simis.</span> <span class='ocrx_word' id='word_1_562' title='bbox 1234 2727 1325 2759; x_wconf 89' lang='lat' dir='ltr'>Idem</span> <span class='ocrx_word' id='word_1_563' title='bbox 1335 2729 1410 2760; x_wconf 88' lang='lat' dir='ltr'>ibid.</span> <span class='ocrx_word' id='word_1_564' title='bbox 1426 2729 1478 2760; x_wconf 75' lang='lat' dir='ltr'>lib.</span> <span class='ocrx_word' id='word_1_565' title='bbox 1493 2729 1534 2760; x_wconf 84' lang='lat' dir='ltr'>xi.</span> <span class='ocrx_word' id='word_1_566' title='bbox 1549 2729 1683 2760; x_wconf 66' lang='lat' dir='ltr'>init—“</span> <span class='ocrx_word' id='word_1_567' title='bbox 1698 2741 1811 2770; x_wconf 74' lang='lat' dir='ltr'>augus-</span> 
     </span>
     <span class='ocr_line' id='line_1_90' title="bbox 1097 2780 1812 2819; baseline 0.004 -11"><span class='ocrx_word' id='word_1_568' title='bbox 1097 2781 1118 2795; x_wconf 89' lang='lat'>“</span> <span class='ocrx_word' id='word_1_569' title='bbox 1133 2784 1196 2808; x_wconf 79' lang='lat' dir='ltr'>tum</span> <span class='ocrx_word' id='word_1_570' title='bbox 1212 2782 1360 2818; x_wconf 72' lang='lat' dir='ltr'>specimen</span> <span class='ocrx_word' id='word_1_571' title='bbox 1378 2782 1448 2811; x_wconf 78' lang='lat' dir='ltr'>deae</span> <span class='ocrx_word' id='word_1_572' title='bbox 1473 2780 1631 2819; x_wconf 79' lang='lat' dir='ltr'>praesentjs</span> <span class='ocrx_word' id='word_1_573' title='bbox 1651 2780 1745 2811; x_wconf 86' lang='lat' dir='ltr'>statui</span> <span class='ocrx_word' id='word_1_574' title='bbox 1759 2780 1812 2811; x_wconf 92' lang='lat' dir='ltr'>de-</span> 
     </span>
     <span class='ocr_line' id='line_1_91' title="bbox 1096 2829 1814 2872; baseline 0.007 -14"><span class='ocrx_word' id='word_1_575' title='bbox 1096 2831 1117 2846; x_wconf 89' lang='lat'><strong>“</strong></span> <span class='ocrx_word' id='word_1_576' title='bbox 1134 2829 1280 2868; x_wconf 79' lang='lat' dir='ltr'>precari.”</span> <span class='ocrx_word' id='word_1_577' title='bbox 1325 2830 1428 2861; x_wconf 89' lang='lat' dir='ltr'>Locus</span> <span class='ocrx_word' id='word_1_578' title='bbox 1449 2830 1582 2872; x_wconf 90' lang='lat' dir='ltr'>denique</span> <span class='ocrx_word' id='word_1_579' title='bbox 1604 2831 1750 2868; x_wconf 88' lang='lat' dir='ltr'>Lucretii,</span> <span class='ocrx_word' id='word_1_580' title='bbox 1773 2831 1814 2863; x_wconf 86' lang='lat' dir='ltr'>ad</span> 
     </span>
     <span class='ocr_line' id='line_1_92' title="bbox 1093 2879 1812 2922; baseline 0.007 -14"><span class='ocrx_word' id='word_1_581' title='bbox 1093 2879 1178 2910; x_wconf 88' lang='lat' dir='ltr'>hunc</span> <span class='ocrx_word' id='word_1_582' title='bbox 1199 2880 1330 2912; x_wconf 90' lang='lat' dir='ltr'>modum</span> <span class='ocrx_word' id='word_1_583' title='bbox 1351 2881 1550 2922; x_wconf 68' lang='lat' dir='ltr'>constitutus,</span> <span class='ocrx_word' id='word_1_584' title='bbox 1571 2883 1740 2914; x_wconf 84' lang='lat' dir='ltr'>honoribus</span> <span class='ocrx_word' id='word_1_585' title='bbox 1765 2882 1812 2913; x_wconf 86' lang='lat' dir='ltr'>in-</span> 
     </span>
    </p>
   </div>
  </div>
 </body>
</html>
