1912 3292
486 250 718 300 LIBER
765 245 861 294 TE
877 242 1122 294 RTIUS.

1470 247 1560 288 189

209 390 299 431 Nec
319 385 495 441 reperire
514 388 644 436 potes,
667 376 768 434 quid
788 377 838 417 sit
858 375 930 416 tibi
953 388 1062 428 saepe
1082 372 1192 422 mali,
1214 386 1341 427 quom

210 463 359 505 Ebrius
378 455 563 514 urgueris
583 453 720 495 multis
739 450 862 492 miser
882 448 1066 503 undique
1086 447 1208 496 curis,

63 629 129 649 non
158 618 219 648 alia
246 625 304 656 ope
332 611 582 653 expurgandum,
612 610 653 641 ad
679 610 786 649 hymn.

65 670 138 700 Del.
155 672 225 699 176.

65 744 181 776 Τειρεσιν,
196 740 272 768 'humez
282 743 391 764 ετλειστοι
401 735 463 763 κατ’
473 735 604 762 ΑῙΘΕΡΑ
615 736 786 766 &molemus-m.

62 803 161 841 Libri,
184 815 256 843 ηερα.
303 801 418 830 Noster
434 799 543 834 Carus,
560 797 579 827 i.
597 800 668 827 252.

347 868 427 892 Unde
439 866 516 891 aether
526 864 611 889 sidera
621 863 722 895 pascit?

105 935 187 966 Ibid.
212 936 380 966 Restinxit:
407 933 427 964 i.
442 943 468 963 e.
492 934 514 950 “
530 930 574 961 ita
588 928 736 969 perfudit,
752 932 788 958 ut

64 993 86 1008 ‘⁶
101 990 284 1024 obruantur,
306 997 372 1017 suae
385 985 464 1016 lucis
481 983 612 1014 flumine
626 979 785 1012 torrentis-

63 1044 85 1059 “
101 1040 180 1070 simo
191 1039 223 1070 :''
246 1039 480 1079 quasifluidum
493 1045 604 1074 corpus
618 1034 673 1064 lux
688 1033 785 1069 foret3

61 1091 100 1122 de
114 1101 177 1132 quo
192 1100 261 1128 nos,
283 1089 322 1120 ad
334 1089 366 1119 ii.
385 1091 454 1119 147.
477 1087 597 1124 Cicero,
620 1085 653 1114 in
669 1089 744 1114 orat.
760 1087 785 1114 1.

61 1143 330 1182 pei-venuste:—“
347 1149 404 1169 nec
429 1139 496 1178 ipse
523 1135 706 1167 Aristoteles
731 1133 786 1164 ad·

63 1199 85 1213 “
100 1193 235 1224 mirabili
250 1191 386 1233 quadam
401 1188 542 1227 scientia,
558 1194 589 1218 et
610 1184 711 1228 copiti,
727 1196 786 1216 cae-

62 1248 84 1264 “
101 1251 243 1276 tei-orum
257 1243 360 1274 studia
372 1240 542 1273 restinxit?
582 1239 632 1269 Sic
647 1237 700 1268 alii
716 1246 788 1267 cen-

62 1297 130 1327 ties.
177 1296 280 1326 Aliter
304 1294 389 1325 idem
412 1300 540 1322 sensum
554 1299 664 1329 parem
678 1286 789 1318 extulit

63 1349 96 1378 in
116 1347 250 1378 Arateis:

126 1417 180 1440 Nec
192 1414 271 1446 pleno
285 1413 368 1438 stellas
379 1410 516 1444 superavit
526 1409 622 1434 lumine
632 1408 704 1433 luna.

63 1473 264 1506 Vocabulum
288 1481 394 1501 coram
422 1469 512 1500 nobis
539 1466 667 1499 Alcimo
693 1464 789 1496 Avito

62 1525 204 1558 redonari
218 1524 321 1562 debet,
343 1523 384 1553 ad
402 1522 441 1552 iv.
456 1524 530 1552 575.

350 1597 420 1629 Quid
431 1595 559 1625 criminis,
575 1593 673 1625 inquit,

93 1641 198 1668 Ardetis
209 1639 340 1665 flammis?
356 1637 517 1669 Restinguent
527 1635 618 1660 omnia
627 1638 730 1666 poenae.

62 1717 183 1758 Vulgo,
197 1717 402 1754 Restringent.
426 1712 500 1742 Hac
511 1707 730 1740 emendatione
741 1706 789 1736 ni.
804 1742 810 1748 .

64 1769 110 1800 hil
123 1769 234 1799 verius.
281 1766 373 1798 Idem
387 1773 497 1795 censeo
511 1762 552 1793 de
566 1771 627 1791 ver.
645 1763 716 1792 209.
730 1757 790 1788 ibi.

64 1821 137 1851 dem
145 1833 152 1851 :

98 1901 172 1924 Inter
181 1905 255 1924 sacra
265 1898 354 1922 virum
366 1896 526 1926 conterruit,
536 1898 564 1920 et
576 1894 729 1919 dubitantes

96 1939 218 1964 Protinus
229 1939 334 1970 ingrato
346 1937 464 1962 restinxit
474 1936 501 1960 in
513 1943 559 1961 ore
570 1934 696 1966 loquelas.

65 2005 166 2043 Editi,
181 2005 338 2035 restrinxit
342 2017 354 2038 ;
380 2001 487 2032 minus
501 1999 676 2036 efficaciter,
693 2003 722 2028 et
738 2007 789 2027 ve-

64 2061 156 2087 nuste
178 2055 291 2085 minus.
336 2051 598 2093 Elegantissimus
623 2055 670 2079 est
693 2047 788 2078 Colu-

64 2107 168 2138 mellae
191 2107 289 2144 locus,
312 2105 350 2136 de
376 2115 409 2134 re
432 2108 506 2134 rust.
533 2101 649 2142 praefat.
675 2103 726 2130 50.
751 2109 789 2129 ex

66 2159 224 2191 Ciceronis
235 2157 302 2196 illo,
318 2167 411 2196 supra
425 2160 605 2190 memorato,
621 2151 788 2183 adumbra-

66 2219 131 2244 tus:
158 2215 181 2231 ‘⁴
198 2212 283 2242 Nam
292 2220 393 2251 neque
405 2209 457 2239 ille
468 2209 534 2248 ipse
545 2207 656 2238 Cicero
667 2205 791 2236 territus

67 2268 90 2284 “
106 2269 237 2294 cesserat
258 2262 438 2293 tonantibus
460 2258 668 2290 Demostheni
683 2257 790 2288 Plato-

66 2319 90 2335 “
105 2316 217 2356 nique;
240 2324 297 2345 nec
311 2324 422 2353 parens
436 2312 632 2352 eloquentiae,
647 2309 725 2340 deus
739 2308 792 2338 ille

65 2369 89 2386 “
107 2365 277 2403 Maeonius,
300 2363 477 2394 vastissimis
479 2362 668 2404 fluminibus
681 2360 792 2390 facun-

67 2422 90 2437 “
106 2417 166 2448 diae
181 2428 244 2448 suae
259 2415 443 2456 posteritatis
464 2414 567 2445 studia
580 2411 792 2444 restinaeerat.’‘

69 2469 135 2500 Ubi
150 2467 296 2499 nonnulli
310 2478 348 2498 ex
362 2466 520 2498 codicibus
536 2465 683 2496 exhibent
697 2463 792 2493 etiam

68 2524 274 2552 restrinxerat.
298 2517 418 2549 Eadem
434 2516 575 2548 confusio
591 2521 637 2546 est
650 2514 690 2545 ad
701 2514 791 2554 Virg.

69 2571 124 2602 ecl.
155 2582 181 2601 v.
211 2575 261 2602 47.
292 2570 399 2600 incert.
427 2578 539 2609 paneg.
570 2566 635 2597 viii.
664 2570 736 2596 sect.
762 2568 792 2595 6.

70 2622 163 2654 Ovid.
179 2628 251 2652 met.
268 2621 320 2652 xii.
340 2624 411 2653 545.
436 2619 599 2650 Claudian.
621 2617 695 2649 bell.
722 2617 792 2647 Get.

67 2677 139 2706 991.
162 2674 229 2704 Liv.
246 2683 274 2703 x.
294 2676 341 2703 15.
352 2676 382 2702 8.
398 2672 504 2701 xxviii.
523 2674 572 2701 25.
584 2673 612 2700 2.
624 2676 654 2700 et
669 2672 721 2699 42.
742 2672 791 2698 10.

67 2725 137 2756 vide
162 2731 250 2756 notas
277 2723 542 2761 Drakenborchii3
572 2722 611 2758 Q.
641 2721 727 2752 Curt.
753 2719 791 2750 vi.

71 2781 99 2808 6.
113 2780 161 2808 16.
182 2784 211 2807 et
226 2776 280 2807 ubi
297 2775 433 2815 profecto
449 2773 531 2805 non?

111 2829 194 2860 Ibid.
220 2831 372 2861 Restz'nxe't
394 2830 494 2860 stellas
515 2829 563 2857 uti
577 2828 627 2857 sol.
673 2823 789 2855 Simili-

829 608 1008 638 verborum:
1036 603 1147 645 Σχεδον
1163 616 1228 645 γαρ,
1245 603 1280 636 ὡς
1298 613 1349 643 περ
1363 614 1413 631 και
1429 600 1560 642 τάμυδριι

832 668 932 700 φέγγη
949 658 1144 698 εναφανιζεται
1169 669 1210 695 τῳ
1232 655 1312 694 ἧλιῳ,
1336 665 1559 694 περιανγεμενα·

832 712 906 742 οὕτω
922 723 962 740 «τοι
979 722 1030 743 τῆς
1046 710 1191 750 ῥητορικῆς
1215 713 1385 746 σοφισματα
1400 706 1559 744 εξαμαιυρω,

833 763 979 804 περιχυθεν
995 761 1142 797 ommam,
1161 771 1192 788 rra
1207 759 1342 797 μεγεθσς.·
1368 756 1388 786 i.
1405 766 1430 786 e.
1455 758 1477 773 ‘⁴
1492 765 1561 786 eva-

834 816 856 832 “
871 818 998 844 nescient
1014 813 1047 842 in
1062 812 1133 848 sole,
1149 811 1284 849 undique
1299 806 1485 838 illustrata.”
1511 806 1563 836 Ita

831 863 1003 896 clausulam
1032 862 1187 893 redditam
1216 860 1362 899 oportuit.
1423 858 1561 889 Pulchre

831 916 981 954 Nonnus,
1004 913 1039 944 in
1054 914 1186 953 Dionys.
1208 911 1280 942 xvii.
1300 914 1345 941 13.

831 998 931 1023 Καλλεϊ
943 995 964 1022 δ’
975 1002 1057 1030 expanti
1070 1000 1182 1021 σαντας·
1194 993 1246 1019 ιδων
1262 993 1287 1018 δε
1301 1002 1354 1026 μιν,
1369 1003 1383 1020 η
1394 1001 1472 1025 ‘razna
1483 996 1556 1023 φαιης

831 1046 915 1071 Ηελων
929 1052 1046 1078 πυροεντοι
1059 1047 1222 1076 πολυσπερεων
1231 1049 1306 1074 μέσον
1319 1049 1422 1075 αισα-ρων.

830 1116 935 1153 Forte,
967 1121 1171 1155 πολοσπερεων·
1210 1114 1243 1142 in
1274 1113 1345 1142 coelo
1377 1120 1560 1150 sparsorum.

831 1166 1014 1206 Magnifice,
1037 1171 1073 1194 ut
1087 1173 1221 1203 semper,
1245 1161 1340 1192 Philo
1354 1160 1499 1197 Judaeus,
1522 1158 1562 1189 de

830 1216 939 1247 mund.
954 1215 1029 1255 opif.
1048 1226 1076 1254 p.
1096 1217 1143 1244 15.
1170 1218 1225 1243 Koea
1241 1224 1279 1242 τε
1293 1224 1345 1250 μεν
1369 1211 1466 1252 (ἥλιε)
1491 1223 1563 1240 ανα-

833 1276 991 1302 wemma-05,
1015 1267 1047 1296 αἱ
1070 1273 1228 1305 φαντασιαι
1253 1277 1307 1294 των
1331 1274 1458 1293 *roceo-am
1473 1274 1562 1292 αισα-ε-

831 1333 880 1361 ρων
895 1331 932 1349 εκ
955 1329 1134 1357 αμαυρενται
1156 1329 1248 1354 μονον,
1272 1320 1359 1344 αλλω
1384 1326 1435 1343 και
1458 1320 1561 1352 αφοινι-

833 1371 938 1409 {ovetum
963 1382 999 1410 τῃ
1016 1380 1054 1398 τε
1070 1375 1184 1407 very-7133
1209 1377 1401 1405 αναχυσει-.
1445 1361 1562 1392 Leoni-

831 1420 880 1451 dae
890 1428 982 1458 porro
993 1416 1158 1448 Tarentini
1168 1415 1373 1456 epigramma,
1390 1412 1474 1453 quod
1490 1412 1562 1442 Ha-

831 1480 1034 1510 vercampum
1049 1479 1113 1499 non
1128 1468 1272 1505 latuerat,
1293 1471 1324 1496 et
1340 1465 1471 1495 minime
1487 1464 1562 1494 alie-

831 1533 911 1555 num
927 1527 983 1560 est,
1005 1531 1079 1551 cum
1102 1519 1269 1550 lectoribus
1288 1517 1368 1548 meis
1383 1515 1560 1546 communi-

832 1575 920 1605 cabo:

833 1659 927 1693 Aca-px
937 1666 982 1690 μεν
995 1664 1135 1691 ημαυρωσε,
1151 1666 1197 1682 και
1209 1650 1264 1690 ispa
1277 1658 1368 1680 κυκλοο
1378 1656 1487 1682 σελκνῆς,

872 1707 956 1737 Agma
967 1706 1066 1734 δινηο-ως
1080 1714 1183 1739 εμιτυρος
1197 1708 1285 1732 ἠέλιος·

832 1754 982 1787 Υμνοπυλες
994 1751 1143 1783 δἀγελῆδον
1155 1749 1432 1775 ΑΠΗΜΑΛΔΥΝΕΝ
1445 1747 1563 1780 Όμηρος,

872 1802 1062 1836 Λοιμκτροτοιτον
1075 1803 1167 1826 Metron
1179 1807 1268 1832 ,3¹3ny
1281 1805 1463 1831 ανασχομενος.

834 1880 994 1920 Denique,
1012 1878 1139 1918 Corippi
1148 1876 1335 1918 quibusdam
1347 1873 1485 1904 venustis
1496 1882 1560 1902 ver-

834 1934 929 1970 sibus,
945 1932 998 1962 sed
1013 1932 1125 1961 misere
1140 1928 1304 1964 morbosis,
1319 1926 1476 1957 medelam
1489 1924 1564 1955 affe·

834 1995 950 2022 remus,
973 1984 1025 2014 lib.
1041 1983 1072 2013 ii.
1088 1993 1148 2013 ver.
1165 1985 1237 2013 292.

832 2063 921 2087 Ambo
932 2061 1046 2092 patricii,
1062 2059 1154 2084 dilecti
1164 2057 1289 2090 principis
1299 2057 1391 2085 ambo,

832 2101 980 2133 Fulgebant
991 2099 1104 2132 geminis
1113 2098 1212 2123 similes
1223 2096 1387 2122 radiantibus
1398 2093 1486 2123 astris3

832 2140 925 2171 Astus,
941 2143 1003 2172 quae
1016 2139 1117 2164 coelum
1130 2136 1242 2162 flamma
1253 2135 1364 2160 meliore
1374 2135 1531 2165 perornant,

833 2180 946 2211 solaque
957 2178 1061 2211 prolato
1071 2180 1182 2210 possunt
1194 2183 1258 2200 cuin
1270 2174 1324 2199 sole
1335 2174 1431 2202 videri,

834 2220 975 2245 Stellarum
987 2219 1109 2250 fugiente
1122 2217 1219 2249 glob03
1237 2215 1346 2246 quando
1358 2213 1449 2238 omnia
1460 2212 1560 2244 pallent

835 2261 934 2291 Sidera,
945 2264 972 2285 et
983 2259 1087 2289 adflatos
1099 2261 1190 2283 ortum
1198 2257 1277 2288 jubar
1284 2254 1371 2287 adficit
1380 2254 1457 2278 orbes.

836 2327 987 2369 Evulgari
1001 2327 1078 2358 solet
1091 2325 1343 2358 mendosissime:

969 2393 996 2414 et
1006 2389 1115 2420 adflatus
1123 2392 1214 2413 ortum
1221 2388 1301 2419 jubar
1312 2384 1418 2417 adspicit
1429 2382 1526 2407 herhas.

839 2437 992 2468 Attendas
1002 2442 1108 2468 autem
1119 2436 1242 2475 copiam
1257 2445 1292 2465 ac
1307 2433 1486 2464 varietatem
1499 2440 1561 2460 ser-

835 2489 938 2518 monis
952 2488 985 2518 in
1001 2488 1200 2525 dictionibus,
1216 2487 1320 2522 astris,
1335 2485 1504 2518 stellavrzmz,
1520 2484 1561 2511 si-

835 2543 922 2579 dera,
939 2547 969 2570 et
985 2542 1075 2571 orbes.
1125 2560 1134 2571 ,ι

878 2594 953 2623 Ver.
970 2568 1139 2624 105sffu
1160 2603 1226 2623 vero
1243 2586 1465 2628 indignabere?
1490 2586 1561 2616 Ho-

836 2643 998 2682 mericam,
1021 2653 1117 2684 quam
1144 2641 1306 2672 remiserat
1331 2638 1369 2668 ad
1393 2647 1454 2668 ver.
1473 2640 1564 2668 1059.

837 2695 1026 2727 sententiam
1041 2692 1182 2725 resumit:

857 2763 945 2791 Αλλοι,
957 2764 1033 2794 φιλας,
1056 2760 1122 2785 θανῇ
1132 2768 1179 2784 και
1191 2763 1230 2784 ou·
1241 2767 1266 2783 τι
1280 2767 1295 2786 η
1307 2760 1432 2790 ολιφυρεαι
1447 2753 1541 2781 ωὑτωςὶ

836 2824 888 2855 Ita
907 2821 1117 2859 scribendum,
1139 2818 1322 2859 separatim3
1345 2827 1408 2847 non
1426 2829 1471 2849 erm
1487 2824 1561 2845 con-

71 2879 211 2911 tudincm
222 2882 302 2911 hanc
318 2880 482 2920 Longinus
497 2878 648 2914 adhibuit,
665 2890 724 2918 περι
735 2877 790 2913 ὑφ.
831 2875 981 2916 junctim:
1007 2884 1081 2904 nam
1103 2882 1141 2903 ex
1157 2871 1218 2901 illis
1238 2868 1460 2910 particularum
1475 2866 1562 2896 colli-

71 2937 142 2962 ποτ.
168 2935 214 2964 17.
238 2933 338 2963 multo
364 2943 437 2964 cum
463 2932 562 2962 nitore
584 2937 614 2960 ct
636 2926 790 2969 elegantia

836 2926 1014 2967 gationibus
1041 2923 1147 2956 omnia
1174 2927 1425 2962 corrumpuntur,
1455 2924 1485 2948 et
1511 2918 1564 2946 olr-
