1912 3292
464 254 696 302 LIBER
747 251 1129 307 QUARTUS.

200 388 308 438 Quae
327 386 439 444 quasi
458 383 726 432 membranae,
747 381 811 421 vel
829 388 972 422 cortex
991 383 1280 424 nominitanda
1299 392 1373 433 est,

201 462 328 511 Quod
349 459 522 514 speciem
542 471 590 498 ac
608 456 783 497 formam
804 455 975 496 similem
994 456 1101 512 gerit
1120 457 1203 511 ejus
1223 458 1376 514 imag0‚

115 539 168 575 50
199 535 566 588 Quoiusquomque
585 531 692 572 cluet
710 530 762 571 de
782 545 955 585 corpore
972 529 1061 571 fiisa
1079 532 1233 587 vagari.

198 609 250 650 Id
268 607 361 649 licet
381 606 478 647 hinc
499 620 624 661 quam
643 605 703 646 vis
722 605 861 646 hebeti
881 619 1128 662 cognoscere
1148 605 1290 655 corde3

198 681 424 736 Principio,
447 681 643 736 quoniam
662 680 833 720 mittunt
851 680 896 719 in
915 679 1036 720 rebus
1056 680 1206 734 apertis

197 755 386 810 Corpora
404 770 468 795 res
487 755 643 805 multae,
675 755 827 809 partim
847 753 994 795 diffusa
1015 754 1174 804 solutae,

198 829 369 870 Robora
389 843 463 870 ceu
483 828 643 870 ffimum
662 828 845 879 mittunt,
877 828 1073 885 ignesque
1091 843 1305 883 vaporem3

52 997 117 1020 esse
131 986 312 1023 existimavi,
328 986 355 1017 si
368 987 556 1019 vocabulum
571 987 656 1019 istud
671 997 778 1028 prove-

53 1041 178 1070 heretux=
206 1039 241 1069 in
272 1039 440 1080 sequentia.
485 1040 540 1078 Et,
567 1040 592 1070 si
617 1040 717 1076 malis,
739 1039 780 1069 ad

53 1102 211 1131 corporum
226 1091 318 1121 tacite
335 1105 368 1122 το
389 1102 491 1122 eorum
507 1092 621 1122 referre
636 1091 758 1131 poteris.

95 1143 171 1173 Ver.
187 1146 237 1173 48.
260 1144 461 1174 membranae.-
490 1143 533 1174 sic
558 1144 594 1173 P.
620 1142 715 1174 Vind.
739 1144 779 1173 V.

53 1194 100 1225 ed.
125 1195 164 1225 B.
187 1194 226 1225 O.
252 1199 287 1225 Δ.
312 1201 358 1225 Ω.
377 1201 407 1225 et
421 1195 529 1236 quovis
552 1196 685 1236 pignore
706 1205 782 1225 con-

51 1246 215 1282 tenderim,
238 1256 303 1275 non
327 1245 416 1276 aliter
439 1247 589 1285 scriptum
612 1247 646 1275 in
668 1246 705 1276 L.
730 1246 778 1276 M.

51 1297 194 1338 quamvis
207 1302 307 1327 taceat
319 1297 566 1336 Havercampus,
590 1304 620 1327 et
631 1299 779 1328 membra-

50 1360 92 1378 na
109 1349 149 1378 sit
162 1348 196 1377 in
212 1354 254 1378 Π.
272 1352 307 1379 Σ.
323 1354 416 1388 atque
434 1348 541 1378 Nonio
557 1348 718 1383 Marcello,
734 1348 777 1378 iii.

49 1404 101 1431 61.
123 1409 223 1440 quum
245 1399 286 1428 sit
307 1409 379 1429 vero
404 1399 614 1437 simillimum,
638 1400 778 1430 librarios

50 1451 91 1481 ad
119 1450 350 1491 exquisitiorem
383 1451 648 1481 constructionem
677 1452 777 1482 offen-

50 1502 138 1538 disse,
153 1501 192 1532 de
204 1501 266 1542 quii
280 1502 409 1531 verbum
420 1503 635 1532 nominitancla
651 1502 691 1532 ad
706 1513 775 1542 pos—

51 1561 188 1584 tremum
216 1552 415 1583 solummodo
437 1554 666 1584 substantivum
688 1555 777 1586 redit.

53 1609 198 1638 Corticem
220 1616 293 1637 vero
315 1606 477 1647 utriusque
498 1608 622 1648 generis
644 1608 778 1639 inveniri

49 1659 139 1689 docet
163 1658 281 1689 ibidem
307 1658 451 1698 exemplo
477 1660 573 1689 etiam
589 1659 777 1700 Virgiliano,

55 1710 91 1740 in
113 1710 168 1741 ecl.
195 1710 234 1740 vi.
257 1714 308 1741 65.
327 1711 380 1740 ille
404 1710 542 1748 Nonius;
577 1711 661 1749 apud
684 1722 778 1752 quem

50 1761 129 1790 falso
143 1761 292 1799 scriptum
307 1767 362 1796 est,
386 1763 604 1799 nominandas,
628 1772 731 1792 errore
744 1763 778 1792 in

50 1822 186 1842 errorem
200 1812 370 1843 cumulato.
404 1812 522 1843 Videas
537 1813 723 1852 Heinsium,
739 1815 779 1844 ad

52 1862 144 1893 Ovid.
167 1869 240 1893 met.
264 1863 302 1893 iv.
325 1865 397 1894 575.
423 1863 462 1893 de
489 1863 643 1894 feminino
665 1874 779 1905 genere

48 1913 191 1944 vocabuli
207 1916 329 1944 corticis
345 1913 556 1953 ampliantem.
602 1915 665 1944 Per
687 1919 779 1946 corii-

49 1975 112 1995 cem
139 1974 214 1994 vero
238 1964 395 2005 intelligas
421 1967 600 1996 insectorum
627 1965 779 1996 redivivo-

49 2025 122 2045 rum
146 2018 395 2055 integumentum,
420 2022 457 2045 ut
482 2026 562 2055 saepe
585 2016 723 2055 Plinius3
747 2024 778 2048 et

49 2075 104 2104 per
117 2067 332 2101 membranam,
348 2067 440 2097 tacite
456 2067 715 2108 significarifi’tz‘is
727 2071 776 2099 in-

48 2119 219 2148 volucrum:
244 2118 352 2148 confer
366 2129 442 2149 verr.
459 2123 510 2150 56.
529 2123 580 2150 57.
603 2130 675 2150 cum
691 2121 775 2152 Plin.

49 2176 112 2200 nat.
128 2170 198 2200 hist.
214 2171 255 2201 xi.
273 2174 322 2202 16.
338 2175 389 2202 52.
405 2172 509 2202 xxviii.
526 2175 576 2203 50.

51 2220 163 2258 Porro,
186 2221 340 2251 Varronis
355 2221 440 2252 loeus
455 2222 488 2251 in
510 2223 628 2261 Nonio,
651 2224 671 2254 l.
688 2234 713 2254 c.
736 2225 776 2255 ad

49 2271 233 2302 Lucretium
248 2279 390 2303 nostrum
406 2274 530 2314 egregie
547 2274 628 2304 facit.
674 2276 704 2305 E
719 2276 775 2306 Ti-

49 2322 158 2359 thono,
190 2335 248 2364 περι
275 2337 375 2366 aymam,
408 2325 621 2364 fragmentum
650 2332 696 2356 est
724 2337 778 2356 ex-

49 2379 204 2412 cerptum:
240 2377 262 2392 “
291 2375 341 2405 Sic
365 2375 502 2410 invitata,
525 2382 649 2407 matura
672 2378 779 2409 anima

50 2429 73 2444 “
89 2436 263 2465 corporeum
294 2430 432 2458 corticem
475 2429 566 2459 facile
599 2429 777 2470 relinquit.”

50 2476 116 2506 Ubi
141 2476 221 2507 forte
244 2487 286 2507 an
307 2482 440 2517 corporis
464 2480 575 2518 reponi
600 2479 720 2518 debeat,
743 2487 779 2511 ut

50 2526 162 2556 evadat
175 2537 280 2558 versus
290 2527 442 2559 iambicus
456 2535 633 2560 tetrameter
647 2532 776 2572 brachy-

47 2577 256 2614 catalecticus,
278 2579 421 2610 dubitare
435 2581 540 2612 licoet:

78 2658 119 2683 Sic
130 2658 255 2689 invitata,
277 2664 385 2686 matura
395 2661 485 2687 anima
495 2662 599 2694 corpor-1¹⁹
610 2664 740 2689 corticem

80 2698 167 2724 Facile
178 2699 316 2730 relinquit.

93 2768 174 2800 Ibid.
197 2773 380 2803 membranoe
394 2775 439 2805 vel
454 2781 569 2805 cortex:
594 2774 642 2804 uti
658 2775 776 2806 Nican-

53 2817 117 2854 der,
134 2821 210 2852 ther.
224 2825 297 2853 392.
312 2822 352 2853 de
365 2831 432 2855 cute
447 2824 571 2856 senecta
580 2826 743 2865 serpentis:

71 2882 131 2909 Evv'
143 2894 173 2910 αν
183 2885 251 2911 ’ΥΙΓ
263 2893 348 2917 nmmo
357 2898 407 2924 περι
424 2891 544 2917 (moon
555 2891 632 2924 ἅψεα
644 2894 739 2928 fico-lp.

55 2935 107 2967 Sic
128 2938 289 2974 Bentleius
309 2944 441 2976 correxit
466 2955 506 2976 ex
529 2945 700 2984 scholiaste,
723 2958 780 2988 pro

822 989 887 1019 ευτ’·
912 986 968 1018 sed
990 987 1168 1026 impeditior
1196 987 1361 1016 verborum
1386 986 1547 1018 collocatio

823 1038 954 1068 minime
965 1039 1056 1069 nobis
1064 1038 1171 1077 placet,
1188 1048 1288 1078 neque
1298 1038 1423 1076 po‘e'tam
1435 1049 1548 1069 venus·

823 1096 892 1119 tum
906 1089 1019 1129 resipit.
1059 1088 1267 1120 Scribendum
1280 1088 1350 1118 ideo
1366 1089 1513 1119 forsitan:

843 1168 901 1194 Ἐπ’
915 1179 947 1194 ων
957 1168 1007 1194 ὐπ’
1020 1173 1104 1197 nmmo
1114 1170 1196 1193 ΠΥΡῙ
1210 1172 1279 1200 <phou
1291 1168 1369 1199 ἅψεα
1381 1169 1480 1203 βαλλῃ·

822 1244 841 1274 i.
858 1255 883 1274 e.
900 1246 1029 1274 membra
1046 1246 1185 1274 corticem
1201 1243 1358 1282 abjiciant.

865 1296 940 1326 Ver.
956 1299 1006 1326 49.
1029 1306 1083 1325 ac:
1110 1295 1148 1324 P.
1175 1294 1216 1323 V.
1245 1293 1291 1323 ed.
1323 1294 1360 1323 B.
1386 1300 1430 1330 et,·
1458 1294 1497 1325 O.
1514 1299 1549 1325 Δ.

825 1353 864 1377 Π.
880 1349 930 1377 ad.

865 1397 945 1428 Ibid.
969 1399 1097 1437 speciem
1128 1408 1165 1427 ac
1184 1396 1332 1437 formam.
1380 1397 1550 1433 Arnobius,

822 1449 875 1480 lib.
891 1449 934 1480 iii.
949 1460 978 1489 p.
999 1453 1067 1480 106.
1098 1452 1119 1467 “
1136 1449 1232 1479 Nunc
1248 1448 1288 1478 ad
1301 1451 1428 1488 speciem
1444 1450 1552 1479 venia-

823 1503 845 1519 ‘2
861 1510 932 1530 mus
955 1507 983 1531 et
999 1500 1134 1541 formas,
1158 1500 1273 1540 quibus
1296 1510 1360 1530 esse
1383 1500 1551 1540 descriptos

823 1554 848 1570 “
864 1551 939 1581 deos
953 1561 1081 1590 superos
1096 1551 1251 1581 creditis.”
1380 1546 1385 1551 ’

866 1603 948 1634 Ibid.
967 1606 1065 1643 gerit:
1090 1603 1111 1633 i.
1127 1614 1154 1634 e.
1183 1604 1293 1641 habet;
1315 1609 1350 1634 ut
1375 1611 1453 1645 φερει,
1479 1618 1547 1645 εχει,

821 1655 853 1684 in
872 1655 999 1685 Graecis.
1046 1655 1096 1685 Sic
1115 1656 1238 1685 Gruter.
1263 1655 1411 1694 inscriptt.
1436 1656 1456 1686 i.
1473 1667 1500 1696 p.
1519 1662 1546 1688 9.

824 1710 846 1724 “
864 1706 1006 1736 Numine
1021 1706 1222 1745 fonligero:’'
1254 1707 1274 1736 i.
1299 1717 1324 1737 e.
1347 1707 1468 1738 fontem
1491 1710 1546 1738 lca—

822 1759 914 1788 bente.
959 1756 1047 1787 Alibi
1063 1757 1209 1787 diximus.

866 1809 941 1838 Ver.
958 1812 1008 1839 50.
1024 1811 1120 1838 cluet:
1140 1809 1179 1839 L.
1198 1815 1241 1839 Π.
1254 1813 1290 1840 Σ.
1305 1811 1359 1839 cui
1370 1815 1415 1844 et;
1435 1814 1470 1840 A.
1480 1813 1544 1845 czc1';

826 1860 865 1890 O.
884 1866 927 1890 Ω.
943 1861 993 1889 tui
1006 1860 1175 1900 et.—fusa:
1201 1861 1245 1890 V.
1262 1860 1311 1890 ed.
1334 1861 1371 1890 B.
1388 1865 1423 1891 Δ.
1435 1861 1525 1901 fasta
1534 1877 1546 1897 ;

823 1911 862 1941 L.
882 1911 922 1940 O.
939 1916 974 1941 Σ.
993 1910 1149 1951 O..fusca.

868 1963 948 1994 Ibid.
971 1965 1050 1994 cluet
1064 1966 1183 2004 vagari.
1215 1964 1316 1995 Simili
1332 1975 1406 1995 cum
1419 1965 1548 2005 regimi-

822 2025 862 2044 ne
877 2014 1004 2044 Enuius
1018 2014 1102 2053 apud
1118 2015 1273 2053 Nonium,
1297 2015 1328 2046 ii.
1347 2019 1416 2046 147.
1433 2018 1550 2048 cluebat

820 2079 897 2105 esse5
927 2069 1071 2107 Plautus,
1087 2069 1201 2099 Bacch.
1218 2070 1256 2100 iv.
1274 2074 1301 2101 9.
1320 2074 1346 2100 1.
1373 2072 1474 2101 cluent
1490 2072 1546 2112 fe-

821 2121 914 2150 cisse:
948 2120 1007 2150 hoc
1029 2126 1136 2150 autem
1161 2121 1309 2151 rarissimi
1333 2128 1377 2152 est
1400 2124 1548 2163 exempli,

821 2176 851 2200 et
865 2170 904 2200 de
919 2171 1149 2201 constructione
1164 2172 1345 2203 Lucretiani
1368 2174 1551 2214 interpretes

819 2221 1099 2260 prudentissimum
1113 2222 1444 2263 silentiumspraestant.

865 2272 945 2302 Ibid.
951 2273 1030 2313 fusa
1047 2276 1155 2313 imago.
1183 2274 1349 2305 Minucius
1363 2276 1461 2312 Felix,
1477 2284 1550 2310 sect.

823 2328 871 2355 19.
906 2327 928 2342 “
946 2325 1032 2360 Quid
1059 2326 1280 2358 Democritus?
1320 2329 1461 2368 quamvis
1481 2336 1547 2360 ato-

823 2378 845 2392 “
861 2385 987 2405 morum
997 2376 1118 2415 primus
1126 2378 1280 2416 inventor,
1293 2389 1398 2409 nonne
1409 2379 1546 2418 plerum-

824 2429 846 2444 “
862 2436 923 2466 que
938 2433 1094 2464 naturam,
1117 2439 1187 2469 quae
1202 2431 1351 2469 imagines
1361 2430 1494 2470 fundat,
1518 2438 1550 2463 et

823 2479 846 2494 “
861 2477 1113 2518 intelligentiam,
1137 2480 1246 2509 Deum
1262 2480 1440 2520 loquitur?”

862 2529 937 2559 Ver.
954 2534 1004 2562 52.
1027 2533 1153 2562 mittunt
1166 2534 1216 2562 in:
1245 2533 1292 2562 M.
1311 2532 1349 2563 Ο.
1367 2539 1403 2563 A.
1418 2536 1546 2566 mittun-

820 2586 887 2615 tur‚-
924 2581 1043 2612 librarii
1071 2593 1165 2612 sensu
1205 2583 1356 2613 nimirum
1391 2585 1547 2625 scriptoris

823 2633 1089 2664 constructionem
1103 2645 1178 2665 cum
1201 2635 1268 2674 sua,
1295 2642 1326 2666 et
1350 2636 1387 2667 ea
1409 2637 1548 2669 faciliore

821 2684 961 2725 quidem,
984 2693 1200 2725 praecurrente.

865 2743 940 2773 Ver.
967 2746 1016 2775 55.
1039 2747 1161 2776 solutae:
1186 2746 1229 2777 sic
1242 2746 1279 2778 P.
1293 2747 1337 2778 V.
1354 2748 1402 2779 ed.
1414 2749 1453 2780 Ο.
1464 2749 1551 2790 quod

823 2794 999 2835 elegantius
1024 2802 1101 2836 puto
1127 2797 1253 2839 vulgata
1281 2798 1423 2838 lectione,
1446 2803 1550 2833 solute.

824 2845 912 2876 Ordo
933 2853 990 2878 est:
1024 2851 1046 2866 “
1063 2848 1184 2879 Partim
1208 2850 1318 2880 solutae
1342 2862 1390 2882 res
1412 2852 1448 2893 (i.
1463 2862 1488 2883 e.
1514 2863 1548 2882 se

824 2899 846 2915 ‘⁶
861 2897 953 2928 facile
979 2898 1140 2937 solventes,
1162 2906 1199 2931 ut
1220 2900 1321 2942 ligna)
1343 2904 1467 2933 mittunt
1483 2914 1548 2933 cor-

824 2951 935 2990 “pora
962 2950 1089 2983 diffusa:
1127 2952 1162 2993 (i.
1185 2963 1210 2984 e.
1241 2964 1272 2984 se
1295 2954 1408 2994 passim
1432 2953 1548 2985 diffun-
