1912 3292
334 200 390 241 16

846 189 906 236 T.
947 188 1327 263 LUCRETH

475 323 642 366 semota
661 321 715 364 ab
737 321 847 363 dulci
865 320 965 371 vita,
987 321 1215 377 stabilique,
1236 319 1415 371 videtur;

473 397 529 440 Et
548 397 663 454 quasi
675 397 763 452 jam
782 395 850 437 leti
870 403 1009 451 portas
1028 395 1232 436 contarier
1251 403 1359 436 ante.

472 471 599 514 Unde
617 471 819 520 homines,
840 469 941 511 dum
961 485 1018 520 se,
1039 469 1138 510 falso
1158 477 1314 510 terrore
1333 469 1502 520 coactei,

469 545 682 603 chugisse
700 545 843 586 volunt
860 544 999 602 longe,
1021 544 1225 601 longeque
1244 558 1442 593 remosse;

385 623 438 662 70
471 621 680 677 Sanguine
699 619 804 661 civili
825 634 912 660 rem
933 619 1127 669 conflant,
1150 618 1391 673 divitiasque

470 692 775 749 Conduplicant
794 693 940 743 avidei,
962 692 1118 734 caedem
1138 691 1252 733 caede
1272 691 1596 735 adcumulantes:

325 855 440 886 animoe
454 857 527 882 sunt
548 854 662 882 nm'mae
684 851 716 881 in
743 851 867 893 inferis;
894 858 930 882 ut
955 852 1050 883 modo

323 903 502 941 Lucretius,
517 913 576 933 ver.
594 906 643 934 52.
665 903 805 934 manibus
819 905 909 940 divis,
925 914 980 942 pro
999 906 1048 934 ιἰι-

315 957 422 999 fernis
438 956 526 986 divis.
569 953 747 991 Falluntur,
771 954 826 994 qui
851 954 958 984 minus
980 965 1048 994 spe·

325 1009 406 1040 ciose
421 1017 476 1048 per
492 1007 660 1046 επεξηγησιν
682 1005 849 1045 accipiunt,
872 1016 946 1036 cum
960 1016 1050 1037 enar-

322 1066 425 1091 ratore
439 1065 540 1089 vetere
558 1055 749 1098 Cruquiano.
786 1056 831 1087 At
845 1056 929 1086 enim
945 1056 991 1087 vis
1005 1063 1051 1088 est

323 1110 550 1151 exemplorum,
565 1108 597 1138 in
613 1107 778 1147 propatulo
785 1107 968 1148 jacentium,
984 1107 1048 1138 dic-

322 1163 416 1195 tionis
429 1163 517 1194 elicio
531 1161 566 1190 in
581 1158 757 1200 significatu
779 1159 819 1190 ad
841 1165 978 1190 nostram
994 1170 1047 1190 ex-

323 1214 510 1256 positionem
525 1211 674 1250 faciente3
698 1211 779 1241 adeo
798 1216 834 1241 ut
854 1211 928 1241 huic
943 1211 988 1241 rei
1001 1211 1046 1241 la-

321 1266 405 1298 boris
437 1262 623 1294 infructuosi
649 1262 689 1292 sit
719 1261 869 1292 solicitius
893 1261 1047 1292 insudare.

322 1317 399 1349 Non
415 1321 488 1346 sunt
502 1314 599 1355 igitur
613 1312 773 1351 audiendi,
796 1313 851 1354 qui
866 1323 960 1344 suum
976 1314 1047 1354 Eji-

322 1370 449 1400 ciuntur
472 1365 621 1396 Lucretio
644 1364 721 1395 dant
745 1374 872 1404 operam
893 1364 1046 1405 infligere,

322 1419 418 1451 fidem
428 1417 573 1449 codicum
583 1416 714 1456 pedibus
726 1416 872 1447 audacter
884 1416 1048 1457 subjicien-

322 1479 380 1503 tes.
424 1469 508 1500 Vide
531 1469 633 1500 Plaut.
658 1469 745 1499 Trin.
767 1469 798 1499 ii.
814 1472 843 1499 52.
863 1472 910 1499 1⁶2.
933 1476 963 1500 et
979 1479 1047 1509 nos,

321 1533 351 1555 v.
367 1526 440 1555 568.

367 1573 448 1604 Ibid.
469 1575 600 1613 cripitur
616 1583 756 1612 persona.
804 1572 868 1602 Hic
893 1572 953 1603 loci
975 1583 1047 1612 per-

321 1638 395 1659 sona
421 1631 468 1656 est
494 1629 516 1644 ‘⁶
531 1631 596 1655 tota
619 1631 747 1655 externa
769 1624 885 1664 species
898 1625 1046 1663 hominis,

323 1683 346 1698 “
361 1688 457 1720 quam
471 1688 535 1717 prae
551 1687 582 1707 se
597 1677 668 1717 quis
683 1677 752 1712 fert,
777 1684 807 1706 et
828 1677 912 1707 unde
926 1691 1046 1719 χαρακ·

322 1734 345 1749 “
362 1729 546 1772 enpagswuff
569 1735 601 1759 et
623 1728 784 1758 translatio
806 1735 883 1758 esta
900 1736 981 1759 veste
999 1736 1046 1760 to-

321 1790 391 1813 tum
406 1791 518 1820 corpus
539 1780 707 1810 ambiente.
752 1779 1048 1811 commodissimam

322 1836 395 1866 huic
410 1833 453 1864 rei
469 1842 595 1872 operam
607 1831 790 1862 Venusinus
801 1831 898 1866 dabit,
911 1842 947 1862 ex
960 1833 1046 1872 epist.

320 1890 340 1919 i.
359 1891 407 1918 17.
422 1889 472 1916 50.

353 1953 489 1986 Quidlibet
499 1951 615 1980 indueus,
626 1950 799 1976 celeberrima
810 1958 857 1983 per
867 1952 927 1976 loca
938 1952 1032 1982 vadet;

351 1992 613 2024 Personamqueserce
624 1998 678 2016 non
689 1991 864 2016 inconcinnus
874 1997 1028 2024 utramque.

321 2059 407 2091 Nam
421 2056 587 2088 Lucretius
601 2062 705 2085 noster
723 2055 832 2094 procul
854 2055 950 2086 dubio
974 2063 1043 2087 tan·

321 2111 368 2152 git
382 2108 551 2149 apologum
566 2113 702 2136 veterem
716 2106 795 2136 asini
815 2106 941 2137 leonini
963 2107 1044 2147 pelle

317 2160 436 2198 vestim
460 2158 499 2190 ad
513 2167 608 2199 quem
622 2167 697 2188 sane
712 2157 842 2187 Flaccus
855 2157 941 2188 idem
962 2158 1042 2188 allu-

319 2214 393 2245 sisse
408 2209 607 2250 accipiendus
621 2214 678 2248 est,
695 2209 728 2239 in
743 2215 799 2240 sat.
815 2209 846 2239 ii.
864 2213 891 2240 1.
905 2213 957 2240 64.

334 2279 472 2305 Detrahere
482 2279 510 2302 et
518 2276 617 2309 pellem,
629 2275 728 2300 nitidus
738 2275 790 2307 qu&
802 2276 914 2308 quisque
924 2282 972 2308 per
981 2283 1027 2301 ora

334 2320 461 2349 cederet,
470 2318 617 2342 introrsum
629 2317 723 2349 turpis.

316 2371 418 2408 Hinc,
433 2373 470 2399 ut
482 2367 517 2398 id
530 2376 677 2398 moneam
693 2379 717 2398 e»
733 2366 855 2408 παροδῳ,
871 2367 905 2397 in
921 2367 1042 2398 fabula-

317 2433 390 2453 rum
414 2419 634 2460 AEsopioemm
658 2418 851 2457 collectione,
877 2429 948 2460 quae
971 2429 1041 2458 pro-

319 2473 378 2504 diit
391 2471 477 2512 prelo
493 2469 679 2508 Oxoniensi,
695 2480 779 2500 anno
796 2473 888 2501 1718.
901 2470 961 2501 fab.
971 2474 1042 2502 258.

319 2524 459 2563 simplice
483 2531 573 2552 versu
598 2531 747 2552 mancum
772 2527 819 2552 est
839 2534 1043 2561 amm-aepa-

321 2592 378 2609 τιον
391 2578 579 2615 secundum
602 2576 742 2617 reliquiae
763 2583 869 2607 autem
891 2577 934 2607 sic
956 2575 1044 2606 nullo

320 2629 447 2671 negotio
461 2630 495 2659 in
510 2639 582 2660 suos
596 2629 716 2660 iambos
729 2629 856 2666 cadunt,
882 2639 941 2669 ope
955 2628 1044 2659 levis-

321 2681 472 2711 simarum
487 2680 743 2720 castigationum:

361 2744 440 2778 Φερω
450 2747 542 2772 λωντος
554 2743 636 2779 &pu-a
648 2755 697 2773 τοις
708 2755 792 2779 apost.
803 2756 851 2774 ονος

361 2791 440 2823 Ηυχει
450 2794 507 2816 aem
517 2791 577 2815 ssN'
587 2796 689 2819 ωπολος
701 2792 747 2817 ΔΕ
759 2803 795 2820 τις
803 2795 982 2824 βλαμ.

361 2840 420 2864 Esto
431 2837 456 2864 δε
470 2848 562 2871 γνμιος
573 2849 617 2867 της
627 2843 722 2867 λεοντῆς
732 2840 815 2874 ziph,

361 2888 447 2913 'rm-01
457 2891 541 2921 μοὶ-’.η
552 2896 639 2920 effa-met
649 2897 692 2917 της
704 2890 820 2919 «rc-{125

1139 851 1209 881 Ver.
1235 854 1285 882 61.
1307 852 1468 882 scelerum:
1495 850 1535 880 V.
1559 849 1605 880 ed.
1629 850 1666 881 B.
1689 853 1816 889 sterilis,-

1092 902 1178 933 unde
1193 913 1257 932 non
1271 902 1353 932 male
1369 902 1483 943 legitur
1497 903 1529 931 in
1548 909 1588 933 11.

1375 962 1460 987 socios
1469 961 1611 994 scelerisque
1621 961 1766 988 ministros.

1135 1018 1209 1048 Ver.
1233 1022 1283 1050 652.
1315 1025 1501 1058 prestante:
1541 1019 1669 1059 quidam
1698 1020 1819 1053 codices

1094 1069 1159 1108 Pii,
1164 1076 1320 1109 perstante
1325 1086 1335 1106 ;
1351 1070 1436 1111 quod
1445 1070 1565 1101 videtur
1575 1072 1702 1102 rectius:
1718 1083 1818 1113 quum

1093 1131 1165 1151 vero
1174 1127 1328 1161 proestans
1343 1122 1385 1151 sit
1394 1124 1583 1162 proecellens,
1605 1121 1653 1154 vel
1673 1124 1818 1165 eximius,

1093 1179 1124 1203 et
1137 1173 1211 1204 inde
1222 1184 1368 1214 magmis,-
1391 1179 1498 1204 contra
1512 1173 1616 1213 plures
1629 1181 1661 1206 et
1674 1176 1820 1209 meliores

1092 1224 1186 1255 libros
1208 1225 1288 1255 nihil
1319 1234 1385 1255 esse
1413 1224 1595 1256 novandum
1624 1226 1816 1260 existimavi:

1091 1275 1162 1306 vide
1176 1275 1217 1306 ad
1229 1275 1261 1306 ii.
1278 1278 1329 1306 12.
1366 1275 1501 1314 Plinius,
1528 1284 1592 1307 nat..
1617 1277 1687 1308 hist.
1709 1279 1750 1310 xi.
1768 1283 1817 1313 19.

1093 1331 1115 1346 “
1135 1329 1221 1368 Apes
1245 1334 1453 1368 sunt—opere
1479 1338 1515 1359 ac
1539 1331 1639 1362 labore
1661 1339 1819 1371 [παπαπ-

1092 1384 1113 1398 “
1128 1380 1201 1412 tes.”

1136 1431 1209 1462 Ver.
1239 1436 1289 1464 65.
1318 1434 1439 1463 volnera
1469 1434 1606 1464 aluntur.
1652 1433 1818 1476 Virgilius,

1092 1484 1166 1514 AEn.
1183 1483 1221 1513 iv.
1238 1487 1266 1514 2.

1184 1542 1275 1567 Vulnus
1285 1542 1331 1567 alit
1343 1542 1462 1568 venis—:

1090 1592 1131 1623 ad
1155 1593 1336 1623 Graecorum
1359 1601 1488 1623 morem.
1535 1591 1713 1632 Sophocles,
1735 1594 1818 1626 Phil.

1092 1648 1164 1677 795.

1486 1725 1536 1744 xm
1547 1725 1578 1741 ιι
1589 1715 1644 1742 σιν.)
1656 1725 1705 1749 εμν

1129 1766 1181 1790 Tou
1189 1774 1239 1790 ισον
1250 1774 1331 1798 mmor
1343 1765 1526 1789 ΤΡΕΦΟΙΤΕ
1538 1764 1608 1792 «ηυδε
1619 1775 1662 1793 πυ
1671 1765 1803 1796 ΝΟΣΟΝς

1135 1831 1208 1861 Ver.
1225 1834 1275 1862 65.
1288 1831 1410 1872 ferme.-
1434 1830 1477 1860 sic
1493 1830 1529 1860 L.
1546 1831 1593 1861 M.
1618 1831 1657 1867 Q„
1679 1837 1723 1862 Ω..
1748 1832 1816 1863 vul·

1089 1893 1178 1924 gai-es
1193 1882 1280 1921 editi,
1293 1884 1386 1922 fama
1403 1888 1431 1913 et
1437 1898 1448 1919 ‚-
1473 1881 1570 1913 Vind.
1586 1883 1627 1912 V.
1643 1882 1691 1914 ed.
1715 1883 1755 1915 0.
1781 1890 1817 1916 Δ.

1090 1935 1270 1975 Σ.]“ονηιιε;
1299 1933 1472 1974 11.f0rme,·
1498 1933 1654 1975 Rsamae.
1701 1935 1761 1966 Sed
1777 1936 1817 1967 de

1090 1986 1217 2016 veritate
1232 1985 1375 2014 lectionis
1386 1984 1500 2026 fenne,
1526 1985 1576 2014 vix
1592 1991 1637 2016 est
1651 1985 1816 2018 dubitandi

1089 2037 1181 2068 locus.
1228 2037 1278 2067 Ita
1303 2037 1417 2076 passim
1442 2036 1528 2077 loqui
1557 2036 1667 2073 solent,
1695 2039 1816 2078 quoties

1087 2100 1154 2120 rem
1170 2095 1292 2119 tantum
1308 2098 1371 2118 non
1394 2087 1600 2118 universalem
1622 2088 1816 2122 diffidentius

1086 2141 1183 2172 velint
1197 2141 1360 2171 affirmare.
1403 2141 1424 2172 J
1427 2140 1578 2179 uvenalis,
1594 2140 1658 2171 xiii.
1673 2144 1746 2173 236.

1117 2200 1220 2226 Mobilis
1231 2203 1259 2225 et
1270 2207 1287 2223 v
1289 2200 1342 2224 aria
1353 2203 1393 2225 est
1394 2199 1481 2231 ferme
1492 2203 1588 2224 natura
1599 2200 1744 2225 malorum.

1087 2252 1131 2282 Et
1145 2251 1264 2281 doctior
1279 2250 1413 2281 formula
1431 2256 1500 2289 post
1521 2250 1692 2281 scribamm
1719 2252 1813 2284 insci-

1087 2310 1191 2334 torum
1206 2313 1320 2333 manus
1334 2302 1367 2332 in
1383 2302 1553 2338 varietates,
1578 2313 1655 2343 quas
1669 2304 1812 2342 exposui-

1086 2366 1170 2394 mus,
1188 2355 1338 2385 facillime
1358 2354 1464 2385 abiret.
1508 2354 1583 2384 Non
1607 2354 1693 2386 aliud
1715 2355 1814 2388 fuisse

1082 2407 1239 2449 judicium
1267 2407 1433 2443 editorum,
1469 2405 1558 2436 valde
1587 2406 1691 2438 miror.
1735 2407 1812 2440 Jam

1087 2458 1275 2499 respondent
1288 2457 1407 2498 optime
1421 2457 1605 2495 locutiones,
1619 2461 1720 2499 turpis
1740 2469 1813 2490 con-

1086 2517 1224 2551 temptus,
1247 2517 1290 2548 et,
1319 2509 1420 2539 for-mii
1449 2508 1554 2547 simili,
1584 2511 1668 2540 acris
1689 2515 1813 2550 egestas.

1087 2561 1171 2592 Vide
1185 2571 1213 2591 v.
1227 2564 1300 2591 851.
1346 2562 1437 2591 Acris
1463 2565 1570 2591 autem
1595 2569 1653 2599 pro
1673 2562 1812 2601 acerbus,

1089 2623 1188 2653 asper,
1200 2614 1309 2648 tristis,
1326 2611 1465 2652 adeoque
1471 2613 1586 2652 gravis,
1596 2611 1711 2650 passim
1719 2621 1812 2643 usur-

1084 2669 1185 2704 patur.
1241 2664 1271 2693 A
1303 2663 1454 2693 van-onis
1482 2661 1693 2701 Parmenone,
1727 2662 1813 2702 apud

1088 2714 1243 2752 Nonium,
1266 2714 1304 2744 iv.
1324 2718 1373 2745 17.
1398 2727 1432 2745 eo
1452 2724 1510 2754 que
1533 2712 1672 2744 fortassis
1693 2713 1810 2744 eliden-

1086 2767 1164 2798 dum
1179 2772 1236 2805 est,
1252 2773 1283 2796 et
1296 2766 1340 2797 sic
1354 2765 1533 2796 scribendus
1546 2775 1665 2796 versus:

1118 2842 1224 2869 Dimitte
1243 2843 1323 2867 ocreis
1344 2846 1453 2875 pectore
1473 2848 1560 2873 curas,
1580 2844 1663 2868 cantu
1683 2839 1810 2872 castaque

1211 2891 1292 2916 poesi.
