1912 3292
479 217 712 267 LIBER
759 216 1110 265 TERTIUS.

1480 223 1539 262 33

193 351 459 409 Corporibus,
480 339 614 406 neque
632 358 719 390 tam
739 347 967 398 subtilibus,
990 355 1112 402 atque
1132 346 1338 388 rotundis:

194 429 382 482 Namque
401 424 630 480 papaveriS‚
652 437 753 465 aura
771 431 907 478 potest
927 422 1130 476 subpensa
1148 421 1326 477 levisque

191 502 366 558 Cogere,
388 506 434 540 ut
455 498 506 540 ab
527 511 689 539 summo
708 497 784 538 tibi
804 495 964 538 diffluat
985 494 1088 536 altus
1108 510 1300 544 acervus3

189 576 249 617 At
273 582 417 616 contra
436 573 622 629 lapidum
642 572 888 628 conjectum,
911 570 1211 626 spicarumque,

75 655 160 691 200
191 649 317 691 Nenu
335 656 493 703 potest:
521 648 662 705 igitur,
684 647 924 702 parvissima
943 659 1117 700 corpora
1136 659 1213 699 pro
1233 658 1357 700 quam

190 723 247 765 Et
265 722 480 764 laevissima
499 729 608 773 sunt,
630 721 687 763 ita
707 721 934 762 mobilitate
952 719 1160 760 fruuntur.

89 880 164 910 Ver.
181 882 251 910 189.
276 880 443 909 Memine:
467 878 509 908 V.
525 878 572 909 ed.
597 880 637 910 In
653 880 776 915 homne;

44 930 147 962 vind.
164 937 205 961 Π.
222 935 256 962 Σ.
272 932 312 960 In
328 940 431 965 omne;
459 935 495 960 Δ.
511 932 670 968 Flumine,
686 939 780 969 super

50 982 175 1014 rasura:
200 981 267 1012 redi
281 981 324 1012 sis
339 982 378 1012 ad
394 991 455 1012 ver.
473 984 544 1013 145.

93 1033 175 1064 Ibid.
202 1035 339 1064 Momine
360 1045 456 1074 parvo
481 1035 616 1074 inpulsa.
660 1033 780 1063 Teren·

51 1085 132 1116 tium
146 1091 262 1124 noster,
285 1091 322 1115 ut
335 1091 456 1124 putem,
478 1085 623 1124 respexit,
644 1083 678 1114 in
695 1083 780 1114 And.

49 1135 70 1167 ἰ.
86 1139 115 1168 5.
130 1140 182 1167 51.

81 1210 154 1234 Dum
164 1209 192 1233 in
203 1209 285 1234 dubio
296 1211 336 1234 est
352 1208 469 1238 animus,
487 1208 575 1241 paullo
589 1211 711 1233 momento
729 1208 783 1233 huc

208 1249 252 1275 vel
262 1249 326 1274 illuc
337 1249 475 1282 inpellitur.

56 1312 120 1343 Ubi
155 1312 199 1343 sic
228 1312 384 1348 Donatus
423 1312 529 1342 leviter
565 1311 777 1352 castigandus:

55 1366 78 1382 ‘⁴
95 1362 272 1394 Translatio
286 1364 353 1394 haec
368 1369 415 1393 est
429 1373 447 1393 a
462 1362 545 1393 mole
559 1362 692 1403 alicujus
703 1372 781 1402 pon-

53 1417 78 1433 “
93 1414 190 1452 deris;
223 1424 305 1454 quae,
328 1421 400 1444 ante
416 1424 511 1455 quam
527 1414 560 1444 in
576 1413 645 1444 loco
660 1413 784 1452 sederit,

56 1469 79 1485 ‘⁴
95 1468 169 1497 dum
184 1465 304 1496 incerta
324 1466 449 1504 pendet,
473 1465 622 1496 facillime
645 1475 785 1496 commo-

54 1519 79 1536 “
92 1516 213 1547 vemr.”
257 1516 343 1547 Vide
365 1527 436 1557 quae
459 1516 500 1547 ad
526 1517 633 1547 locum
654 1527 784 1557 conges-

54 1568 130 1598 serit
143 1567 386 1598 Westerhovius.
434 1567 496 1598 Sed
513 1578 607 1598 nemo
630 1567 787 1608 superavit

55 1618 239 1655 Horatium,
256 1619 344 1658 epist,
360 1619 381 1648 i.
399 1622 446 1649 18.
464 1621 534 1650 110.

72 1702 196 1714 *-
205 1697 258 1717 neu
266 1691 368 1722 fluitem
381 1691 471 1717 dubiae
482 1699 529 1724 spe
536 1691 664 1724 pendulus
674 1692 762 1717 horae.

60 1754 168 1791 Pon-o,
193 1755 313 1791 Festus,
340 1755 395 1796 qui
419 1765 544 1786 versum
568 1765 674 1786 coram
699 1755 788 1785 nobis

59 1804 176 1841 laudat,
197 1815 263 1836 non
285 1811 331 1836 est
353 1806 652 1844 praetermittendus:
680 1809 702 1824 “
718 1808 788 1837 Μο-

62 1859 85 1875 “
101 1867 182 1894 men,
197 1862 409 1895 momentum,
424 1857 605 1888 Lucretius:

93 1930 113 1944 ‘⁶
126 1929 248 1955 momine
258 1929 280 1954 si
290 1936 373 1960 parvo
384 1933 491 1961 possent
505 1929 614 1962 impulsa
626 1930 762 1955 moveri.”

64 1991 162 2023 Unde
183 2002 247 2022 non
270 1991 380 2022 dubito
402 2002 454 2022 me
468 1992 618 2023 daturum
641 2003 706 2024 esse
727 1993 791 2023 sin·

61 2052 175 2079 ceram,
200 2049 232 2073 et
255 2042 352 2084 longe
372 2042 529 2085 longeque
555 2043 790 2085 elegantiorem,

62 2093 243 2125 lectionem:

122 2167 243 2192 Momine
253 2167 276 2191 Ji
289 2173 373 2198 parvo
381 2170 486 2199 possunt
497 2167 600 2200 inpulsa
610 2169 728 2194 moveri:

63 2230 85 2261 i.
99 2240 127 2261 e.
152 2230 308 2271 siquidem
322 2237 464 2269 possunt,
487 2233 633 2272 quoniam
656 2237 795 2271 possunt.

66 2281 188 2312 Pariter
218 2281 371 2323 exquisite
392 2282 560 2324 Virgilius,
591 2283 632 2313 ad
657 2284 730 2315 AEn.
755 2285 794 2315 vi.

71 2337 85 2363 1
94 2336 108 2363 1
114 2337 143 2365 9.

98 2398 126 2423 si
135 2399 225 2431 potuit
234 2399 321 2424 manis
329 2406 462 2425 arce-sere
470 2401 593 2432 conjugis
603 2401 766 2433 Orpheus—.

71 2461 214 2498 Falleris,
230 2461 257 2492 si
270 2462 374 2502 capias
387 2463 478 2494 aliter
494 2464 525 2494 S.
540 2465 741 2501 Matthaeum,
757 2465 796 2496 iv.

71 2516 102 2544 5.
125 2518 164 2543 El
182 2513 236 2548 υἷος
254 2526 274 2544 ει
291 2525 328 2544 τε
345 2519 421 2545 ew.-
448 2518 470 2533 “
488 2525 589 2556 quum
609 2516 643 2546 in
657 2516 798 2547 confesso

72 2567 97 2583 “
112 2564 162 2600 sit,
185 2570 217 2594 te
234 2575 299 2595 esse
315 2565 378 2595 Dei
399 2565 512 2603 fllium,
536 2568 595 2598 hoe
616 2574 698 2598 certe
711 2575 799 2608 potes

73 2618 97 2635 ‘⁶
112 2616 249 2647 faoere.’'
275 2616 388 2658 Neque
403 2617 492 2648 aliter
499 2619 615 2659 passim
629 2626 696 2650 tam
709 2620 799 2651 Grae-

73 2667 113 2706 ci,
127 2679 224 2710 quam
239 2669 356 2701 Latini.

116 2720 194 2751 Ver.
212 2724 282 2754 190.
304 2724 451 2753 momine:
477 2722 573 2754 vind.
586 2724 627 2756 V.
642 2723 688 2755 ed.
705 2730 741 2756 Δ.
759 2731 799 2755 Π.

75 2775 113 2804 Σ.
125 2774 257 2804 nomine.
302 2773 422 2804 Similis
441 2775 557 2805 menda
571 2775 734 2807 Hilarium
748 2787 799 2807 oc-

78 2823 211 2863 cupnvit,
225 2825 348 2864 opinor,
363 2826 396 2856 in
409 2836 480 2867 gen.
496 2830 546 2858 53.

96 2895 163 2922 nox
173 2897 303 2923 nonninus
313 2905 404 2924 rerum
414 2906 522 2926 somnos
531 2899 651 2926 discussit
663 2901 771 2932 inertes,

93 2933 222 2967 Pigraque
232 2938 356 2965 materies
367 2939 522 2971 trepidavit,
532 2941 639 2967 momine
645 2941 731 2974 pulsa.

823 877 945 917 VulgO,
961 878 1091 906 nomine.
1137 875 1265 905 Poteras
1279 874 1387 912 etiam,
1411 876 1535 906 numine
1540 890 1551 911 ,·

823 929 877 959 sed
897 928 977 958 illud
1000 926 1145 968 equidem
1167 927 1341 966 praeferam,
1367 937 1467 967 quum
1489 937 1551 957 ser-

822 990 952 1010 monem
970 978 1111 1010 Lucretii
1134 978 1274 1008 videatur
1299 977 1353 1008 ille
1378 977 1551 1008 aemulatus.

824 1034 978 1073 —flutat.·
1003 1030 1045 1060 V.
1061 1029 1109 1060 ed.
1134 1029 1173 1059 Ο.
1191 1030 1229 1065 Q.
1242 1031 1372 1070 fluitat,-
1397 1029 1481 1070 quod
1495 1039 1550 1068 pe-

825 1083 916 1113 rinde
932 1089 988 1119 est,
1012 1087 1043 1111 et
1064 1092 1151 1111 more
1166 1081 1354 1111 Lucretiano
1371 1088 1452 1111 stare
1465 1088 1552 1120 pote-

827 1141 873 1165 rat
880 1146 890 1171 ;
914 1140 955 1164 11.
966 1135 1064 1174 fluat.

869 1195 943 1225 Ver.
962 1198 1032 1226 191.
1048 1195 1224 1224 volubilibus
1229 1194 1356 1234 figuris.
1382 1193 1472 1223 Huic
1485 1193 1555 1223 loco

827 1244 1118 1276 convenientissime
1136 1244 1299 1280 Horatius,
1315 1243 1364 1274 od.
1380 1243 1420 1274 iv.
1436 1247 1462 1274 1.
1480 1243 1533 1273 fin.

1115 1317 1171 1348 jam
1183 1316 1323 1341 volucrem
1334 1323 1431 1348 sequor

949 1359 992 1382 Te
1003 1364 1050 1389 per
1060 1357 1181 1389 gramina
1192 1357 1282 1381 Martii

921 1397 1034 1429 Campi;
1051 1401 1080 1422 te
1090 1403 1137 1429 per
1147 1403 1240 1428 aqum,
1251 1396 1328 1426 dure,
1339 1395 1474 1421 volubiles.

830 1470 873 1500 Et
887 1469 1031 1499 similiter
1045 1468 1173 1507 iterum,
1189 1468 1276 1508 epist.
1293 1468 1314 1498 i.
1333 1471 1361 1498 2.
1378 1471 1430 1498 43.

860 1542 982 1567 Rusticus
993 1546 1146 1573 exspectat,
1164 1542 1230 1566 dum
1242 1540 1343 1566 defluat
1355 1541 1437 1566 nmnis
1444 1549 1456 1569 ‚·
1475 1545 1503 1565 at
1515 1541 1555 1565 ille

858 1582 981 1612 Labitur,
991 1586 1018 1607 et
1030 1581 1145 1611 labetur,
1158 1581 1186 1605 in
1196 1587 1280 1605 omne
1291 1579 1412 1605 volubilis
1424 1587 1526 1605 aevum.

830 1653 903 1684 Hos
917 1652 1056 1694 sequitur
1073 1651 1275 1691 Calpurnffls,
1289 1650 1347 1682 ecl.
1361 1651 1401 1682 vi.
1416 1655 1466 1683 65.

861 1725 912 1751 sed
922 1732 956 1751 ne
967 1725 1048 1750 vicini
1058 1725 1134 1750 nobis
1143 1731 1224 1749 sonus
1235 1725 1371 1755 obstrepat
1381 1724 1478 1754 amnis,

863 1767 994 1792 Gramina
1004 1767 1166 1797 linquamus,
1177 1766 1318 1798 ripamque
1328 1766 1450 1790 volubilis
1462 1765 1547 1790 unde.

877 1838 953 1868 Ver.
977 1841 1045 1869 192.
1084 1837 1236 1875 Attende,
1271 1836 1376 1873 lector,
1406 1837 1563 1867 solertiam

835 1889 951 1929 po'etae;
974 1889 1051 1919 dum
1077 1889 1275 1919 stabilitatem
1301 1888 1403 1919 mellis
1427 1889 1564 1927 pondere

837 1950 1042 1970 numerorum
1064 1940 1284 1980 spondaeorum
1299 1939 1402 1980 pingit
1415 1940 1564 1979 potentis·

836 1993 924 2023 sime.
1545 1997 1550 2001 ’

878 2043 960 2074 Ibid.
983 2050 1099 2075 contra.
1146 2044 1220 2074 Hoc
1251 2044 1432 2075 adverbium
1457 2045 1563 2075 abbre-

833 2095 953 2126 viatum
969 2102 1046 2136 puto
1061 2106 1099 2126 ex
1114 2094 1290 2127 contraria:
1317 2096 1335 2126 i.
1351 2106 1377 2126 e.
1399 2103 1498 2135 parte,
1516 2095 1563 2126 vel

837 2147 896 2184 via,
927 2147 1094 2178 contrarii:
1128 2147 1179 2178 cui
1208 2147 1323 2178 rationi
1352 2147 1392 2178 ad
1415 2149 1565 2178 amussim

838 2199 1004 2239 respondet
1018 2198 1155 2239 gemella
1172 2200 1283 2230 Graeca
1298 2199 1427 2239 phrasis,
1449 2202 1477 2239 εξ
1493 2213 1566 2231 em»-

841 2264 915 2284 τιας·
939 2250 959 2280 i.
976 2260 1002 2280 e.
1026 2250 1080 2281 ὅδε.

882 2309 956 2339 Ver.
976 2313 1045 2341 195.
1067 2312 1258 2341 contantior:
1298 2317 1338 2341 Π.
1362 2311 1565 2346 constantior;

837 2366 940 2390 vetere
968 2360 1132 2400 scripturzi,
1167 2371 1263 2402 quam
1291 2360 1361 2391 loco
1390 2361 1568 2390 recentioris

838 2415 1034 2443 cunctantior
1047 2413 1257 2444 exhibendam
1279 2412 1438 2448 duximus,
1461 2411 1569 2442 leviter

839 2464 1103 2496 vitiata—accus:
1130 2465 1170 2496 V.
1185 2465 1232 2495 ed.
1249 2465 1286 2495 P.
1303 2465 1342 2494 Β.
1359 2466 1447 2494 ictus.

885 2517 965 2548 Ibid.
983 2520 1089 2558 pig-rei
1106 2520 1230 2549 latices:
1255 2527 1333 2558 quos
1348 2517 1501 2558 Virgilius
1515 2528 1568 2557 ap-

842 2567 948 2608 pellat,
964 2570 1052 2600 mella
1070 2572 1202 2605 tenacia,
1219 2579 1286 2609 geo.
1302 2568 1341 2598 iv.
1356 2571 1407 2599 57.
1429 2568 1450 2599 i.
1467 2579 1493 2599 e.
1519 2580 1568 2600 co-

843 2622 1000 2651 baventia.

888 2671 968 2702 Ibid.
984 2678 1087 2703 actus:
1113 2673 1134 2702 i.
1149 2683 1174 2702 e.
1190 2678 1296 2703 motus.
1318 2672 1441 2703 Festus:
1470 2677 1493 2691 “

845 2728 867 2743 “
884 2729 933 2754 tus
948 2723 1261 2764 siguificat—motum
1280 2724 1446 2764 corporis?
1487 2725 1568 2755 Var-

844 2784 890 2812 ro,
916 2773 957 2805 de
981 2775 1058 2815 ling.
1073 2775 1142 2806 Lat.
1157 2775 1196 2806 iv.
1219 2779 1249 2806 4.
1277 2777 1299 2792 “
1316 2777 1426 2815 Actus,
1453 2776 1511 2807 iter
1536 2777 1570 2806 in

846 2832 869 2847 ‘⁶
885 2829 1001 2870 agreis3
1028 2830 1113 2870 quod
1140 2831 1262 2872 agendo
1290 2831 1429 2862 teritur.'’
1477 2832 1571 2862 Unde

845 2882 930 2912 varia
943 2881 1036 2912 lectio
1050 2884 1129 2914 ictus
1144 2883 1277 2914 derivari
1292 2883 1394 2924 potuit
1417 2893 1436 2913 a
1457 2884 1573 2924 margi-

846 2932 911 2964 nali
941 2932 1042 2974 glossa
1069 2936 1142 2973 itus,
1165 2934 1248 2967 vocis
1262 2934 1467 2967 Lucretianae.
1513 2934 1575 2966 Sed

1506 2675 1569 2704 Ac-
