1912 3292
453 247 686 296 LIBER
737 244 1110 302 QUARTUS.

1443 251 1536 297 279

193 381 434 428 Remorum,
455 385 567 419 recta
586 383 664 425 est3
696 383 738 417 et
757 383 869 416 recta
887 389 1062 430 superne
1081 375 1283 432 guberna:

189 454 297 503 Quae
316 453 499 494 demersa
517 450 676 505 liquore
694 449 864 499 obeunt,
885 448 1073 499 refracta,
1096 450 1286 492 videntur

187 528 340 569 Omnia
358 524 558 574 comm-ti,
581 539 822 580 sursumque
842 523 989 579 supina
1007 525 1178 573 revorti3

185 601 241 643 Et
260 600 411 641 reflexa
430 614 560 655 prope
580 600 624 640 in
643 614 804 641 summo
823 599 985 641 fluitare
1003 598 1173 654 liquore.

71 679 154 716 445

243 674 435 730 Raraque
455 689 528 730 per
549 674 698 716 coelum
718 683 807 717 tum
827 674 962 718 ventei
984 673 1125 715 nubila
1143 679 1311 729 portant

186 748 394 804 Tempore
413 757 633 800 nocturno,
660 765 786 806 quom
806 749 1020 805 splendida
1039 748 1156 805 signa
1175 747 1367 789 videntur

40 905 139 936 fertur
168 905 203 936 in
231 906 319 936 navis
348 906 568 943 instrumenta,
599 907 767 938 subsultim

41 957 188 988 fluctibus
212 958 335 999 agitata.
379 960 424 990 Et
449 959 586 990 fortassis
608 960 706 990 rarior
730 970 767 990 ac

40 1009 159 1041 doctior
179 1011 368 1041 constructio
383 1011 526 1042 dictionis
548 1013 677 1043 obnitier
692 1022 767 1043 cum

41 1067 152 1102 quarto
177 1072 250 1092 casu
275 1062 415 1093 librarios
443 1063 600 1101 terruerit;
626 1064 680 1094 sed
704 1064 765 1094 im-

41 1112 162 1150 merito,
186 1123 261 1144 nam
282 1115 413 1144 verbum
437 1114 647 1154 compositum
662 1115 765 1155 saepis-

39 1163 120 1195 sime
148 1165 235 1214 apud
256 1166 456 1205 probissimos
483 1167 578 1197 etiam
607 1169 768 1207 scriptores

39 1226 148 1247 casum
161 1217 252 1258 regit,
274 1229 369 1259 quem
391 1218 522 1258 simplex
537 1219 630 1249 habet
647 1230 766 1259 praepo-

37 1268 122 1299 sitio:
149 1280 219 1310 quae
234 1276 388 1300 structura
408 1270 546 1307 feliciter,
569 1271 603 1300 in
618 1272 677 1301 hoc
699 1282 765 1301 ver-

39 1321 92 1359 bo,
122 1331 193 1361 quae
222 1322 371 1362 ambigua
402 1329 487 1360 sunt,
517 1323 623 1353 evitat:
658 1323 766 1353 confer

38 1377 193 1409 nostrum,
209 1372 248 1402 vi.
264 1376 335 1404 558.
360 1383 432 1403 cum
448 1373 537 1413 Virg.
554 1384 622 1414 geo.
637 1373 680 1404 iii.
694 1377 764 1404 255.

37 1427 81 1460 et,
103 1422 178 1463 quid
191 1423 295 1459 velim,
319 1424 404 1454 scies.
453 1424 601 1454 Similiter
618 1426 719 1455 oberro
735 1430 767 1454 et

36 1474 191 1504 obambulo
207 1484 280 1504 cum
295 1475 469 1505 accusativo
488 1475 696 1514 reperiuntur,
720 1481 766 1505 at-

37 1534 99 1565 que
113 1525 243 1555 oblatrat
257 1525 341 1564 apud
362 1525 485 1556 Silium.
532 1527 644 1567 Neque
659 1527 692 1556 in
708 1527 766 1556 hac

37 1586 72 1606 re
86 1576 192 1607 minus
203 1576 355 1608 usitatum
371 1585 417 1608 est
431 1579 549 1609 Graecis
560 1579 655 1609 etiam
666 1585 765 1609 struc-

40 1633 143 1659 turam
159 1629 312 1659 sermonis
327 1630 452 1661 variare.

84 1689 165 1720 Ibid.
189 1691 327 1730 IVavigz'a
347 1692 468 1722 clauda.
515 1691 555 1727 Q.
573 1691 709 1727 Curtius,
725 1691 764 1721 ix.

39 1745 69 1773 9.
88 1745 136 1772 15.
161 1745 183 1760 “
200 1742 348 1778 Quidam,
371 1743 535 1784 enavigare
556 1749 767 1782 properantes,

40 1794 65 1811 “
81 1791 134 1822 sed
149 1802 214 1822 non
228 1794 421 1833 exspectatis,
443 1794 498 1834 qui
520 1794 615 1824 simul
629 1804 696 1824 esse
710 1794 764 1824 de·

40 1846 64 1862 “
80 1845 205 1882 bebant‚
229 1851 260 1875 et
284 1847 396 1876 clauda
422 1852 453 1875 et
476 1845 626 1876 inhabilia
640 1848 765 1886 navigia

39 1897 63 1913 “
79 1894 229 1935 languide
247 1896 610 1928 moliebantur.‘'—Jam
625 1907 699 1927 vero
713 1906 766 1926 vo-

37 1956 100 1984 ces,
113 1947 238 1988 fractas
263 1951 372 1984 undas,
398 1959 462 1978 non
489 1949 530 1979 ad
543 1949 672 1979 solitum
695 1959 766 1979 sen-

40 2008 112 2029 sum
127 2005 194 2030 tam
217 1999 321 2030 valent
345 2003 446 2032 undas
470 2003 630 2031 violentius
647 2002 766 2032 collisas

38 2050 75 2082 in
90 2053 148 2082 hoc
173 2052 253 2090 loco,
280 2064 374 2093 quam
398 2055 498 2084 undas
517 2065 547 2084 se
562 2054 764 2095 frangentes:

39 2103 63 2134 i.
80 2114 106 2134 e.
120 2104 313 2136 inflectentes
327 2111 358 2136 et
372 2106 576 2141 incurvantes,
592 2119 765 2146 αγνυμενιις·

38 2164 109 2195 quae
133 2156 221 2186 notio
242 2156 385 2187 vocabuli
407 2157 543 2187 maxime
566 2157 702 2196 speciosa
721 2162 768 2187 est

40 2217 78 2237 ac
105 2208 218 2246 po'e'tici
246 2208 373 2248 leporis:
413 2220 465 2239 me
490 2209 593 2239 videas
622 2209 662 2240 ad
692 2210 766 2240 Silv.

45 2258 121 2288 Crit.
143 2259 186 2288 iii.
209 2270 238 2298 p.
256 2263 326 2290 141.
347 2260 462 2300 quibus
486 2260 717 2296 confirmandis,
741 2261 767 2290 si

40 2320 91 2340 res
105 2317 252 2350 posceret,
268 2312 357 2342 nullo
372 2313 498 2353 negotio
512 2313 614 2343 multa
628 2324 700 2343 mox
717 2324 764 2343 ac-

42 2362 197 2393 cederent.
242 2364 394 2403 Apposite
408 2364 630 2400 Tertullianus,
658 2366 691 2395 in
716 2376 767 2394 su-

42 2413 217 2453 perioribus
247 2422 448 2452 memoratus,
485 2417 551 2446 haec
581 2416 770 2446 Lucretiana

42 2465 186 2504 exempla
200 2465 321 2505 decepti
335 2466 418 2497 vist'is
433 2473 576 2504 tractans,
596 2468 635 2498 de
649 2467 769 2505 (ιηὶπῑᾶ,

42 2523 115 2548 sect.
133 2521 182 2549 17.
211 2522 233 2536 “
250 2519 349 2557 Nam,
371 2525 408 2550 ut
431 2520 465 2550 in
489 2520 571 2561 aqua
594 2531 700 2551 remus
721 2523 770 2551 in-

42 2572 186 2611 “stez-us,
208 2570 258 2601 vel
272 2571 435 2612 infractus,
458 2579 613 2612 appareat,
636 2584 716 2614 aqua
735 2575 768 2605 in

40 2624 66 2640 “
81 2621 189 2652 caussa
205 2623 281 2652 est.'’
322 2624 383 2654 Sed
398 2625 528 2654 omnino
543 2626 686 2656 consulas
700 2637 768 2665 per-

42 2673 167 2704 doctam
180 2674 302 2704 Davisii
314 2681 431 2713 notam,
442 2676 626 2707 Lucretium
637 2677 767 2707 laudan-

43 2724 92 2762 tis,
104 2725 147 2756 ad
165 2725 308 2756 ciceron.
326 2726 423 2757 Acad.
438 2727 470 2758 ii.
488 2731 515 2758 7.

86 2789 159 2820 Ver.
174 2794 246 2822 440.
269 2803 503 2833 quoequomque:
530 2797 564 2823 Δ.
579 2803 769 2833 quacunque.

43 2851 200 2872 dnn-em:
242 2843 279 2874 B.
307 2855 392 2874 rore.-
432 2843 452 2874 i.
482 2854 510 2874 e.
548 2844 633 2874 haud
662 2844 768 2882 dubie,

42 2902 122 2921 rore.

89 2941 171 2972 Ibid.
194 2955 291 2977 rorem
312 2948 402 2978 salis:
428 2947 448 2978 i.
462 2957 488 2979 e.
511 2947 639 2987 salsum,
663 2946 710 2978 vel
737 2956 768 2977 a-

91 3000 179 3032 Vor..
198 3002 243 3034 ΙΙ.

779 3005 807 3035 T

810 917 948 945 marum,
969 915 1071 936 rorem
1086 904 1195 935 maris:
1221 904 1359 945 adeoque
1374 902 1539 944 Virgilius,

810 970 878 1001 geo.
893 959 932 989 iv.
948 962 1019 989 451.
1041 969 1140 989 rorem
1154 968 1296 988 amarum
1312 956 1464 987 nominat.

854 1011 927 1041 Ver.
943 1013 1016 1040 441.
1038 1016 1121 1041 recta
1145 1015 1187 1040 est
1199 1023 1209 1039 :
1234 1009 1276 1039 V.
1291 1008 1341 1039 ed.
1356 1014 1435 1039 tecta
1449 1014 1541 1040 est.—

809 1070 890 1095 recta
898 1077 909 1094 .·
951 1069 992 1093 Π.
1024 1069 1280 1102 recta—superne
1307 1062 1461 1101 guberna.-
1501 1061 1539 1092 P.

809 1126 943 1156 superna
955 1116 1116 1155 gubernat.

855 1167 938 1198 Ibid.
959 1168 1105 1206 guberna.
1140 1165 1266 1196 Nonius
1281 1163 1462 1200 Marcellus,
1477 1163 1541 1194 viii.

812 1222 865 1251 59.
890 1217 1009 1248 scribit:
1037 1221 1059 1235 “
1079 1218 1234 1252 Guberna,
1249 1226 1307 1255 pro
1320 1215 1541 1256 gubernacula.

814 1273 836 1288 “
853 1268 1006 1306 Lucilius,
1023 1273 1078 1298 sat.
1094 1267 1148 1298 lib.
1163 1277 1214 1298 xx.

840 1343 860 1357 “
869 1344 960 1367 Proras
971 1341 1127 1373 despoliate,
1138 1343 1166 1366 et
1177 1340 1324 1365 detondete
1331 1338 1476 1372 guberna.”

813 1414 973 1444 Glossator
989 1418 1092 1443 vetus:
1119 1416 1142 1431 “
1163 1413 1353 1449 anemzum,
1377 1408 1540 1453 „usspmvl’

811 1465 957 1500 Quorum
979 1463 1142 1504 utriusque
1169 1462 1345 1493 Lambinus
1369 1461 1454 1501 prior
1473 1470 1540 1490 me-

809 1516 910 1546 minit.

854 1567 929 1597 Ver.
944 1569 1016 1596 442.
1039 1567 1194 1597 demersa:
1222 1564 1262 1594 V.
1277 1564 1325 1594 ed.
1341 1564 1380 1594 B.
1402 1565 1520 1595 diversa
1529 1577 1539 1593 .-

810 1620 831 1650 i.
849 1630 876 1650 e.
892 1620 1212 1660 timemus-refracta:
1240 1618 1279 1649 V.
1288 1618 1337 1649 ed.
1350 1619 1388 1649 Β.
1403 1617 1540 1658 refacta;

812 1672 858 1702 uti
874 1672 988 1711 pariter
1003 1672 1043 1702 ad
1057 1682 1118 1703 ver.
1135 1675 1207 1703 439.

854 1723 937 1753 Ibid.
968 1725 1095 1754 obeunt:
1121 1723 1141 1752 i.
1170 1733 1196 1752 e.
1230 1723 1381 1758 subeunt3
1416 1726 1452 1751 ut
1481 1730 1541 1750 ver.

811 1778 884 1806 455.
911 1775 1010 1805 Vetus
1036 1773 1238 1815 glossarium:
1267 1777 1288 1791 “
1309 1774 1394 1808 Obeo,
1423 1773 1544 1814 ὑπειςερ-

811 1830 834 1844 “
849 1826 977 1867 χαμαι.”
1002 1826 1087 1856 Rem
1102 1825 1267 1855 leviculam
1281 1835 1346 1855 non
1360 1824 1544 1864 attigissem,

811 1877 873 1908 nisi
907 1876 1074 1907 mirificam
1102 1886 1227 1916 prorsus
1256 1875 1545 1916 interpretationem

811 1934 1010 1958 commentus
1025 1933 1106 1958 esset
1121 1928 1230 1958 Faber.

853 1980 928 2010 Ver.
947 1983 1019 2010 444.
1051 1981 1162 2021 reflexa
1184 1990 1278 2019 prope
1304 1980 1355 2009 in:
1393 1978 1430 2008 P.
1450 1980 1540 2018 flexa

806 2042 900 2070 prope
905 2031 997 2071 jam,·
1015 2031 1056 2061 V.
1072 2030 1121 2060 ed.
1135 2032 1222 2071 flexa
1234 2040 1328 2070 prope
1344 2031 1395 2065 z'n;
1419 2028 1542 2069 legibus

810 2081 912 2118 metri,
941 2074 1118 2122 utrobique,
1146 2080 1195 2111 vel
1210 2081 1336 2116 mancis,
1361 2079 1409 2110 vel
1424 2079 1545 2110 claudi-

809 2133 1145 2174 cantibus—fluitare:
1172 2131 1272 2162 Vind.
1287 2132 1328 2162 V.
1345 2131 1393 2162 ed.
1415 2137 1461 2162 Ω.
1473 2133 1542 2173 fla-

809 2186 925 2218 vitare‚·
950 2184 988 2214 B.
1007 2190 1048 2214 n.
1059 2185 1222 2224 flzcvitare.

853 2235 928 2265 Ver.
944 2237 1017 2264 445.
1048 2237 1214 2275 Raraque:
1240 2234 1282 2264 V.
1307 2233 1356 2263 ed.
1387 2234 1425 2264 B.
1457 2235 1545 2264 .Nam

810 2297 895 2326 quoe:
921 2285 1005 2315 unde
1021 2295 1136 2321 versus,
1166 2285 1210 2315 ita
1225 2284 1424 2321 constitutus,
1448 2284 1544 2314 mini-

811 2347 863 2367 me
878 2337 1066 2376 displiceret:

811 2412 869 2434 Jam
881 2417 938 2442 que
947 2417 994 2441 per
1005 2410 1107 2434 coelum
1115 2416 1212 2442 quoque
1222 2408 1314 2433 ventei
1323 2407 1413 2432 nubila
1421 2410 1540 2438 portant.

815 2484 890 2512 Jam
915 2488 947 2512 et
970 2493 1043 2512 nam
1067 2481 1220 2512 confundi
1245 2480 1356 2510 solent:
1385 2478 1455 2508 vide
1481 2489 1542 2509 var.

813 2533 894 2563 lectt.
912 2533 953 2563 ad
975 2533 1093 2563 Lucan.
1109 2533 1139 2563 ii.
1157 2535 1227 2562 214.
1253 2531 1306 2560 Sil.
1326 2530 1397 2560 Ital.
1413 2530 1454 2560 ix.
1471 2533 1542 2562 242.

812 2585 916 2626 ibique
946 2584 1399 2623 Drakenborchium.-—-quom:
1435 2588 1470 2613 Δ.
1498 2590 1539 2613 Π.
1572 2588 1576 2592 “

811 2643 895 2667 tum:
942 2642 973 2666 et
1006 2637 1090 2666 hanc
1126 2635 1294 2665 lectionem
1331 2634 1542 2673 recipiendam

812 2688 970 2724 duximus,
996 2687 1059 2729 qua
1085 2689 1124 2718 ob
1144 2686 1412 2727 elegantissimum
1427 2685 1542 2717 deflex-

813 2750 870 2770 um
902 2739 1050 2769 orationis
1086 2749 1105 2768 a
1142 2738 1263 2778 vulgari
1302 2737 1541 2774 constructione,

812 2801 908 2831 quam
937 2790 1073 2828 studiose
1102 2789 1219 2820 librarii
1247 2789 1413 2820 reductum
1441 2788 1544 2826 irent;

812 2842 875 2883 qua
903 2844 943 2873 ob
968 2842 1128 2882 scripturae
1153 2841 1314 2872 varietates
1332 2841 1367 2871 in
1381 2840 1542 2872 codicibus

813 2893 853 2924 ad
869 2899 1049 2934 sequentem
1063 2903 1196 2925 versum.

856 2946 930 2978 Ver.
962 2949 1036 2978 446.
1071 2947 1230 2987 Tempore.-
1268 2945 1305 2977 B.
1340 2947 1539 2984 Tempora.-
