<?xml version="1.0" encoding="UTF-8"?>
<!DOCTYPE html PUBLIC "-//W3C//DTD XHTML 1.0 Transitional//EN"
    "http://www.w3.org/TR/xhtml1/DTD/xhtml1-transitional.dtd">
<html xmlns="http://www.w3.org/1999/xhtml" xml:lang="en" lang="en">
 <head>
  <title>
</title>
<meta http-equiv="Content-Type" content="text/html;charset=utf-8" />
  <meta name='ocr-system' content='tesseract 3.04.00' />
  <meta name='ocr-capabilities' content='ocr_page ocr_carea ocr_par ocr_line ocrx_word'/>
</head>
<body>
  <div class='ocr_page' id='page_1' title='image "./tlucretiicarider02lucruoft_0234.png"; bbox 0 0 1912 3292; ppageno 0'>
   <div class='ocr_carea' id='block_1_1' title="bbox 326 223 414 267">
    <p class='ocr_par' dir='ltr' id='par_1_1' title="bbox 326 223 414 267">
     <span class='ocr_line' id='line_1_1' title="bbox 326 223 414 267; baseline -0.011 -2"><span class='ocrx_word' id='word_1_1' title='bbox 326 223 414 267; x_wconf 89' lang='lat'>176</span> 
     </span>
    </p>
   </div>
   <div class='ocr_carea' id='block_1_2' title="bbox 823 214 1349 263">
    <p class='ocr_par' dir='ltr' id='par_1_2' title="bbox 823 214 1349 263">
     <span class='ocr_line' id='line_1_2' title="bbox 823 214 1349 263; baseline 0.002 -2"><span class='ocrx_word' id='word_1_2' title='bbox 823 214 884 262; x_wconf 89' lang='lat' dir='ltr'>T.</span> <span class='ocrx_word' id='word_1_3' title='bbox 937 214 1349 263; x_wconf 76' lang='lat' dir='ltr'><strong>LUCRETII‘</strong></span> 
     </span>
    </p>
   </div>
   <div class='ocr_carea' id='block_1_3' title="bbox 461 346 1665 400">
    <p class='ocr_par' dir='ltr' id='par_1_3' title="bbox 461 346 1665 400">
     <span class='ocr_line' id='line_1_3' title="bbox 461 346 1665 400; baseline 0.002 -13"><span class='ocrx_word' id='word_1_4' title='bbox 461 346 570 396; x_wconf 84' lang='lat' dir='ltr'>Quae</span> <span class='ocrx_word' id='word_1_5' title='bbox 590 353 728 387; x_wconf 86' lang='lat' dir='ltr'>tamen</span> <span class='ocrx_word' id='word_1_6' title='bbox 748 353 788 387; x_wconf 89' lang='lat' dir='ltr'>et</span> <span class='ocrx_word' id='word_1_7' title='bbox 807 347 840 387; x_wconf 90' lang='lat' dir='ltr'>si</span> <span class='ocrx_word' id='word_1_8' title='bbox 860 346 1024 396; x_wconf 89' lang='lat' dir='ltr'>absunt,</span> <span class='ocrx_word' id='word_1_9' title='bbox 1045 354 1087 388; x_wconf 90' lang='lat' dir='ltr'>at</span> <span class='ocrx_word' id='word_1_10' title='bbox 1107 361 1236 396; x_wconf 91' lang='lat' dir='ltr'>mens,</span> <span class='ocrx_word' id='word_1_11' title='bbox 1259 346 1335 388; x_wconf 90' lang='lat' dir='ltr'>sibi</span> <span class='ocrx_word' id='word_1_12' title='bbox 1355 349 1518 388; x_wconf 84' lang='lat' dir='ltr'>conscia</span> <span class='ocrx_word' id='word_1_13' title='bbox 1535 348 1665 400; x_wconf 78' lang='lat' dir='ltr'>factis,</span> 
     </span>
    </p>
   </div>
   <div class='ocr_carea' id='block_1_4' title="bbox 460 420 1597 551">
    <p class='ocr_par' dir='ltr' id='par_1_4' title="bbox 460 420 1597 551">
     <span class='ocr_line' id='line_1_4' title="bbox 462 420 1597 480; baseline 0.002 -18"><span class='ocrx_word' id='word_1_14' title='bbox 462 421 759 471; x_wconf 79' lang='lat' dir='ltr'>Praemetuens,</span> <span class='ocrx_word' id='word_1_15' title='bbox 781 420 948 462; x_wconf 84' lang='lat' dir='ltr'><strong>adhibet</strong></span> <span class='ocrx_word' id='word_1_16' title='bbox 967 421 1164 471; x_wconf 89' lang='lat' dir='ltr'>stimulos,</span> <span class='ocrx_word' id='word_1_17' title='bbox 1187 430 1394 476; x_wconf 87' lang='lat' dir='ltr'>torretque</span> <span class='ocrx_word' id='word_1_18' title='bbox 1412 422 1597 480; x_wconf 79' lang='lat' dir='ltr'>flagellis:</span> 
     </span>
     <span class='ocr_line' id='line_1_5' title="bbox 460 495 1504 551; baseline 0.002 -15"><span class='ocrx_word' id='word_1_19' title='bbox 460 495 549 537; x_wconf 88' lang='lat' dir='ltr'>Nec</span> <span class='ocrx_word' id='word_1_20' title='bbox 569 495 679 537; x_wconf 79' lang='lat' dir='ltr'>videt</span> <span class='ocrx_word' id='word_1_21' title='bbox 698 496 868 546; x_wconf 87' lang='lat' dir='ltr'>interea,</span> <span class='ocrx_word' id='word_1_22' title='bbox 890 496 960 551; x_wconf 90' lang='lat' dir='ltr'>qui</span> <span class='ocrx_word' id='word_1_23' title='bbox 981 496 1178 536; x_wconf 88' lang='lat' dir='ltr'>terminus</span> <span class='ocrx_word' id='word_1_24' title='bbox 1198 510 1283 536; x_wconf 89' lang='lat' dir='ltr'>esse</span> <span class='ocrx_word' id='word_1_25' title='bbox 1302 496 1504 538; x_wconf 87' lang='lat' dir='ltr'>malorum</span> 
     </span>
    </p>
   </div>
   <div class='ocr_carea' id='block_1_5' title="bbox 461 569 1404 626">
    <p class='ocr_par' dir='ltr' id='par_1_5' title="bbox 461 569 1404 626">
     <span class='ocr_line' id='line_1_6' title="bbox 461 569 1404 626; baseline -0.002 -14"><span class='ocrx_word' id='word_1_26' title='bbox 461 569 609 621; x_wconf 82' lang='lat' dir='ltr'>Possit,</span> <span class='ocrx_word' id='word_1_27' title='bbox 631 571 751 626; x_wconf 86' lang='lat' dir='ltr'>quive</span> <span class='ocrx_word' id='word_1_28' title='bbox 771 571 845 612; x_wconf 89' lang='lat' dir='ltr'>siet</span> <span class='ocrx_word' id='word_1_29' title='bbox 864 585 1080 625; x_wconf 85' lang='lat' dir='ltr'>poenarum</span> <span class='ocrx_word' id='word_1_30' title='bbox 1102 570 1278 626; x_wconf 89' lang='lat' dir='ltr'>denique</span> <span class='ocrx_word' id='word_1_31' title='bbox 1298 569 1404 611; x_wconf 87' lang='lat' dir='ltr'>finis:</span> 
     </span>
    </p>
   </div>
   <div class='ocr_carea' id='block_1_6' title="bbox 313 727 1042 1136">
    <p class='ocr_par' dir='ltr' id='par_1_6' title="bbox 313 727 1042 1136">
     <span class='ocr_line' id='line_1_7' title="bbox 318 727 1038 764; baseline -0.001 -5"><span class='ocrx_word' id='word_1_32' title='bbox 318 727 434 760; x_wconf 84' lang='lat' dir='ltr'>Confer</span> <span class='ocrx_word' id='word_1_33' title='bbox 450 728 488 764; x_wconf 85' lang='lat' dir='ltr'>Q.</span> <span class='ocrx_word' id='word_1_34' title='bbox 507 728 664 763; x_wconf 81' lang='lat' dir='ltr'><strong>Curtium,</strong></span> <span class='ocrx_word' id='word_1_35' title='bbox 680 727 720 758; x_wconf 86' lang='lat' dir='ltr'>iv.</span> <span class='ocrx_word' id='word_1_36' title='bbox 739 731 767 758; x_wconf 73' lang='lat'>2.</span> <span class='ocrx_word' id='word_1_37' title='bbox 786 731 833 758; x_wconf 78' lang='lat'>12.</span> <span class='ocrx_word' id='word_1_38' title='bbox 879 728 928 758; x_wconf 87' lang='lat' dir='ltr'>Sic</span> <span class='ocrx_word' id='word_1_39' title='bbox 944 729 1038 758; x_wconf 74' lang='lat' dir='ltr'>libido</span> 
     </span>
     <span class='ocr_line' id='line_1_8' title="bbox 316 777 1034 820; baseline -0.003 -10"><span class='ocrx_word' id='word_1_40' title='bbox 316 779 467 820; x_wconf 54' lang='lat' dir='ltr'>carnifex,</span> <span class='ocrx_word' id='word_1_41' title='bbox 486 777 656 816; x_wconf 83' lang='lat' dir='ltr'>Arnobius,</span> <span class='ocrx_word' id='word_1_42' title='bbox 678 777 719 808; x_wconf 85' lang='lat' dir='ltr'>ad</span> <span class='ocrx_word' id='word_1_43' title='bbox 733 777 828 808; x_wconf 82' lang='lat' dir='ltr'>finem</span> <span class='ocrx_word' id='word_1_44' title='bbox 844 777 914 809; x_wconf 82' lang='lat' dir='ltr'>libri</span> <span class='ocrx_word' id='word_1_45' title='bbox 930 778 1034 817; x_wconf 87' lang='lat' dir='ltr'>primi:</span> 
     </span>
     <span class='ocr_line' id='line_1_9' title="bbox 316 830 1038 872; baseline -0.001 -11"><span class='ocrx_word' id='word_1_46' title='bbox 316 837 408 872; x_wconf 84' lang='lat' dir='ltr'>atque</span> <span class='ocrx_word' id='word_1_47' title='bbox 422 830 473 860; x_wconf 91' lang='lat' dir='ltr'>lib.</span> <span class='ocrx_word' id='word_1_48' title='bbox 489 830 520 859; x_wconf 90' lang='lat' dir='ltr'>ii.</span> <span class='ocrx_word' id='word_1_49' title='bbox 530 840 559 869; x_wconf 92' lang='lat' dir='ltr'>p.</span> <span class='ocrx_word' id='word_1_50' title='bbox 574 832 692 861; x_wconf 84' lang='lat'><strong>45.—“</strong></span> <span class='ocrx_word' id='word_1_51' title='bbox 705 831 865 872; x_wconf 58' lang='lat' dir='ltr'>carnifices</span> <span class='ocrx_word' id='word_1_52' title='bbox 878 833 959 866; x_wconf 83' lang='lat' dir='ltr'>unci,</span> <span class='ocrx_word' id='word_1_53' title='bbox 971 830 1038 860; x_wconf 88' lang='lat' dir='ltr'>alii·</span> 
     </span>
     <span class='ocr_line' id='line_1_10' title="bbox 316 881 1040 923; baseline 0 -12"><span class='ocrx_word' id='word_1_54' title='bbox 316 886 338 901; x_wconf 90' lang='lat'>“</span> <span class='ocrx_word' id='word_1_55' title='bbox 355 892 415 923; x_wconf 90' lang='lat' dir='ltr'>que</span> <span class='ocrx_word' id='word_1_56' title='bbox 431 881 587 912; x_wconf 76' lang='lat' dir='ltr'>innumeri</span> <span class='ocrx_word' id='word_1_57' title='bbox 611 881 838 912; x_wconf 87' lang='lat' dir='ltr'>cruciatus—.&#39;&#39;</span> <span class='ocrx_word' id='word_1_58' title='bbox 885 882 991 920; x_wconf 87' lang='lat' dir='ltr'>Unde,</span> <span class='ocrx_word' id='word_1_59' title='bbox 1014 882 1040 912; x_wconf 90' lang='lat' dir='ltr'>si</span> 
     </span>
     <span class='ocr_line' id='line_1_11' title="bbox 314 932 1040 973; baseline -0.001 -10"><span class='ocrx_word' id='word_1_60' title='bbox 314 943 369 972; x_wconf 90' lang='lat' dir='ltr'>per</span> <span class='ocrx_word' id='word_1_61' title='bbox 383 932 503 963; x_wconf 87' lang='lat' dir='ltr'>codices</span> <span class='ocrx_word' id='word_1_62' title='bbox 518 932 633 968; x_wconf 83' lang='lat' dir='ltr'>liceret,</span> <span class='ocrx_word' id='word_1_63' title='bbox 657 933 822 963; x_wconf 88' lang='lat' dir='ltr'>Lucretius</span> <span class='ocrx_word' id='word_1_64' title='bbox 836 944 891 973; x_wconf 89' lang='lat' dir='ltr'>per</span> <span class='ocrx_word' id='word_1_65' title='bbox 905 933 1040 964; x_wconf 85' lang='lat' dir='ltr'>duarum</span> 
     </span>
     <span class='ocr_line' id='line_1_12' title="bbox 314 983 1042 1024; baseline 0.001 -11"><span class='ocrx_word' id='word_1_66' title='bbox 314 993 426 1014; x_wconf 90' lang='lat' dir='ltr'>vocum</span> <span class='ocrx_word' id='word_1_67' title='bbox 441 983 714 1023; x_wconf 81' lang='lat' dir='ltr'><strong>transpositionem</strong></span> <span class='ocrx_word' id='word_1_68' title='bbox 735 984 779 1014; x_wconf 88' lang='lat' dir='ltr'>sic</span> <span class='ocrx_word' id='word_1_69' title='bbox 800 990 902 1024; x_wconf 85' lang='lat' dir='ltr'>posset</span> <span class='ocrx_word' id='word_1_70' title='bbox 923 985 1042 1024; x_wconf 88' lang='lat' dir='ltr'>optime</span> 
     </span>
     <span class='ocr_line' id='line_1_13' title="bbox 313 1035 474 1066; baseline 0 0"><span class='ocrx_word' id='word_1_71' title='bbox 313 1035 474 1066; x_wconf 83' lang='lat' dir='ltr'>constitui:</span> 
     </span>
     <span class='ocr_line' id='line_1_14' title="bbox 344 1103 998 1136; baseline 0 -8"><span class='ocrx_word' id='word_1_72' title='bbox 344 1104 469 1134; x_wconf 78' lang='lat' dir='ltr'>Verbera,</span> <span class='ocrx_word' id='word_1_73' title='bbox 478 1103 614 1136; x_wconf 82' lang='lat' dir='ltr'>carnufices</span> <span class='ocrx_word' id='word_1_74' title='bbox 625 1103 708 1134; x_wconf 78' lang='lat' dir='ltr'>taedae,</span> <span class='ocrx_word' id='word_1_75' title='bbox 721 1104 781 1136; x_wconf 85' lang='lat' dir='ltr'>pix,</span> <span class='ocrx_word' id='word_1_76' title='bbox 793 1103 904 1134; x_wconf 79' lang='lat' dir='ltr'>lamina,</span> <span class='ocrx_word' id='word_1_77' title='bbox 914 1103 998 1129; x_wconf 83' lang='lat' dir='ltr'>robur.</span> 
     </span>
    </p>
   </div>
   <div class='ocr_carea' id='block_1_7' title="bbox 312 1162 1040 1564">
    <p class='ocr_par' dir='ltr' id='par_1_7' title="bbox 312 1162 1040 1297">
     <span class='ocr_line' id='line_1_15' title="bbox 313 1162 1040 1202; baseline 0 -9"><span class='ocrx_word' id='word_1_78' title='bbox 313 1162 376 1193; x_wconf 86' lang='lat' dir='ltr'>Sed</span> <span class='ocrx_word' id='word_1_79' title='bbox 401 1162 488 1193; x_wconf 87' lang='lat' dir='ltr'>enim</span> <span class='ocrx_word' id='word_1_80' title='bbox 507 1163 581 1193; x_wconf 88' lang='lat' dir='ltr'>satis</span> <span class='ocrx_word' id='word_1_81' title='bbox 596 1163 652 1193; x_wconf 85' lang='lat' dir='ltr'>diu</span> <span class='ocrx_word' id='word_1_82' title='bbox 666 1164 726 1193; x_wconf 90' lang='lat' dir='ltr'>hoc</span> <span class='ocrx_word' id='word_1_83' title='bbox 741 1174 852 1194; x_wconf 84' lang='lat' dir='ltr'>saxum</span> <span class='ocrx_word' id='word_1_84' title='bbox 876 1163 1040 1202; x_wconf 83' lang='lat' dir='ltr'>volvimus,</span> 
     </span>
     <span class='ocr_line' id='line_1_16' title="bbox 312 1215 1040 1255; baseline 0.003 -11"><span class='ocrx_word' id='word_1_85' title='bbox 312 1220 344 1244; x_wconf 88' lang='lat' dir='ltr'>et</span> <span class='ocrx_word' id='word_1_86' title='bbox 358 1215 456 1255; x_wconf 80' lang='lat' dir='ltr'>stylus</span> <span class='ocrx_word' id='word_1_87' title='bbox 474 1221 578 1245; x_wconf 86' lang='lat' dir='ltr'>noster</span> <span class='ocrx_word' id='word_1_88' title='bbox 599 1215 633 1245; x_wconf 91' lang='lat' dir='ltr'>in</span> <span class='ocrx_word' id='word_1_89' title='bbox 656 1215 806 1245; x_wconf 81' lang='lat' dir='ltr'>restantia</span> <span class='ocrx_word' id='word_1_90' title='bbox 830 1215 1040 1246; x_wconf 84' lang='lat' dir='ltr'>traducendus</span> 
     </span>
     <span class='ocr_line' id='line_1_17' title="bbox 313 1271 367 1297; baseline 0.019 -1"><span class='ocrx_word' id='word_1_91' title='bbox 313 1271 367 1297; x_wconf 85' lang='lat' dir='ltr'>est.</span> 
     </span>
    </p>

    <p class='ocr_par' dir='ltr' id='par_1_8' title="bbox 312 1318 1039 1564">
     <span class='ocr_line' id='line_1_18' title="bbox 354 1318 1039 1350; baseline 0.001 -2"><span class='ocrx_word' id='word_1_92' title='bbox 354 1318 430 1348; x_wconf 91' lang='lat' dir='ltr'>Ver.</span> <span class='ocrx_word' id='word_1_93' title='bbox 450 1322 539 1350; x_wconf 82' lang='grc'><strong>1051.</strong></span> <span class='ocrx_word' id='word_1_94' title='bbox 561 1325 588 1350; x_wconf 79' lang='grc' dir='ltr'>ει</span> <span class='ocrx_word' id='word_1_95' title='bbox 605 1319 690 1350; x_wconf 84' lang='lat' dir='ltr'>deest</span> <span class='ocrx_word' id='word_1_96' title='bbox 707 1320 901 1350; x_wconf 77' lang='lat' dir='ltr'>r1.-absunt</span> <span class='ocrx_word' id='word_1_97' title='bbox 917 1326 966 1350; x_wconf 80' lang='lat' dir='ltr'>nt:</span> <span class='ocrx_word' id='word_1_98' title='bbox 992 1319 1039 1349; x_wconf 84' lang='lat' dir='ltr'>M.</span> 
     </span>
     <span class='ocr_line' id='line_1_19' title="bbox 312 1370 1038 1412; baseline 0 -11"><span class='ocrx_word' id='word_1_99' title='bbox 312 1372 556 1402; x_wconf 79' lang='lat' dir='ltr'>absumat.—at.·</span> <span class='ocrx_word' id='word_1_100' title='bbox 585 1378 625 1402; x_wconf 91' lang='grc' dir='ltr'>Π.</span> <span class='ocrx_word' id='word_1_101' title='bbox 654 1370 855 1412; x_wconf 63' lang='lat' dir='ltr'>‹za—sactis.-</span> <span class='ocrx_word' id='word_1_102' title='bbox 882 1371 918 1402; x_wconf 92' lang='grc' dir='ltr'>Ρ.</span> <span class='ocrx_word' id='word_1_103' title='bbox 934 1371 1038 1412; x_wconf 53' lang='lat' dir='ltr'>sucu}</span> 
     </span>
     <span class='ocr_line' id='line_1_20' title="bbox 312 1422 1039 1461; baseline 0.001 -9"><span class='ocrx_word' id='word_1_104' title='bbox 312 1428 342 1453; x_wconf 88' lang='lat' dir='ltr'>et</span> <span class='ocrx_word' id='word_1_105' title='bbox 354 1422 398 1453; x_wconf 85' lang='lat' dir='ltr'>sic</span> <span class='ocrx_word' id='word_1_106' title='bbox 409 1422 483 1453; x_wconf 86' lang='lat' dir='ltr'>editi</span> <span class='ocrx_word' id='word_1_107' title='bbox 493 1432 689 1461; x_wconf 89' lang='lat' dir='ltr'>communes,</span> <span class='ocrx_word' id='word_1_108' title='bbox 701 1423 960 1454; x_wconf 79' lang='lat' dir='ltr'>constructionem</span> <span class='ocrx_word' id='word_1_109' title='bbox 972 1423 1039 1453; x_wconf 89' lang='lat' dir='ltr'>vul-</span> 
     </span>
     <span class='ocr_line' id='line_1_21' title="bbox 312 1474 1037 1514; baseline 0.003 -11"><span class='ocrx_word' id='word_1_110' title='bbox 312 1483 420 1513; x_wconf 83' lang='lat' dir='ltr'>garem</span> <span class='ocrx_word' id='word_1_111' title='bbox 449 1474 641 1514; x_wconf 87' lang='lat' dir='ltr'>exquisitiori</span> <span class='ocrx_word' id='word_1_112' title='bbox 663 1474 788 1513; x_wconf 82' lang='lat' dir='ltr'>illepide</span> <span class='ocrx_word' id='word_1_113' title='bbox 813 1481 1037 1514; x_wconf 77' lang='lat' dir='ltr'>praeponentes.</span> 
     </span>
     <span class='ocr_line' id='line_1_22' title="bbox 314 1525 761 1564; baseline 0.004 -9"><span class='ocrx_word' id='word_1_114' title='bbox 314 1525 522 1564; x_wconf 81' lang='lat' dir='ltr'>Mantuanus,</span> <span class='ocrx_word' id='word_1_115' title='bbox 541 1526 617 1556; x_wconf 82' lang='lat' dir='ltr'>AEn.</span> <span class='ocrx_word' id='word_1_116' title='bbox 634 1526 672 1557; x_wconf 89' lang='lat' dir='ltr'>iv.</span> <span class='ocrx_word' id='word_1_117' title='bbox 690 1530 761 1557; x_wconf 85' lang='lat'><strong>168.</strong></span> 
     </span>
    </p>
   </div>
   <div class='ocr_carea' id='block_1_8' title="bbox 342 1611 435 1618">
    <p class='ocr_par' dir='ltr' id='par_1_9' title="bbox 342 1611 435 1618">
     <span class='ocr_line' id='line_1_23' title="bbox 342 1611 435 1618; baseline 0 0"><span class='ocrx_word' id='word_1_118' title='bbox 342 1611 435 1618; x_wconf 95' lang='lat' dir='ltr'> </span> 
     </span>
    </p>
   </div>
   <div class='ocr_carea' id='block_1_9' title="bbox 439 1612 528 1618">
    <p class='ocr_par' dir='ltr' id='par_1_10' title="bbox 439 1612 528 1618">
     <span class='ocr_line' id='line_1_24' title="bbox 439 1612 528 1618; baseline 0 0"><span class='ocrx_word' id='word_1_119' title='bbox 439 1612 528 1618; x_wconf 95' lang='lat' dir='ltr'> </span> 
     </span>
    </p>
   </div>
   <div class='ocr_carea' id='block_1_10' title="bbox 343 1599 991 1663">
    <p class='ocr_par' dir='ltr' id='par_1_11' title="bbox 343 1599 991 1663">
     <span class='ocr_line' id='line_1_25' title="bbox 538 1599 991 1631; baseline 0.002 -8"><span class='ocrx_word' id='word_1_120' title='bbox 538 1599 635 1625; x_wconf 76' lang='lat' dir='ltr'><strong>fulsere</strong></span> <span class='ocrx_word' id='word_1_121' title='bbox 646 1599 730 1631; x_wconf 82' lang='lat' dir='ltr'>ignes,</span> <span class='ocrx_word' id='word_1_122' title='bbox 741 1604 768 1625; x_wconf 90' lang='lat' dir='ltr'>et</span> <span class='ocrx_word' id='word_1_123' title='bbox 781 1600 894 1625; x_wconf 71' lang='lat' dir='ltr'>conscius</span> <span class='ocrx_word' id='word_1_124' title='bbox 905 1600 991 1626; x_wconf 84' lang='lat' dir='ltr'>aether</span> 
     </span>
     <span class='ocr_line' id='line_1_26' title="bbox 343 1638 484 1663; baseline 0.007 -1"><span class='ocrx_word' id='word_1_125' title='bbox 343 1638 484 1663; x_wconf 77' lang='lat' dir='ltr'>connubiis.</span> 
     </span>
    </p>
   </div>
   <div class='ocr_carea' id='block_1_11' title="bbox 311 1710 1040 2033">
    <p class='ocr_par' dir='ltr' id='par_1_12' title="bbox 314 1710 1034 1751">
     <span class='ocr_line' id='line_1_27' title="bbox 314 1710 1034 1751; baseline 0.004 -12"><span class='ocrx_word' id='word_1_126' title='bbox 314 1710 376 1740; x_wconf 88' lang='lat' dir='ltr'>Ubi</span> <span class='ocrx_word' id='word_1_127' title='bbox 391 1710 519 1751; x_wconf 85' lang='lat' dir='ltr'>quidam</span> <span class='ocrx_word' id='word_1_128' title='bbox 535 1710 665 1747; x_wconf 80' lang='lat' dir='ltr'>codices,</span> <span class='ocrx_word' id='word_1_129' title='bbox 681 1713 846 1748; x_wconf 46' lang='lat' dir='ltr'>Cannabis)</span> <span class='ocrx_word' id='word_1_130' title='bbox 864 1711 935 1742; x_wconf 83' lang='lat' dir='ltr'>trita</span> <span class='ocrx_word' id='word_1_131' title='bbox 953 1721 1034 1742; x_wconf 89' lang='lat' dir='ltr'>sem-</span> 
     </span>
    </p>

    <p class='ocr_par' dir='ltr' id='par_1_13' title="bbox 312 1764 1021 1863">
     <span class='ocr_line' id='line_1_28' title="bbox 312 1764 1021 1804; baseline 0.003 -10"><span class='ocrx_word' id='word_1_132' title='bbox 312 1775 365 1804; x_wconf 78' lang='lat' dir='ltr'>per</span> <span class='ocrx_word' id='word_1_133' title='bbox 380 1764 565 1795; x_wconf 83' lang='lat' dir='ltr'>affectantes.</span> <span class='ocrx_word' id='word_1_134' title='bbox 611 1764 755 1801; x_wconf 86' lang='lat' dir='ltr'>Plautus,</span> <span class='ocrx_word' id='word_1_135' title='bbox 775 1765 859 1796; x_wconf 85' lang='lat' dir='ltr'>Rud.</span> <span class='ocrx_word' id='word_1_136' title='bbox 875 1765 915 1796; x_wconf 85' lang='lat' dir='ltr'>iV.</span> <span class='ocrx_word' id='word_1_137' title='bbox 931 1769 959 1797; x_wconf 86' lang='lat'>7.</span> <span class='ocrx_word' id='word_1_138' title='bbox 970 1768 1021 1796; x_wconf 80' lang='lat'>21.</span> 
     </span>
     <span class='ocr_line' id='line_1_29' title="bbox 404 1830 872 1863; baseline 0.004 -8"><span class='ocrx_word' id='word_1_139' title='bbox 404 1832 443 1856; x_wconf 89' lang='lat' dir='ltr'>Ne</span> <span class='ocrx_word' id='word_1_140' title='bbox 453 1830 542 1856; x_wconf 82' lang='lat' dir='ltr'>conscii</span> <span class='ocrx_word' id='word_1_141' title='bbox 551 1831 603 1855; x_wconf 84' lang='lat' dir='ltr'>sint</span> <span class='ocrx_word' id='word_1_142' title='bbox 614 1832 662 1863; x_wconf 85' lang='lat' dir='ltr'>ipsi</span> <span class='ocrx_word' id='word_1_143' title='bbox 674 1831 801 1863; x_wconf 74' lang='lat' dir='ltr'>maleficiis</span> <span class='ocrx_word' id='word_1_144' title='bbox 811 1832 872 1857; x_wconf 77' lang='lat' dir='ltr'>suis,</span> 
     </span>
    </p>

    <p class='ocr_par' dir='ltr' id='par_1_14' title="bbox 315 1889 1040 1931">
     <span class='ocr_line' id='line_1_30' title="bbox 315 1889 1040 1931; baseline 0.003 -12"><span class='ocrx_word' id='word_1_145' title='bbox 315 1889 402 1919; x_wconf 88' lang='lat' dir='ltr'>Hinc</span> <span class='ocrx_word' id='word_1_146' title='bbox 424 1889 465 1920; x_wconf 83' lang='lat' dir='ltr'>ad</span> <span class='ocrx_word' id='word_1_147' title='bbox 488 1889 651 1926; x_wconf 83' lang='lat' dir='ltr'>Ovidium,</span> <span class='ocrx_word' id='word_1_148' title='bbox 675 1896 748 1920; x_wconf 90' lang='lat' dir='ltr'>met.</span> <span class='ocrx_word' id='word_1_149' title='bbox 772 1890 812 1920; x_wconf 87' lang='lat' dir='ltr'>ix.</span> <span class='ocrx_word' id='word_1_150' title='bbox 830 1893 902 1921; x_wconf 83' lang='lat'><strong>706.</strong></span> <span class='ocrx_word' id='word_1_151' title='bbox 928 1896 964 1921; x_wconf 79' lang='lat' dir='ltr'>ut</span> <span class='ocrx_word' id='word_1_152' title='bbox 985 1891 1040 1931; x_wconf 91' lang='lat' dir='ltr'>qui</span> 
     </span>
    </p>

    <p class='ocr_par' dir='ltr' id='par_1_15' title="bbox 312 1941 1040 1981">
     <span class='ocr_line' id='line_1_31' title="bbox 312 1941 1040 1981; baseline 0.004 -11"><span class='ocrx_word' id='word_1_153' title='bbox 312 1942 406 1979; x_wconf 87' lang='lat' dir='ltr'>probe</span> <span class='ocrx_word' id='word_1_154' title='bbox 420 1941 562 1971; x_wconf 80' lang='lat' dir='ltr'>sciverim</span> <span class='ocrx_word' id='word_1_155' title='bbox 573 1941 843 1981; x_wconf 83' lang='lat' dir='ltr'>importunitatem</span> <span class='ocrx_word' id='word_1_156' title='bbox 854 1942 1040 1981; x_wconf 86' lang='lat' dir='ltr'>scriptorum</span> 
     </span>
    </p>

    <p class='ocr_par' dir='ltr' id='par_1_16' title="bbox 311 1992 1036 2033">
     <span class='ocr_line' id='line_1_32' title="bbox 311 1992 1036 2033; baseline 0.003 -12"><span class='ocrx_word' id='word_1_157' title='bbox 311 1992 519 2030; x_wconf 87' lang='lat' dir='ltr'>librariorum,</span> <span class='ocrx_word' id='word_1_158' title='bbox 543 1998 635 2033; x_wconf 81' lang='lat' dir='ltr'>atque</span> <span class='ocrx_word' id='word_1_159' title='bbox 650 1992 811 2028; x_wconf 83' lang='lat' dir='ltr'>inficetias,</span> <span class='ocrx_word' id='word_1_160' title='bbox 827 1993 974 2023; x_wconf 86' lang='lat' dir='ltr'>libentius</span> <span class='ocrx_word' id='word_1_161' title='bbox 988 2003 1036 2024; x_wconf 81' lang='lat' dir='ltr'>as·</span> 
     </span>
    </p>
   </div>
   <div class='ocr_carea' id='block_1_12' title="bbox 312 2043 1038 2125">
    <p class='ocr_par' dir='ltr' id='par_1_17' title="bbox 312 2043 1038 2125">
     <span class='ocr_line' id='line_1_33' title="bbox 312 2043 1038 2085; baseline 0.003 -12"><span class='ocrx_word' id='word_1_162' title='bbox 312 2043 459 2074; x_wconf 83' lang='lat' dir='ltr'>senserim</span> <span class='ocrx_word' id='word_1_163' title='bbox 489 2043 639 2084; x_wconf 89' lang='lat' dir='ltr'>singulari</span> <span class='ocrx_word' id='word_1_164' title='bbox 663 2043 752 2083; x_wconf 90' lang='lat' dir='ltr'>libro,</span> <span class='ocrx_word' id='word_1_165' title='bbox 785 2054 882 2084; x_wconf 87' lang='lat' dir='ltr'>quam</span> <span class='ocrx_word' id='word_1_166' title='bbox 911 2044 1038 2085; x_wconf 90' lang='lat' dir='ltr'>reliquis</span> 
     </span>
     <span class='ocr_line' id='line_1_34' title="bbox 312 2094 476 2125; baseline 0.006 -1"><span class='ocrx_word' id='word_1_167' title='bbox 312 2094 476 2125; x_wconf 87' lang='lat' dir='ltr'>universis:</span> 
     </span>
    </p>
   </div>
   <div class='ocr_carea' id='block_1_13' title="bbox 341 2175 526 2183">
    <p class='ocr_par' dir='ltr' id='par_1_18' title="bbox 341 2175 526 2183">
     <span class='ocr_line' id='line_1_35' title="bbox 341 2175 526 2183; baseline 0 0"><span class='ocrx_word' id='word_1_168' title='bbox 341 2175 526 2183; x_wconf 95' lang='lat' dir='ltr'> </span> 
     </span>
    </p>
   </div>
   <div class='ocr_carea' id='block_1_14' title="bbox 534 2163 1036 2195">
    <p class='ocr_par' dir='ltr' id='par_1_19' title="bbox 534 2163 1036 2195">
     <span class='ocr_line' id='line_1_36' title="bbox 534 2163 1036 2195; baseline 0 -7"><span class='ocrx_word' id='word_1_169' title='bbox 534 2170 621 2195; x_wconf 89' lang='lat' dir='ltr'>neque</span> <span class='ocrx_word' id='word_1_170' title='bbox 630 2164 761 2195; x_wconf 80' lang='lat' dir='ltr'>cratfacto</span> <span class='ocrx_word' id='word_1_171' title='bbox 771 2164 819 2188; x_wconf 78' lang='lat' dir='ltr'>nisi</span> <span class='ocrx_word' id='word_1_172' title='bbox 827 2163 922 2189; x_wconf 83' lang='lat' dir='ltr'>conscia</span> <span class='ocrx_word' id='word_1_173' title='bbox 932 2164 1036 2189; x_wconf 81' lang='lat' dir='ltr'>nutrix.</span> 
     </span>
    </p>
   </div>
   <div class='ocr_carea' id='block_1_15' title="bbox 312 2221 815 2262">
    <p class='ocr_par' dir='ltr' id='par_1_20' title="bbox 312 2221 815 2262">
     <span class='ocr_line' id='line_1_37' title="bbox 312 2221 815 2262; baseline 0 -10"><span class='ocrx_word' id='word_1_174' title='bbox 312 2221 431 2262; x_wconf 85' lang='lat' dir='ltr'>Vulgo,</span> <span class='ocrx_word' id='word_1_175' title='bbox 435 2221 531 2262; x_wconf 77' lang='lat' dir='ltr'>facti.</span> <span class='ocrx_word' id='word_1_176' title='bbox 577 2221 658 2252; x_wconf 88' lang='lat' dir='ltr'>Ibid.</span> <span class='ocrx_word' id='word_1_177' title='bbox 674 2222 726 2252; x_wconf 76' lang='lat' dir='ltr'>vii.</span> <span class='ocrx_word' id='word_1_178' title='bbox 745 2225 815 2253; x_wconf 84' lang='lat'><strong>194.</strong></span> 
     </span>
    </p>
   </div>
   <div class='ocr_carea' id='block_1_16' title="bbox 341 2303 1040 2368">
    <p class='ocr_par' dir='ltr' id='par_1_21' title="bbox 341 2303 1040 2368">
     <span class='ocr_line' id='line_1_38' title="bbox 341 2303 1040 2338; baseline 0.006 -11"><span class='ocrx_word' id='word_1_179' title='bbox 341 2303 452 2335; x_wconf 83' lang='lat' dir='ltr'>Tuque,</span> <span class='ocrx_word' id='word_1_180' title='bbox 468 2305 566 2336; x_wconf 84' lang='lat' dir='ltr'>triceps</span> <span class='ocrx_word' id='word_1_181' title='bbox 577 2306 688 2336; x_wconf 79' lang='lat' dir='ltr'>Hecate,</span> <span class='ocrx_word' id='word_1_182' title='bbox 700 2311 763 2337; x_wconf 82' lang='lat' dir='ltr'>qua:</span> <span class='ocrx_word' id='word_1_183' title='bbox 775 2305 860 2338; x_wconf 81' lang='lat' dir='ltr'>coeptis</span> <span class='ocrx_word' id='word_1_184' title='bbox 871 2305 968 2331; x_wconf 84' lang='lat' dir='ltr'>conscia</span> <span class='ocrx_word' id='word_1_185' title='bbox 981 2312 1040 2331; x_wconf 90' lang='lat' dir='ltr'>nos-</span> 
     </span>
     <span class='ocr_line' id='line_1_39' title="bbox 436 2343 492 2368; baseline 0 -1"><span class='ocrx_word' id='word_1_186' title='bbox 436 2343 492 2368; x_wconf 86' lang='lat' dir='ltr'>tris.</span> 
     </span>
    </p>
   </div>
   <div class='ocr_carea' id='block_1_17' title="bbox 313 2411 1040 2503">
    <p class='ocr_par' dir='ltr' id='par_1_22' title="bbox 313 2411 1040 2503">
     <span class='ocr_line' id='line_1_40' title="bbox 314 2411 1040 2450; baseline 0.006 -10"><span class='ocrx_word' id='word_1_187' title='bbox 314 2411 520 2450; x_wconf 85' lang='lat' dir='ltr'>Summopere</span> <span class='ocrx_word' id='word_1_188' title='bbox 535 2411 633 2442; x_wconf 87' lang='lat' dir='ltr'>miror</span> <span class='ocrx_word' id='word_1_189' title='bbox 654 2422 718 2443; x_wconf 89' lang='lat' dir='ltr'>non</span> <span class='ocrx_word' id='word_1_190' title='bbox 745 2413 914 2444; x_wconf 84' lang='lat' dir='ltr'>suboluisse</span> <span class='ocrx_word' id='word_1_191' title='bbox 939 2414 1040 2444; x_wconf 89' lang='lat' dir='ltr'>doctis</span> 
     </span>
     <span class='ocr_line' id='line_1_41' title="bbox 313 2461 1038 2503; baseline 0.01 -14"><span class='ocrx_word' id='word_1_192' title='bbox 313 2461 384 2493; x_wconf 79' lang='lat' dir='ltr'>viris</span> <span class='ocrx_word' id='word_1_193' title='bbox 398 2461 438 2493; x_wconf 92' lang='lat' dir='ltr'>de</span> <span class='ocrx_word' id='word_1_194' title='bbox 453 2461 524 2494; x_wconf 69' lang='lat' dir='ltr'>vera</span> <span class='ocrx_word' id='word_1_195' title='bbox 538 2463 671 2494; x_wconf 80' lang='lat' dir='ltr'>lectione</span> <span class='ocrx_word' id='word_1_196' title='bbox 686 2464 726 2495; x_wconf 86' lang='lat' dir='ltr'>ad</span> <span class='ocrx_word' id='word_1_197' title='bbox 741 2465 921 2503; x_wconf 87' lang='lat' dir='ltr'>Lucanum,</span> <span class='ocrx_word' id='word_1_198' title='bbox 945 2476 972 2497; x_wconf 90' lang='lat' dir='ltr'>v.</span> <span class='ocrx_word' id='word_1_199' title='bbox 989 2469 1038 2498; x_wconf 90' lang='lat'>89.</span> 
     </span>
    </p>
   </div>
   <div class='ocr_carea' id='block_1_18' title="bbox 342 2543 992 2647">
    <p class='ocr_par' dir='ltr' id='par_1_23' title="bbox 342 2543 992 2647">
     <span class='ocr_line' id='line_1_42' title="bbox 343 2543 992 2578; baseline 0.006 -10"><span class='ocrx_word' id='word_1_200' title='bbox 343 2543 406 2575; x_wconf 75' lang='lat' dir='ltr'>Quis</span> <span class='ocrx_word' id='word_1_201' title='bbox 417 2548 517 2570; x_wconf 85' lang='lat' dir='ltr'>terram</span> <span class='ocrx_word' id='word_1_202' title='bbox 529 2545 593 2570; x_wconf 83' lang='lat' dir='ltr'>coeli</span> <span class='ocrx_word' id='word_1_203' title='bbox 603 2546 704 2578; x_wconf 82' lang='lat' dir='ltr'>patitur</span> <span class='ocrx_word' id='word_1_204' title='bbox 715 2547 790 2577; x_wconf 89' lang='lat' dir='ltr'>deus,</span> <span class='ocrx_word' id='word_1_205' title='bbox 801 2547 891 2571; x_wconf 83' lang='lat' dir='ltr'>omnia</span> <span class='ocrx_word' id='word_1_206' title='bbox 900 2548 992 2573; x_wconf 75' lang='lat' dir='ltr'>cursus</span> 
     </span>
     <span class='ocr_line' id='line_1_43' title="bbox 343 2584 925 2619; baseline 0.009 -13"><span class='ocrx_word' id='word_1_207' title='bbox 343 2584 446 2607; x_wconf 78' lang='lat' dir='ltr'>AEterni</span> <span class='ocrx_word' id='word_1_208' title='bbox 456 2589 559 2610; x_wconf 85' lang='lat' dir='ltr'>secreta</span> <span class='ocrx_word' id='word_1_209' title='bbox 570 2588 673 2617; x_wconf 86' lang='lat' dir='ltr'>tenens,</span> <span class='ocrx_word' id='word_1_210' title='bbox 684 2586 824 2619; x_wconf 83' lang='lat' dir='ltr'>mundoque</span> <span class='ocrx_word' id='word_1_211' title='bbox 829 2586 925 2618; x_wconf 73' lang='lat' dir='ltr'>ficturo</span> 
     </span>
     <span class='ocr_line' id='line_1_44' title="bbox 342 2622 478 2647; baseline 0.022 -3"><span class='ocrx_word' id='word_1_212' title='bbox 342 2622 478 2647; x_wconf 83' lang='lat' dir='ltr'>conscius.</span> 
     </span>
    </p>
   </div>
   <div class='ocr_carea' id='block_1_19' title="bbox 310 2692 1038 2939">
    <p class='ocr_par' dir='ltr' id='par_1_24' title="bbox 310 2692 1038 2939">
     <span class='ocr_line' id='line_1_45' title="bbox 311 2692 1036 2739; baseline 0.012 -17"><span class='ocrx_word' id='word_1_213' title='bbox 311 2692 375 2723; x_wconf 88' lang='lat' dir='ltr'>Edi</span> <span class='ocrx_word' id='word_1_214' title='bbox 390 2694 474 2731; x_wconf 86' lang='lat' dir='ltr'>solet,</span> <span class='ocrx_word' id='word_1_215' title='bbox 491 2700 600 2729; x_wconf 79' lang='lat' dir='ltr'>mundi</span> <span class='ocrx_word' id='word_1_216' title='bbox 608 2699 737 2739; x_wconf 79' lang='lat' dir='ltr'>suturi,·</span> <span class='ocrx_word' id='word_1_217' title='bbox 764 2700 818 2731; x_wconf 83' lang='lat' dir='ltr'>sed</span> <span class='ocrx_word' id='word_1_218' title='bbox 833 2700 930 2731; x_wconf 81' lang='lat' dir='ltr'>codex</span> <span class='ocrx_word' id='word_1_219' title='bbox 948 2712 1036 2731; x_wconf 78' lang='lat' dir='ltr'>mnn-</span> 
     </span>
     <span class='ocr_line' id='line_1_46' title="bbox 310 2745 1036 2792; baseline 0.014 -19"><span class='ocrx_word' id='word_1_220' title='bbox 310 2745 360 2783; x_wconf 70' lang='lat' dir='ltr'>do,</span> <span class='ocrx_word' id='word_1_221' title='bbox 376 2745 527 2777; x_wconf 86' lang='lat' dir='ltr'>sinceram</span> <span class='ocrx_word' id='word_1_222' title='bbox 543 2750 742 2782; x_wconf 90' lang='lat' dir='ltr'>subindicans</span> <span class='ocrx_word' id='word_1_223' title='bbox 764 2752 881 2783; x_wconf 89' lang='lat' dir='ltr'>scilicet</span> <span class='ocrx_word' id='word_1_224' title='bbox 905 2752 1036 2792; x_wconf 80' lang='lat' dir='ltr'>scriptu-</span> 
     </span>
     <span class='ocr_line' id='line_1_47' title="bbox 310 2796 1038 2844; baseline 0.014 -20"><span class='ocrx_word' id='word_1_225' title='bbox 310 2805 387 2825; x_wconf 86' lang='lat' dir='ltr'>ram.</span> <span class='ocrx_word' id='word_1_226' title='bbox 412 2796 494 2827; x_wconf 88' lang='lat' dir='ltr'>Vide</span> <span class='ocrx_word' id='word_1_227' title='bbox 512 2799 618 2831; x_wconf 84' lang='lat' dir='ltr'>Phars.</span> <span class='ocrx_word' id='word_1_228' title='bbox 634 2802 652 2832; x_wconf 91' lang='lat' dir='ltr'>i.</span> <span class='ocrx_word' id='word_1_229' title='bbox 670 2806 720 2834; x_wconf 74' lang='lat'>20.</span> <span class='ocrx_word' id='word_1_230' title='bbox 735 2804 789 2834; x_wconf 89' lang='lat' dir='ltr'>ubi</span> <span class='ocrx_word' id='word_1_231' title='bbox 803 2814 881 2844; x_wconf 85' lang='lat' dir='ltr'>grex</span> <span class='ocrx_word' id='word_1_232' title='bbox 892 2804 1038 2843; x_wconf 80' lang='lat' dir='ltr'>illepidus</span> 
     </span>
     <span class='ocr_line' id='line_1_48' title="bbox 311 2847 1037 2895; baseline 0.014 -19"><span class='ocrx_word' id='word_1_233' title='bbox 311 2847 350 2878; x_wconf 86' lang='lat' dir='ltr'>ad</span> <span class='ocrx_word' id='word_1_234' title='bbox 367 2847 531 2889; x_wconf 85' lang='lat' dir='ltr'>ingenium</span> <span class='ocrx_word' id='word_1_235' title='bbox 543 2852 631 2890; x_wconf 87' lang='lat' dir='ltr'>redit,</span> <span class='ocrx_word' id='word_1_236' title='bbox 643 2864 716 2884; x_wconf 88' lang='lat' dir='ltr'>nam</span> <span class='ocrx_word' id='word_1_237' title='bbox 732 2855 809 2886; x_wconf 87' lang='lat' dir='ltr'>liber</span> <span class='ocrx_word' id='word_1_238' title='bbox 825 2866 907 2886; x_wconf 90' lang='lat' dir='ltr'>unus</span> <span class='ocrx_word' id='word_1_239' title='bbox 921 2857 1037 2895; x_wconf 86' lang='lat' dir='ltr'>praebet</span> 
     </span>
     <span class='ocr_line' id='line_1_49' title="bbox 311 2903 1035 2939; baseline 0.011 -9"><span class='ocrx_word' id='word_1_240' title='bbox 311 2903 463 2933; x_wconf 68' lang='lat' dir='ltr'>nascentis</span> <span class='ocrx_word' id='word_1_241' title='bbox 481 2903 570 2935; x_wconf 82' lang='lat' dir='ltr'>Nili:</span> <span class='ocrx_word' id='word_1_242' title='bbox 596 2910 627 2936; x_wconf 88' lang='lat' dir='ltr'>et</span> <span class='ocrx_word' id='word_1_243' title='bbox 641 2906 748 2937; x_wconf 83' lang='lat' dir='ltr'>confer</span> <span class='ocrx_word' id='word_1_244' title='bbox 761 2906 969 2939; x_wconf 79' lang='lat' dir='ltr'>imitationem</span> <span class='ocrx_word' id='word_1_245' title='bbox 988 2907 1035 2938; x_wconf 89' lang='lat' dir='ltr'>Si-</span> 
     </span>
    </p>
   </div>
   <div class='ocr_carea' id='block_1_20' title="bbox 1080 725 1813 2173">
    <p class='ocr_par' dir='ltr' id='par_1_25' title="bbox 1082 725 1813 820">
     <span class='ocr_line' id='line_1_50' title="bbox 1082 725 1813 763; baseline 0.001 -6"><span class='ocrx_word' id='word_1_246' title='bbox 1082 727 1208 763; x_wconf 82' lang='lat' dir='ltr'>lianam,</span> <span class='ocrx_word' id='word_1_247' title='bbox 1227 727 1306 758; x_wconf 82' lang='lat' dir='ltr'>I&#39;un.</span> <span class='ocrx_word' id='word_1_248' title='bbox 1323 727 1366 757; x_wconf 87' lang='lat' dir='ltr'>iii.</span> <span class='ocrx_word' id='word_1_249' title='bbox 1381 731 1454 760; x_wconf 80' lang='lat'><strong>599.</strong></span> <span class='ocrx_word' id='word_1_250' title='bbox 1495 727 1580 758; x_wconf 74' lang='lat' dir='ltr'>‘Haec</span> <span class='ocrx_word' id='word_1_251' title='bbox 1593 733 1698 758; x_wconf 84' lang='lat' dir='ltr'>autem</span> <span class='ocrx_word' id='word_1_252' title='bbox 1713 725 1813 758; x_wconf 73' lang='lat' dir='ltr'>latius&#39;</span> 
     </span>
     <span class='ocr_line' id='line_1_51' title="bbox 1083 779 1416 820; baseline 0 -11"><span class='ocrx_word' id='word_1_253' title='bbox 1083 779 1224 820; x_wconf 86' lang='lat' dir='ltr'>persequi</span> <span class='ocrx_word' id='word_1_254' title='bbox 1241 789 1304 809; x_wconf 88' lang='lat' dir='ltr'>non</span> <span class='ocrx_word' id='word_1_255' title='bbox 1319 785 1416 809; x_wconf 80' lang='lat' dir='ltr'>vacat.</span> 
     </span>
    </p>

    <p class='ocr_par' dir='ltr' id='par_1_26' title="bbox 1082 831 1812 1637">
     <span class='ocr_line' id='line_1_52' title="bbox 1125 831 1808 863; baseline 0.001 -2"><span class='ocrx_word' id='word_1_256' title='bbox 1125 832 1199 862; x_wconf 89' lang='lat' dir='ltr'>Ver.</span> <span class='ocrx_word' id='word_1_257' title='bbox 1218 834 1308 862; x_wconf 72' lang='lat'><strong>1032.</strong></span> <span class='ocrx_word' id='word_1_258' title='bbox 1326 834 1551 863; x_wconf 81' lang='lat' dir='ltr'>Praemeluens:</span> <span class='ocrx_word' id='word_1_259' title='bbox 1571 831 1669 862; x_wconf 87' lang='lat' dir='ltr'>Vind.</span> <span class='ocrx_word' id='word_1_260' title='bbox 1686 833 1808 863; x_wconf 75' lang='lat' dir='ltr'>Perme-</span> 
     </span>
     <span class='ocr_line' id='line_1_53' title="bbox 1083 882 1807 923; baseline -0.001 -10"><span class='ocrx_word' id='word_1_261' title='bbox 1083 888 1170 913; x_wconf 83' lang='lat' dir='ltr'>tuens</span> <span class='ocrx_word' id='word_1_262' title='bbox 1175 898 1185 918; x_wconf 87' lang='lat'>‚·</span> <span class='ocrx_word' id='word_1_263' title='bbox 1212 893 1277 913; x_wconf 91' lang='lat' dir='ltr'>non</span> <span class='ocrx_word' id='word_1_264' title='bbox 1304 882 1397 921; x_wconf 89' lang='lat' dir='ltr'>male,</span> <span class='ocrx_word' id='word_1_265' title='bbox 1428 882 1483 913; x_wconf 90' lang='lat' dir='ltr'>sed</span> <span class='ocrx_word' id='word_1_266' title='bbox 1511 882 1637 923; x_wconf 84' lang='lat' dir='ltr'>vulgata</span> <span class='ocrx_word' id='word_1_267' title='bbox 1666 882 1807 922; x_wconf 84' lang='lat' dir='ltr'>praefero.</span> 
     </span>
     <span class='ocr_line' id='line_1_54' title="bbox 1085 933 1811 975; baseline -0.001 -11"><span class='ocrx_word' id='word_1_268' title='bbox 1085 937 1107 952; x_wconf 90' lang='lat'>“</span> <span class='ocrx_word' id='word_1_269' title='bbox 1125 935 1205 965; x_wconf 80' lang='lat' dir='ltr'>Ante</span> <span class='ocrx_word' id='word_1_270' title='bbox 1220 944 1344 974; x_wconf 83' lang='lat' dir='ltr'>poenam</span> <span class='ocrx_word' id='word_1_271' title='bbox 1358 940 1500 970; x_wconf 79' lang='lat' dir='ltr'>metuens,</span> <span class='ocrx_word' id='word_1_272' title='bbox 1517 944 1610 975; x_wconf 85' lang='lat' dir='ltr'>quam</span> <span class='ocrx_word' id='word_1_273' title='bbox 1628 944 1660 964; x_wconf 89' lang='lat' dir='ltr'>re</span> <span class='ocrx_word' id='word_1_274' title='bbox 1675 933 1742 974; x_wconf 61' lang='lat' dir='ltr'>ipsa</span> <span class='ocrx_word' id='word_1_275' title='bbox 1755 943 1811 964; x_wconf 82' lang='lat' dir='ltr'>ex-</span> 
     </span>
     <span class='ocr_line' id='line_1_55' title="bbox 1087 985 1809 1025; baseline 0 -9"><span class='ocrx_word' id='word_1_276' title='bbox 1087 989 1108 1005; x_wconf 89' lang='lat'><strong>“</strong></span> <span class='ocrx_word' id='word_1_277' title='bbox 1125 986 1291 1025; x_wconf 83' lang='lat' dir='ltr'>periatur.‘&#39;</span> <span class='ocrx_word' id='word_1_278' title='bbox 1325 985 1448 1016; x_wconf 81' lang='lat' dir='ltr'>Eadem</span> <span class='ocrx_word' id='word_1_279' title='bbox 1459 986 1603 1016; x_wconf 88' lang='lat' dir='ltr'>confusio</span> <span class='ocrx_word' id='word_1_280' title='bbox 1615 992 1661 1016; x_wconf 88' lang='lat' dir='ltr'>est</span> <span class='ocrx_word' id='word_1_281' title='bbox 1669 986 1702 1016; x_wconf 91' lang='lat' dir='ltr'>in</span> <span class='ocrx_word' id='word_1_282' title='bbox 1713 985 1809 1025; x_wconf 88' lang='lat' dir='ltr'>scrip-</span> 
     </span>
     <span class='ocr_line' id='line_1_56' title="bbox 1085 1037 1812 1078; baseline 0.003 -11"><span class='ocrx_word' id='word_1_283' title='bbox 1085 1037 1126 1067; x_wconf 81' lang='lat' dir='ltr'>tis</span> <span class='ocrx_word' id='word_1_284' title='bbox 1149 1037 1189 1068; x_wconf 91' lang='lat' dir='ltr'>ad</span> <span class='ocrx_word' id='word_1_285' title='bbox 1216 1038 1305 1078; x_wconf 89' lang='lat' dir='ltr'>Virg.</span> <span class='ocrx_word' id='word_1_286' title='bbox 1331 1038 1404 1068; x_wconf 85' lang='lat' dir='ltr'>AEn.</span> <span class='ocrx_word' id='word_1_287' title='bbox 1425 1038 1456 1068; x_wconf 89' lang='lat' dir='ltr'>ii.</span> <span class='ocrx_word' id='word_1_288' title='bbox 1476 1041 1548 1069; x_wconf 81' lang='lat'><strong>573.</strong></span> <span class='ocrx_word' id='word_1_289' title='bbox 1570 1038 1625 1069; x_wconf 91' lang='lat' dir='ltr'>ubi</span> <span class='ocrx_word' id='word_1_290' title='bbox 1651 1044 1732 1069; x_wconf 86' lang='lat' dir='ltr'>recte</span> <span class='ocrx_word' id='word_1_291' title='bbox 1753 1037 1812 1069; x_wconf 77' lang='lat' dir='ltr'>viri</span> 
     </span>
     <span class='ocr_line' id='line_1_57' title="bbox 1085 1088 1810 1120; baseline 0.001 -2"><span class='ocrx_word' id='word_1_292' title='bbox 1085 1089 1167 1119; x_wconf 89' lang='lat' dir='ltr'>docti</span> <span class='ocrx_word' id='word_1_293' title='bbox 1185 1102 1218 1120; x_wconf 69' lang='lat' dir='ltr'>ero</span> <span class='ocrx_word' id='word_1_294' title='bbox 1236 1091 1446 1120; x_wconf 76' lang='lat' dir='ltr'>Prcemetuens</span> <span class='ocrx_word' id='word_1_295' title='bbox 1460 1088 1494 1118; x_wconf 91' lang='lat' dir='ltr'>in</span> <span class='ocrx_word' id='word_1_296' title='bbox 1519 1095 1702 1119; x_wconf 80' lang='lat' dir='ltr'>contextum</span> <span class='ocrx_word' id='word_1_297' title='bbox 1725 1098 1810 1119; x_wconf 85' lang='lat' dir='ltr'>rece·</span> 
     </span>
     <span class='ocr_line' id='line_1_58' title="bbox 1085 1138 1811 1181; baseline 0 -11"><span class='ocrx_word' id='word_1_298' title='bbox 1085 1141 1399 1181; x_wconf 72' lang='lat' dir='ltr'>petunt—flagellis.-</span> <span class='ocrx_word' id='word_1_299' title='bbox 1425 1144 1462 1170; x_wconf 92' lang='grc' dir='ltr'>Δ.</span> <span class='ocrx_word' id='word_1_300' title='bbox 1469 1139 1624 1180; x_wconf 69' lang='lat' dir='ltr'>fregellis.</span> <span class='ocrx_word' id='word_1_301' title='bbox 1659 1138 1811 1170; x_wconf 84' lang='lat' dir='ltr'>Phavori-</span> 
     </span>
     <span class='ocr_line' id='line_1_59' title="bbox 1084 1192 1812 1234; baseline 0 -12"><span class='ocrx_word' id='word_1_302' title='bbox 1084 1202 1156 1222; x_wconf 86' lang='lat' dir='ltr'>nus:</span> <span class='ocrx_word' id='word_1_303' title='bbox 1186 1198 1369 1234; x_wconf 73' lang='grc' dir='ltr'><em>Φραγγελω,</em></span> <span class='ocrx_word' id='word_1_304' title='bbox 1395 1205 1428 1222; x_wconf 67' lang='grc' dir='ltr'>ει</span> <span class='ocrx_word' id='word_1_305' title='bbox 1444 1204 1482 1222; x_wconf 69' lang='grc' dir='ltr'>τε</span> <span class='ocrx_word' id='word_1_306' title='bbox 1497 1198 1698 1234; x_wconf 65' lang='grc' dir='ltr'>φραγιγελεων,</span> <span class='ocrx_word' id='word_1_307' title='bbox 1724 1192 1738 1222; x_wconf 79' lang='grc' dir='ltr'><strong><em>ὅ</em></strong></span> <span class='ocrx_word' id='word_1_308' title='bbox 1761 1203 1812 1225; x_wconf 75' lang='grc' dir='ltr'>ση-</span> 
     </span>
     <span class='ocr_line' id='line_1_60' title="bbox 1083 1244 1811 1286; baseline 0 -12"><span class='ocrx_word' id='word_1_309' title='bbox 1083 1257 1173 1284; x_wconf 64' lang='lat' dir='ltr'>fanum</span> <span class='ocrx_word' id='word_1_310' title='bbox 1189 1257 1277 1286; x_wconf 73' lang='grc' dir='ltr'><strong><em>σειραν</em></strong></span> <span class='ocrx_word' id='word_1_311' title='bbox 1293 1257 1324 1275; x_wconf 77' lang='grc' dir='ltr'>εκ</span> <span class='ocrx_word' id='word_1_312' title='bbox 1341 1255 1442 1283; x_wconf 60' lang='lat' dir='ltr'>exona·</span> <span class='ocrx_word' id='word_1_313' title='bbox 1463 1251 1681 1284; x_wconf 68' lang='grc' dir='ltr'>πεπλεγμενην,</span> <span class='ocrx_word' id='word_1_314' title='bbox 1704 1244 1721 1277; x_wconf 71' lang='grc' dir='ltr'>ἦ</span> <span class='ocrx_word' id='word_1_315' title='bbox 1741 1256 1811 1274; x_wconf 68' lang='grc' dir='ltr'>κυι-</span> 
     </span>
     <span class='ocr_line' id='line_1_61' title="bbox 1084 1294 1805 1336; baseline -0.003 -10"><span class='ocrx_word' id='word_1_316' title='bbox 1084 1302 1176 1328; x_wconf 49' lang='lat' dir='ltr'>&gt;inrui</span> <span class='ocrx_word' id='word_1_317' title='bbox 1194 1297 1313 1335; x_wconf 68' lang='grc' dir='ltr'><strong>μαστιξ.</strong></span> <span class='ocrx_word' id='word_1_318' title='bbox 1357 1294 1615 1336; x_wconf 86' lang='lat' dir='ltr'>Etymologicum</span> <span class='ocrx_word' id='word_1_319' title='bbox 1638 1305 1805 1336; x_wconf 86' lang='lat' dir='ltr'>magnum:</span> 
     </span>
     <span class='ocr_line' id='line_1_62' title="bbox 1083 1346 1812 1390; baseline -0.003 -12"><span class='ocrx_word' id='word_1_320' title='bbox 1083 1349 1233 1386; x_wconf 70' lang='grc' dir='ltr'><strong><em>’Ύσσι-ληξ·</em></strong></span> <span class='ocrx_word' id='word_1_321' title='bbox 1249 1355 1412 1390; x_wconf 69' lang='grc' dir='ltr'>φραγελιοκ</span> <span class='ocrx_word' id='word_1_322' title='bbox 1439 1357 1482 1379; x_wconf 72' lang='lat' dir='ltr'>ex⁴</span> <span class='ocrx_word' id='word_1_323' title='bbox 1491 1347 1605 1387; x_wconf 91' lang='lat' dir='ltr'>quibus</span> <span class='ocrx_word' id='word_1_324' title='bbox 1616 1346 1812 1378; x_wconf 79' lang='lat' dir='ltr'>collectaneis</span> 
     </span>
     <span class='ocr_line' id='line_1_63' title="bbox 1084 1398 1809 1438; baseline -0.001 -8"><span class='ocrx_word' id='word_1_325' title='bbox 1084 1409 1120 1430; x_wconf 84' lang='lat' dir='ltr'>ea</span> <span class='ocrx_word' id='word_1_326' title='bbox 1136 1400 1305 1430; x_wconf 86' lang='lat' dir='ltr'>Phavorini</span> <span class='ocrx_word' id='word_1_327' title='bbox 1320 1406 1394 1430; x_wconf 87' lang='lat' dir='ltr'>sunt</span> <span class='ocrx_word' id='word_1_328' title='bbox 1407 1399 1582 1438; x_wconf 81' lang='lat' dir='ltr'>desumpta,</span> <span class='ocrx_word' id='word_1_329' title='bbox 1597 1405 1629 1429; x_wconf 86' lang='lat' dir='ltr'>et</span> <span class='ocrx_word' id='word_1_330' title='bbox 1643 1398 1750 1429; x_wconf 85' lang='lat' dir='ltr'>minus</span> <span class='ocrx_word' id='word_1_331' title='bbox 1758 1409 1809 1429; x_wconf 85' lang='lat' dir='ltr'>ac-</span> 
     </span>
     <span class='ocr_line' id='line_1_64' title="bbox 1083 1450 1811 1490; baseline 0 -10"><span class='ocrx_word' id='word_1_332' title='bbox 1083 1456 1190 1480; x_wconf 85' lang='lat' dir='ltr'>curate</span> <span class='ocrx_word' id='word_1_333' title='bbox 1204 1451 1325 1490; x_wconf 87' lang='lat' dir='ltr'>scripta.</span> <span class='ocrx_word' id='word_1_334' title='bbox 1372 1451 1426 1481; x_wconf 85' lang='lat' dir='ltr'>Ad</span> <span class='ocrx_word' id='word_1_335' title='bbox 1443 1450 1610 1481; x_wconf 86' lang='lat' dir='ltr'>Columell.</span> <span class='ocrx_word' id='word_1_336' title='bbox 1633 1450 1673 1481; x_wconf 91' lang='lat' dir='ltr'>de</span> <span class='ocrx_word' id='word_1_337' title='bbox 1688 1460 1721 1480; x_wconf 90' lang='lat' dir='ltr'>re</span> <span class='ocrx_word' id='word_1_338' title='bbox 1736 1456 1811 1480; x_wconf 85' lang='lat' dir='ltr'>rust.</span> 
     </span>
     <span class='ocr_line' id='line_1_65' title="bbox 1084 1502 1810 1544; baseline 0 -12"><span class='ocrx_word' id='word_1_339' title='bbox 1084 1502 1126 1533; x_wconf 87' lang='lat' dir='ltr'>iii.</span> <span class='ocrx_word' id='word_1_340' title='bbox 1138 1506 1187 1534; x_wconf 92' lang='lat'>10.</span> <span class='ocrx_word' id='word_1_341' title='bbox 1201 1506 1250 1533; x_wconf 77' lang='lat'>22.</span> <span class='ocrx_word' id='word_1_342' title='bbox 1266 1503 1343 1534; x_wconf 87' lang='lat' dir='ltr'>liber</span> <span class='ocrx_word' id='word_1_343' title='bbox 1353 1503 1523 1542; x_wconf 84' lang='lat' dir='ltr'>Lipsiensis</span> <span class='ocrx_word' id='word_1_344' title='bbox 1532 1504 1624 1533; x_wconf 87' lang='lat' dir='ltr'>habet</span> <span class='ocrx_word' id='word_1_345' title='bbox 1625 1502 1796 1544; x_wconf 82' lang='lat' dir='ltr'>fragellum</span> <span class='ocrx_word' id='word_1_346' title='bbox 1799 1518 1810 1538; x_wconf 87' lang='grc'>,-</span> 
     </span>
     <span class='ocr_line' id='line_1_66' title="bbox 1082 1553 1808 1590; baseline 0.001 -7"><span class='ocrx_word' id='word_1_347' title='bbox 1082 1559 1113 1583; x_wconf 88' lang='lat' dir='ltr'>et</span> <span class='ocrx_word' id='word_1_348' title='bbox 1132 1553 1220 1584; x_wconf 82' lang='lat' dir='ltr'>alias:</span> <span class='ocrx_word' id='word_1_349' title='bbox 1247 1554 1317 1584; x_wconf 88' lang='lat' dir='ltr'>vide</span> <span class='ocrx_word' id='word_1_350' title='bbox 1342 1554 1565 1590; x_wconf 71' lang='lat' dir='ltr'>W&#39;etstenium‚</span> <span class='ocrx_word' id='word_1_351' title='bbox 1591 1553 1632 1584; x_wconf 83' lang='lat' dir='ltr'>ad</span> <span class='ocrx_word' id='word_1_352' title='bbox 1658 1553 1689 1584; x_wconf 92' lang='lat' dir='ltr'>S.</span> <span class='ocrx_word' id='word_1_353' title='bbox 1717 1553 1808 1584; x_wconf 65' lang='lat' dir='ltr'>Mart.</span> 
     </span>
     <span class='ocr_line' id='line_1_67' title="bbox 1083 1605 1549 1637; baseline 0.004 -3"><span class='ocrx_word' id='word_1_354' title='bbox 1083 1605 1176 1635; x_wconf 82' lang='lat' dir='ltr'>xxvii.</span> <span class='ocrx_word' id='word_1_355' title='bbox 1193 1610 1243 1636; x_wconf 79' lang='lat'>26.</span> <span class='ocrx_word' id='word_1_356' title='bbox 1267 1612 1298 1636; x_wconf 89' lang='lat' dir='ltr'>et</span> <span class='ocrx_word' id='word_1_357' title='bbox 1315 1606 1345 1636; x_wconf 91' lang='lat' dir='ltr'>S.</span> <span class='ocrx_word' id='word_1_358' title='bbox 1360 1606 1434 1637; x_wconf 86' lang='lat' dir='ltr'>Joh.</span> <span class='ocrx_word' id='word_1_359' title='bbox 1450 1606 1482 1636; x_wconf 89' lang='lat' dir='ltr'>ii.</span> <span class='ocrx_word' id='word_1_360' title='bbox 1500 1608 1549 1637; x_wconf 87' lang='lat'>15.</span> 
     </span>
    </p>

    <p class='ocr_par' dir='ltr' id='par_1_27' title="bbox 1080 1657 1812 1999">
     <span class='ocr_line' id='line_1_68' title="bbox 1127 1657 1807 1699; baseline 0.001 -12"><span class='ocrx_word' id='word_1_361' title='bbox 1127 1657 1208 1687; x_wconf 80' lang='lat' dir='ltr'>Ibid.</span> <span class='ocrx_word' id='word_1_362' title='bbox 1231 1659 1352 1688; x_wconf 77' lang='lat' dir='ltr'>adhibet</span> <span class='ocrx_word' id='word_1_363' title='bbox 1366 1659 1512 1693; x_wconf 80' lang='lat' dir='ltr'>stimulos,</span> <span class='ocrx_word' id='word_1_364' title='bbox 1537 1663 1688 1698; x_wconf 73' lang='lat' dir='ltr'>torretque</span> <span class='ocrx_word' id='word_1_365' title='bbox 1693 1659 1807 1699; x_wconf 84' lang='lat' dir='ltr'>flagel-</span> 
     </span>
     <span class='ocr_line' id='line_1_69' title="bbox 1083 1709 1808 1750; baseline 0 -11"><span class='ocrx_word' id='word_1_366' title='bbox 1083 1711 1138 1740; x_wconf 82' lang='lat' dir='ltr'>lis.-</span> <span class='ocrx_word' id='word_1_367' title='bbox 1165 1709 1185 1740; x_wconf 81' lang='lat' dir='ltr'>i.</span> <span class='ocrx_word' id='word_1_368' title='bbox 1202 1719 1227 1739; x_wconf 92' lang='lat' dir='ltr'>e.</span> <span class='ocrx_word' id='word_1_369' title='bbox 1252 1709 1317 1750; x_wconf 87' lang='lat' dir='ltr'>agit</span> <span class='ocrx_word' id='word_1_370' title='bbox 1332 1710 1365 1739; x_wconf 89' lang='lat' dir='ltr'>in</span> <span class='ocrx_word' id='word_1_371' title='bbox 1381 1720 1414 1740; x_wconf 89' lang='lat' dir='ltr'>se</span> <span class='ocrx_word' id='word_1_372' title='bbox 1428 1709 1617 1748; x_wconf 84' lang='lat' dir='ltr'>carnificem,</span> <span class='ocrx_word' id='word_1_373' title='bbox 1642 1716 1673 1740; x_wconf 87' lang='lat' dir='ltr'>et</span> <span class='ocrx_word' id='word_1_374' title='bbox 1691 1719 1808 1748; x_wconf 83' lang='lat' dir='ltr'>praesu—</span> 
     </span>
     <span class='ocr_line' id='line_1_70' title="bbox 1080 1761 1809 1802; baseline 0.001 -11"><span class='ocrx_word' id='word_1_375' title='bbox 1080 1761 1139 1792; x_wconf 87' lang='lat' dir='ltr'>mit</span> <span class='ocrx_word' id='word_1_376' title='bbox 1153 1761 1316 1792; x_wconf 86' lang='lat' dir='ltr'>ultionem.</span> <span class='ocrx_word' id='word_1_377' title='bbox 1361 1762 1507 1800; x_wconf 88' lang='lat' dir='ltr'>Pacatus,</span> <span class='ocrx_word' id='word_1_378' title='bbox 1529 1772 1639 1802; x_wconf 81' lang='lat' dir='ltr'>paneg.</span> <span class='ocrx_word' id='word_1_379' title='bbox 1655 1761 1809 1792; x_wconf 83' lang='lat' dir='ltr'>Theodos.</span> 
     </span>
     <span class='ocr_line' id='line_1_71' title="bbox 1084 1813 1810 1853; baseline 0.001 -10"><span class='ocrx_word' id='word_1_380' title='bbox 1084 1813 1169 1853; x_wconf 89' lang='lat' dir='ltr'>Aug.</span> <span class='ocrx_word' id='word_1_381' title='bbox 1199 1820 1269 1844; x_wconf 85' lang='lat' dir='ltr'>sect.</span> <span class='ocrx_word' id='word_1_382' title='bbox 1293 1817 1344 1844; x_wconf 81' lang='lat'>45.</span> <span class='ocrx_word' id='word_1_383' title='bbox 1366 1818 1396 1844; x_wconf 90' lang='grc'>4.</span> <span class='ocrx_word' id='word_1_384' title='bbox 1432 1817 1454 1832; x_wconf 89' lang='grc'>“</span> <span class='ocrx_word' id='word_1_385' title='bbox 1471 1814 1580 1844; x_wconf 82' lang='lat' dir='ltr'>Habet</span> <span class='ocrx_word' id='word_1_386' title='bbox 1607 1823 1691 1852; x_wconf 87' lang='lat' dir='ltr'>vcro,</span> <span class='ocrx_word' id='word_1_387' title='bbox 1722 1815 1810 1845; x_wconf 77' lang='lat' dir='ltr'>habet</span> 
     </span>
     <span class='ocr_line' id='line_1_72' title="bbox 1085 1865 1812 1905; baseline 0.001 -11"><span class='ocrx_word' id='word_1_388' title='bbox 1085 1868 1107 1883; x_wconf 86' lang='lat'>“</span> <span class='ocrx_word' id='word_1_389' title='bbox 1124 1865 1230 1894; x_wconf 88' lang='lat' dir='ltr'>nescio</span> <span class='ocrx_word' id='word_1_390' title='bbox 1261 1875 1348 1905; x_wconf 87' lang='lat' dir='ltr'>quos,</span> <span class='ocrx_word' id='word_1_391' title='bbox 1384 1865 1524 1895; x_wconf 82' lang='lat' dir='ltr'>internos</span> <span class='ocrx_word' id='word_1_392' title='bbox 1552 1876 1635 1896; x_wconf 83' lang='lat' dir='ltr'>mens</span> <span class='ocrx_word' id='word_1_393' title='bbox 1665 1865 1812 1896; x_wconf 73' lang='lat' dir='ltr'>scelerata</span> 
     </span>
     <span class='ocr_line' id='line_1_73' title="bbox 1085 1917 1808 1958; baseline 0 -11"><span class='ocrx_word' id='word_1_394' title='bbox 1085 1920 1106 1935; x_wconf 89' lang='lat'><strong>“</strong></span> <span class='ocrx_word' id='word_1_395' title='bbox 1123 1918 1299 1958; x_wconf 69' lang='lat' dir='ltr'>carrtffices;</span> <span class='ocrx_word' id='word_1_396' title='bbox 1317 1923 1372 1947; x_wconf 89' lang='lat' dir='ltr'>aut</span> <span class='ocrx_word' id='word_1_397' title='bbox 1385 1919 1451 1958; x_wconf 78' lang='lat' dir='ltr'>ipsa</span> <span class='ocrx_word' id='word_1_398' title='bbox 1468 1919 1527 1948; x_wconf 76' lang='lat' dir='ltr'>sibi</span> <span class='ocrx_word' id='word_1_399' title='bbox 1541 1917 1679 1958; x_wconf 60' lang='lat' dir='ltr'>carng&#39;fi’t</span> <span class='ocrx_word' id='word_1_400' title='bbox 1693 1919 1808 1949; x_wconf 74' lang='lat' dir='ltr'>consci-</span> 
     </span>
     <span class='ocr_line' id='line_1_74' title="bbox 1084 1968 1296 1999; baseline 0 -1"><span class='ocrx_word' id='word_1_401' title='bbox 1084 1971 1106 1986; x_wconf 93' lang='lat'>“</span> <span class='ocrx_word' id='word_1_402' title='bbox 1121 1970 1206 1999; x_wconf 77' lang='lat' dir='ltr'>entia</span> <span class='ocrx_word' id='word_1_403' title='bbox 1222 1968 1296 1999; x_wconf 79' lang='lat' dir='ltr'>est.’&#39;</span> 
     </span>
    </p>

    <p class='ocr_par' dir='ltr' id='par_1_28' title="bbox 1081 2019 1808 2101">
     <span class='ocr_line' id='line_1_75' title="bbox 1125 2019 1808 2061; baseline 0 -11"><span class='ocrx_word' id='word_1_404' title='bbox 1125 2019 1206 2050; x_wconf 85' lang='lat' dir='ltr'>Ibid.</span> <span class='ocrx_word' id='word_1_405' title='bbox 1229 2026 1318 2050; x_wconf 76' lang='lat' dir='ltr'>torret</span> <span class='ocrx_word' id='word_1_406' title='bbox 1323 2022 1474 2061; x_wconf 77' lang='lat' dir='ltr'>flagellis.</span> <span class='ocrx_word' id='word_1_407' title='bbox 1509 2021 1559 2050; x_wconf 89' lang='lat' dir='ltr'>Ita</span> <span class='ocrx_word' id='word_1_408' title='bbox 1572 2020 1708 2056; x_wconf 87' lang='lat' dir='ltr'>Flaccus,</span> <span class='ocrx_word' id='word_1_409' title='bbox 1719 2019 1808 2059; x_wconf 83' lang='lat' dir='ltr'>epod.</span> 
     </span>
     <span class='ocr_line' id='line_1_76' title="bbox 1081 2070 1165 2101; baseline 0.012 -1"><span class='ocrx_word' id='word_1_410' title='bbox 1081 2070 1119 2101; x_wconf 93' lang='lat' dir='ltr'>iv.</span> <span class='ocrx_word' id='word_1_411' title='bbox 1135 2074 1165 2101; x_wconf 85' lang='lat'>5.</span> 
     </span>
    </p>

    <p class='ocr_par' dir='ltr' id='par_1_29' title="bbox 1205 2140 1651 2173">
     <span class='ocr_line' id='line_1_77' title="bbox 1205 2140 1651 2173; baseline 0 -9"><span class='ocrx_word' id='word_1_412' title='bbox 1205 2140 1332 2165; x_wconf 84' lang='lat' dir='ltr'>Hibericis</span> <span class='ocrx_word' id='word_1_413' title='bbox 1340 2144 1440 2173; x_wconf 78' lang='lat' dir='ltr'>peruste</span> <span class='ocrx_word' id='word_1_414' title='bbox 1443 2140 1555 2172; x_wconf 82' lang='lat' dir='ltr'>funibus</span> <span class='ocrx_word' id='word_1_415' title='bbox 1566 2140 1651 2165; x_wconf 85' lang='lat' dir='ltr'>latus:</span> 
     </span>
    </p>
   </div>
   <div class='ocr_carea' id='block_1_21' title="bbox 1081 2198 1809 2334">
    <p class='ocr_par' dir='ltr' id='par_1_30' title="bbox 1081 2198 1809 2334">
     <span class='ocr_line' id='line_1_78' title="bbox 1081 2198 1808 2236; baseline 0 -8"><span class='ocrx_word' id='word_1_416' title='bbox 1081 2204 1117 2228; x_wconf 87' lang='lat' dir='ltr'>ut</span> <span class='ocrx_word' id='word_1_417' title='bbox 1132 2198 1207 2229; x_wconf 88' lang='lat' dir='ltr'>alias</span> <span class='ocrx_word' id='word_1_418' title='bbox 1229 2200 1262 2229; x_wconf 92' lang='lat' dir='ltr'>in</span> <span class='ocrx_word' id='word_1_419' title='bbox 1287 2200 1397 2236; x_wconf 76' lang='lat' dir='ltr'>satiris,</span> <span class='ocrx_word' id='word_1_420' title='bbox 1423 2202 1496 2231; x_wconf 80' lang='lat' dir='ltr'>loris</span> <span class='ocrx_word' id='word_1_421' title='bbox 1517 2203 1579 2230; x_wconf 84' lang='lat' dir='ltr'>uri.</span> <span class='ocrx_word' id='word_1_422' title='bbox 1623 2199 1712 2229; x_wconf 87' lang='lat' dir='ltr'>Hinc</span> <span class='ocrx_word' id='word_1_423' title='bbox 1737 2209 1808 2229; x_wconf 87' lang='lat' dir='ltr'>sua-</span> 
     </span>
     <span class='ocr_line' id='line_1_79' title="bbox 1085 2251 1809 2288; baseline 0.001 -8"><span class='ocrx_word' id='word_1_424' title='bbox 1085 2251 1209 2281; x_wconf 75' lang='lat' dir='ltr'>vissime</span> <span class='ocrx_word' id='word_1_425' title='bbox 1229 2251 1379 2288; x_wconf 84' lang='lat' dir='ltr'>Catullus,</span> <span class='ocrx_word' id='word_1_426' title='bbox 1402 2262 1470 2282; x_wconf 81' lang='lat' dir='ltr'><strong>xxv.</strong></span> <span class='ocrx_word' id='word_1_427' title='bbox 1492 2255 1539 2282; x_wconf 87' lang='lat'>11.</span> <span class='ocrx_word' id='word_1_428' title='bbox 1563 2251 1740 2282; x_wconf 80' lang='lat' dir='ltr'>infelicibus</span> <span class='ocrx_word' id='word_1_429' title='bbox 1761 2251 1809 2281; x_wconf 82' lang='lat' dir='ltr'>di-</span> 
     </span>
     <span class='ocr_line' id='line_1_80' title="bbox 1085 2302 1609 2334; baseline 0.004 -2"><span class='ocrx_word' id='word_1_430' title='bbox 1085 2302 1294 2333; x_wconf 78' lang='lat' dir='ltr'>vinationibus</span> <span class='ocrx_word' id='word_1_431' title='bbox 1305 2303 1417 2334; x_wconf 81' lang='lat' dir='ltr'>misere</span> <span class='ocrx_word' id='word_1_432' title='bbox 1427 2303 1609 2334; x_wconf 84' lang='lat' dir='ltr'>solicitatus:</span> 
     </span>
    </p>
   </div>
   <div class='ocr_carea' id='block_1_22' title="bbox 1114 2379 1779 2455">
    <p class='ocr_par' dir='ltr' id='par_1_31' title="bbox 1114 2379 1779 2455">
     <span class='ocr_line' id='line_1_81' title="bbox 1114 2379 1779 2413; baseline -0.003 -7"><span class='ocrx_word' id='word_1_433' title='bbox 1114 2384 1152 2407; x_wconf 86' lang='lat' dir='ltr'>Ne</span> <span class='ocrx_word' id='word_1_434' title='bbox 1163 2382 1270 2408; x_wconf 74' lang='lat' dir='ltr'>laneum</span> <span class='ocrx_word' id='word_1_435' title='bbox 1280 2383 1455 2413; x_wconf 79' lang='lat' dir='ltr'>latusculum,</span> <span class='ocrx_word' id='word_1_436' title='bbox 1466 2381 1603 2412; x_wconf 83' lang='lat' dir='ltr'>nateisque</span> <span class='ocrx_word' id='word_1_437' title='bbox 1613 2379 1779 2410; x_wconf 84' lang='lat' dir='ltr'>mollicellas,</span> 
     </span>
     <span class='ocr_line' id='line_1_82' title="bbox 1114 2420 1714 2455; baseline -0.003 -9"><span class='ocrx_word' id='word_1_438' title='bbox 1114 2425 1202 2447; x_wconf 80' lang='lat' dir='ltr'>lnmta</span> <span class='ocrx_word' id='word_1_439' title='bbox 1213 2423 1328 2455; x_wconf 79' lang='lat' dir='ltr'>turpiter</span> <span class='ocrx_word' id='word_1_440' title='bbox 1341 2422 1495 2454; x_wconf 74' lang='lat' dir='ltr'>tibistagella</span> <span class='ocrx_word' id='word_1_441' title='bbox 1507 2420 1714 2447; x_wconf 85' lang='lat' dir='ltr'>conscribillent.</span> 
     </span>
    </p>
   </div>
   <div class='ocr_carea' id='block_1_23' title="bbox 1070 2490 1809 2939">
    <p class='ocr_par' dir='ltr' id='par_1_32' title="bbox 1070 2490 1809 2939">
     <span class='ocr_line' id='line_1_83' title="bbox 1083 2490 1809 2526; baseline -0.007 0"><span class='ocrx_word' id='word_1_442' title='bbox 1083 2494 1190 2525; x_wconf 85' lang='lat' dir='ltr'>Adeas</span> <span class='ocrx_word' id='word_1_443' title='bbox 1205 2495 1300 2526; x_wconf 87' lang='lat' dir='ltr'>etiam</span> <span class='ocrx_word' id='word_1_444' title='bbox 1318 2494 1454 2526; x_wconf 79' lang='lat' dir='ltr'>Martial.</span> <span class='ocrx_word' id='word_1_445' title='bbox 1470 2505 1499 2524; x_wconf 85' lang='lat' dir='ltr'>x.</span> <span class='ocrx_word' id='word_1_446' title='bbox 1517 2497 1566 2524; x_wconf 80' lang='lat'>12.</span> <span class='ocrx_word' id='word_1_447' title='bbox 1583 2497 1612 2524; x_wconf 89' lang='grc'>6.</span> <span class='ocrx_word' id='word_1_448' title='bbox 1628 2491 1682 2523; x_wconf 86' lang='lat' dir='ltr'>sed</span> <span class='ocrx_word' id='word_1_449' title='bbox 1692 2490 1809 2522; x_wconf 71' lang='lat' dir='ltr'>locutio</span> 
     </span>
     <span class='ocr_line' id='line_1_84' title="bbox 1081 2542 1807 2587; baseline -0.006 -11"><span class='ocrx_word' id='word_1_450' title='bbox 1081 2552 1127 2576; x_wconf 88' lang='lat' dir='ltr'>est</span> <span class='ocrx_word' id='word_1_451' title='bbox 1142 2546 1174 2576; x_wconf 91' lang='lat' dir='ltr'>in</span> <span class='ocrx_word' id='word_1_452' title='bbox 1190 2545 1462 2587; x_wconf 83' lang='lat' dir='ltr'>pervagatissimis:</span> <span class='ocrx_word' id='word_1_453' title='bbox 1488 2544 1574 2576; x_wconf 88' lang='lat' dir='ltr'>unde</span> <span class='ocrx_word' id='word_1_454' title='bbox 1595 2543 1693 2574; x_wconf 89' lang='lat' dir='ltr'>miror</span> <span class='ocrx_word' id='word_1_455' title='bbox 1708 2542 1807 2583; x_wconf 83' lang='lat' dir='ltr'>mag-is</span> 
     </span>
     <span class='ocr_line' id='line_1_85' title="bbox 1082 2593 1806 2636; baseline -0.007 -8"><span class='ocrx_word' id='word_1_456' title='bbox 1082 2598 1266 2636; x_wconf 87' lang='lat' dir='ltr'>Heinsium‚</span> <span class='ocrx_word' id='word_1_457' title='bbox 1282 2599 1314 2628; x_wconf 91' lang='lat' dir='ltr'>in</span> <span class='ocrx_word' id='word_1_458' title='bbox 1330 2598 1522 2635; x_wconf 83' lang='lat' dir='ltr'>adversariis,</span> <span class='ocrx_word' id='word_1_459' title='bbox 1539 2607 1568 2636; x_wconf 82' lang='lat' dir='ltr'>p.</span> <span class='ocrx_word' id='word_1_460' title='bbox 1588 2598 1658 2628; x_wconf 84' lang='lat'><strong>177.</strong></span> <span class='ocrx_word' id='word_1_461' title='bbox 1679 2593 1806 2633; x_wconf 62' lang='lat' dir='ltr'>vanissi-</span> 
     </span>
     <span class='ocr_line' id='line_1_86' title="bbox 1081 2644 1806 2689; baseline -0.01 -9"><span class='ocrx_word' id='word_1_462' title='bbox 1081 2659 1132 2680; x_wconf 90' lang='lat' dir='ltr'>me</span> <span class='ocrx_word' id='word_1_463' title='bbox 1146 2657 1384 2689; x_wconf 84' lang='lat' dir='ltr'>proponentem,</span> <span class='ocrx_word' id='word_1_464' title='bbox 1409 2653 1431 2668; x_wconf 87' lang='lat'>“</span> <span class='ocrx_word' id='word_1_465' title='bbox 1446 2654 1624 2688; x_wconf 82' lang='lat' dir='ltr'>torquetque</span> <span class='ocrx_word' id='word_1_466' title='bbox 1646 2644 1806 2685; x_wconf 77' lang='lat' dir='ltr'>flagellis.”</span> 
     </span>
     <span class='ocr_line' id='line_1_87' title="bbox 1083 2695 1807 2742; baseline -0.008 -11"><span class='ocrx_word' id='word_1_467' title='bbox 1083 2701 1157 2740; x_wconf 89' lang='lat' dir='ltr'>Ipsa</span> <span class='ocrx_word' id='word_1_468' title='bbox 1179 2711 1236 2740; x_wconf 83' lang='lat' dir='ltr'>vox</span> <span class='ocrx_word' id='word_1_469' title='bbox 1251 2704 1408 2742; x_wconf 74' lang='lat' dir='ltr'>flagrum,</span> <span class='ocrx_word' id='word_1_470' title='bbox 1437 2700 1527 2740; x_wconf 88' lang='lat' dir='ltr'>cujus</span> <span class='ocrx_word' id='word_1_471' title='bbox 1550 2708 1615 2728; x_wconf 84' lang='lat' dir='ltr'>esse</span> <span class='ocrx_word' id='word_1_472' title='bbox 1637 2695 1807 2727; x_wconf 87' lang='lat' dir='ltr'>diminutio</span> 
     </span>
     <span class='ocr_line' id='line_1_88' title="bbox 1070 2748 1806 2795; baseline -0.01 -11"><span class='ocrx_word' id='word_1_473' title='bbox 1070 2754 1233 2795; x_wconf 76' lang='lat' dir='ltr'>flagellum</span> <span class='ocrx_word' id='word_1_474' title='bbox 1250 2753 1402 2790; x_wconf 80' lang='lat' dir='ltr'>videatur,</span> <span class='ocrx_word' id='word_1_475' title='bbox 1430 2762 1494 2782; x_wconf 86' lang='lat' dir='ltr'>non</span> <span class='ocrx_word' id='word_1_476' title='bbox 1519 2749 1646 2781; x_wconf 86' lang='lat' dir='ltr'>aliunde</span> <span class='ocrx_word' id='word_1_477' title='bbox 1669 2748 1806 2778; x_wconf 78' lang='lat' dir='ltr'>fortassis</span> 
     </span>
     <span class='ocr_line' id='line_1_89' title="bbox 1081 2799 1803 2844; baseline -0.008 -10"><span class='ocrx_word' id='word_1_478' title='bbox 1081 2810 1186 2834; x_wconf 87' lang='lat' dir='ltr'>ortum</span> <span class='ocrx_word' id='word_1_479' title='bbox 1201 2805 1330 2843; x_wconf 84' lang='lat' dir='ltr'>accepit,</span> <span class='ocrx_word' id='word_1_480' title='bbox 1347 2813 1442 2844; x_wconf 87' lang='lat' dir='ltr'>quam</span> <span class='ocrx_word' id='word_1_481' title='bbox 1457 2813 1476 2832; x_wconf 83' lang='lat' dir='ltr'>a</span> <span class='ocrx_word' id='word_1_482' title='bbox 1478 2804 1594 2844; x_wconf 74' lang='lat' dir='ltr'>flagro.</span> <span class='ocrx_word' id='word_1_483' title='bbox 1640 2801 1732 2831; x_wconf 85' lang='lat' dir='ltr'>Certe</span> <span class='ocrx_word' id='word_1_484' title='bbox 1743 2799 1803 2829; x_wconf 86' lang='lat' dir='ltr'>fes-</span> 
     </span>
     <span class='ocr_line' id='line_1_90' title="bbox 1080 2851 1802 2895; baseline -0.006 -10"><span class='ocrx_word' id='word_1_485' title='bbox 1080 2855 1229 2887; x_wconf 85' lang='lat' dir='ltr'>tivissime</span> <span class='ocrx_word' id='word_1_486' title='bbox 1251 2866 1341 2887; x_wconf 84' lang='lat' dir='ltr'>meus</span> <span class='ocrx_word' id='word_1_487' title='bbox 1363 2855 1481 2895; x_wconf 81' lang='lat' dir='ltr'>Pupius</span> <span class='ocrx_word' id='word_1_488' title='bbox 1505 2854 1540 2885; x_wconf 89' lang='lat' dir='ltr'>in</span> <span class='ocrx_word' id='word_1_489' title='bbox 1563 2851 1741 2890; x_wconf 84' lang='lat' dir='ltr'>Dunciade,</span> <span class='ocrx_word' id='word_1_490' title='bbox 1767 2851 1802 2881; x_wconf 84' lang='lat' dir='ltr'>ii.</span> 
     </span>
     <span class='ocr_line' id='line_1_91' title="bbox 1084 2911 1151 2939; baseline 0.03 -2"><span class='ocrx_word' id='word_1_491' title='bbox 1084 2911 1151 2939; x_wconf 80' lang='lat'><strong>148.</strong></span> 
     </span>
    </p>
   </div>
   <div class='ocr_carea' id='block_1_24' title="bbox 1908 651 1912 2385">
    <p class='ocr_par' dir='ltr' id='par_1_33' title="bbox 1908 651 1912 2385">
     <span class='ocr_line' id='line_1_92' title="bbox 1908 651 1912 2385; baseline 0 0"><span class='ocrx_word' id='word_1_492' title='bbox 1908 651 1912 2385; x_wconf 95' lang='lat' dir='ltr'> </span> 
     </span>
    </p>
   </div>
   <div class='ocr_carea' id='block_1_25' title="bbox 1906 2868 1912 2896">
    <p class='ocr_par' dir='ltr' id='par_1_34' title="bbox 1906 2868 1912 2896">
     <span class='ocr_line' id='line_1_93' title="bbox 1906 2868 1912 2896; baseline 0 0"><span class='ocrx_word' id='word_1_493' title='bbox 1906 2868 1912 2896; x_wconf 78' lang='lat' dir='ltr'>l</span> 
     </span>
    </p>
   </div>
  </div>
 </body>
</html>
