1912 3292
338 219 431 259 208

818 213 880 262 T.
930 213 1304 264 LUCRETII

475 343 718 386 Excierunt:
749 359 802 386 ne
821 345 926 388 forte
944 347 1099 390 animas
1120 348 1360 392 Acherunte
1379 365 1542 395 reamur

475 417 693 475 chugere‚
715 428 787 462 aut
806 421 972 463 umbras
991 422 1099 463 inter
1118 423 1230 465 vivos
1250 423 1418 466 volitare
1425 444 1438 475 ;

472 491 588 534 Neve
607 493 758 549 aliquid
778 496 907 537 nostri
931 504 1024 551 post
1043 506 1219 538 mortem
1239 513 1357 553 posse
1377 499 1567 556 relinqui,

475 565 618 615 Quom
638 583 786 624 corpus
806 570 926 611 simul
945 579 1068 625 atque
1087 572 1214 612 animi
1234 581 1396 623 natura,
1418 584 1646 631 perempta,

388 643 442 680 45
474 639 526 680 In
546 656 618 682 sua
636 641 860 684 discessum
881 643 1071 685 dederint
1090 645 1318 699 primordia
1337 662 1521 703 quaeque.

530 713 641 755 Dico
661 715 801 771 igitur,
833 731 971 758 rerum
992 717 1156 774 ecfigias
1176 721 1412 776 tenueisque
1431 721 1583 778 figuras

473 787 636 829 Mittier
656 787 708 828 ab
728 788 865 840 rebus,
897 804 1058 831 summo
1077 790 1130 832 de
1149 807 1337 848 corpore,
1368 809 1511 836 eorum

373 940 453 972 Ibid.
468 944 595 973 volitant
605 945 781 975 simulacra.
807 945 858 976 Sic
872 947 967 978 etiam
982 958 1056 979 con-

324 993 432 1033 junxit
445 994 596 1025 vocabula
610 995 777 1036 Virgilius,
796 997 870 1028 AEn.
886 999 937 1030 vii.
955 1003 1004 1032 89.

359 1061 445 1086 Multa
454 1063 540 1088 modis
549 1063 688 1089 simulacra
699 1065 774 1090 videt
785 1066 927 1092 volitantia
939 1068 1022 1093 miris.

329 1119 451 1159 Cicero,
474 1122 560 1160 epist.
583 1122 624 1153 ad
645 1123 743 1154 famil.
759 1134 807 1155 xv.
824 1128 942 1156 16.—“
958 1127 983 1157 si
1005 1127 1054 1157 in-

328 1172 351 1189 “
366 1171 468 1202 sulam
484 1173 683 1204 Britanniam
692 1184 812 1214 coepero
827 1176 971 1217 cogitare,
988 1178 1056 1218 ejus

329 1223 352 1239 “
368 1221 478 1254 ειδωλον
491 1224 569 1254 mihi
585 1227 737 1256 advolabit
753 1226 793 1256 ad
808 1228 946 1265 pectus.’'

330 1271 496 1310 Caeterum,
519 1274 604 1305 idem
631 1282 716 1306 vates
742 1277 925 1309 Minciauus
947 1281 1054 1312 oculos

326 1323 360 1353 in
375 1325 460 1356 hunc
475 1325 581 1357 locum
596 1334 758 1359 contentos
772 1330 887 1367 habuit,
912 1331 954 1362 ad
977 1333 1052 1364 AEn.

326 1387 357 1408 x.
375 1382 448 1410 641.

387 1463 470 1486 Morte
480 1462 547 1487 obita*
559 1464 649 1495 quales
660 1464 733 1490 fama
744 1470 783 1491 est
794 1467 907 1492 volitare
910 1469 1023 1501 figuras,

388 1501 443 1526 Aut
456 1508 518 1533 qua:
529 1503 616 1534 sopitos
629 1504 761 1530 deludunt
771 1506 868 1532 somnia
879 1514 975 1533 sensus.

368 1587 440 1618 Ver.
451 1591 503 1620 57.
517 1593 642 1621 τηεηιείε
661 1593 855 1633 Τεννςγῐεαηι.
881 1594 971 1625 Idem
984 1606 1052 1627 rur-

325 1648 377 1669 sus
393 1640 496 1676 Maro,
522 1642 596 1672 AEn.
613 1642 650 1672 iv.
669 1646 740 1674 210.

641 1736 763 1767 caecique
774 1737 801 1761 in
812 1737 926 1764 nubibus
937 1739 1011 1771 ignes

356 1771 503 1803 Terrificant
514 1773 682 1800 animos—-

366 1859 441 1892 Ver.
453 1865 504 1892 58.
521 1864 554 1892 in
567 1865 694 1894 somnis:
716 1870 756 1894 Π.
769 1866 946 1904 insomniis;
964 1868 1050 1898 aber-

321 1910 442 1942 ratione
457 1922 520 1942 non
536 1913 625 1943 valde
640 1915 879 1947 contemnenda.

366 1962 447 1993 Ibid.
459 1965 586 2005 figuras
601 1967 706 1996 miras.
735 1966 835 2003 Idem,
853 1978 923 2008 geo.
941 1969 961 1999 i.
977 1973 1048 2001 477.

351 2059 475 2070 -—-—-
484 2048 621 2073 simulacra
632 2050 729 2080 modis,
746 2051 882 2082 pallentia,
899 2052 1012 2078 miris—.

362 2128 438 2159 Ver.
453 2133 504 2161 59.
524 2131 703 2161 contuimur
718 2133 831 2163 miras:
853 2132 1050 2172 Macrobius,

321 2179 363 2210 ad
380 2179 441 2211 Sat.
457 2181 495 2211 vi.
514 2185 541 2212 l.
568 2185 729 2213 contuitur
745 2186 880 2215 mirans:
907 2185 926 2215 i.
943 2195 970 2215 e.
992 2189 1050 2216 71ιί-

319 2233 508 2263 νᾶε.-ἰιιεε.·
546 2239 586 2264 Π.
613 2235 898 2266 lita—carentum:
936 2236 974 2266 Β.
997 2248 1049 2268 ca-

324 2289 416 2313 rente.

365 2334 446 2365 Ibid.
469 2338 693 2378 simulacraque
709 2339 775 2368 luce
791 2345 948 2369 carentum
958 2353 968 2369 .·
987 2339 1006 2369 i.
1023 2351 1049 2371 e.

319 2396 384 2417 non
394 2387 464 2427 jam
478 2388 618 2419 vivorum
634 2396 665 2420 et
680 2393 862 2427 videntium;
886 2391 978 2421 adeas
993 2402 1049 2422 uo-

319 2443 385 2468 tata
412 2439 447 2469 in
476 2439 519 2470 iii.
551 2443 643 2472 1059.
689 2441 771 2472 Haec
802 2449 908 2473 autem
939 2451 1051 2474 mutua

316 2490 483 2530 sumpsisse
497 2490 678 2533 Virgilium,
694 2493 734 2524 ad
754 2504 821 2534 geo.
838 2494 875 2525 iv.
892 2498 964 2526 472.
980 2496 1049 2536 quis

322 2540 464 2581 ignorat?

320 2616 433 2642 Umbra:
444 2618 518 2644 ibant
529 2622 633 2650 tenues,
649 2621 833 2654 simulacraque
844 2622 897 2646 luce
905 2626 1046 2648 carentum.

362 2696 436 2727 Ver.
450 2702 499 2730 40.
514 2711 634 2740 sopore:
654 2701 691 2732 B.
707 2713 811 2742 sapore
817 2718 828 2740 ;
846 2702 1049 2734 usitatissimo

321 2757 432 2780 errore.

361 2800 436 2831 Ver.
453 2805 504 2832 41.
530 2806 722 2838 Acherunte:
749 2807 786 2838 P.
804 2808 843 2839 Ο.
868 2809 1047 2840 Acheronte.

317 2849 399 2880 Mox
428 2851 477 2883 M.
510 2855 599 2893 mbos,
634 2867 689 2894 pro
714 2860 792 2889 vivos
798 2875 809 2895 ;
845 2869 900 2898 per
925 2860 1048 2890 solitam

318 2905 599 2936 commutationem
615 2907 841 2941 elementorum
856 2911 873 2939 ὁ
889 2915 918 2940 et
935 2922 959 2941 υ.

1145 949 1218 980 Ver.
1233 953 1282 980 43.
1305 952 1426 991 aliquid
1436 961 1538 991 posse:
1566 951 1607 981 V.
1629 951 1676 983 ed.
1699 952 1737 984 B.
1763 955 1826 984 ali-

1100 1001 1168 1040 quis
1180 1003 1285 1040 possit.

1144 1050 1219 1081 Ver.
1236 1055 1286 1081 44.
1305 1053 1422 1082 animi:
1443 1051 1490 1082 M.
1503 1053 1739 1084 animam—Et
1752 1064 1823 1084 nes-

1098 1101 1171 1138 cias,
1201 1112 1242 1132 an
1270 1102 1361 1141 polita
1391 1115 1424 1132 ero
1448 1109 1606 1142 perempta
1636 1104 1771 1142 posuerit
1791 1104 1830 1135 in*

1099 1153 1201 1192 primo
1215 1163 1289 1183 casu
1313 1153 1438 1183 numeri
1464 1153 1643 1195 singularis,
1665 1165 1707 1186 an
1721 1155 1826 1195 plura-

1098 1203 1148 1234 lis:
1176 1203 1248 1234 vide
1262 1214 1334 1244 quae
1349 1214 1405 1234 nos
1420 1204 1564 1235 dedimus
1578 1205 1619 1236 ad
1644 1205 1675 1236 ii.
1693 1210 1764 1238 908.
1780 1206 1827 1238 iii.

1097 1258 1170 1287 459.
1185 1258 1258 1287 505.
1304 1256 1431 1286 Morem
1452 1255 1680 1287 Lucretianum
1701 1266 1826 1288 nosme-

1097 1305 1171 1345 tipsi
1198 1306 1370 1347 sequimur,
1406 1307 1607 1346 participium
1639 1307 1680 1338 ad
1707 1317 1825 1339 nomeu

1097 1362 1266 1398 utrumque
1281 1357 1462 1388 referentes.

1139 1409 1215 1439 Ver.
1231 1411 1281 1440 45.
1303 1410 1460 1440 dederint:
1488 1408 1584 1440 vind.
1612 1413 1648 1440 Δ.
1673 1415 1715 1440 Π.
1732 1411 1823 1441 dedc-

1098 1469 1183 1494 runt.

1141 1515 1216 1546 Ver.
1233 1519 1284 1546 46.
1305 1517 1445 1557 ecfigz'as:
1473 1515 1517 1545 ita
1531 1514 1731 1545 vetustissimi
1752 1514 1826 1546 libri

1097 1567 1134 1597 L.
1151 1567 1198 1597 M.
1216 1577 1273 1597 nec
1288 1577 1352 1597 non
1370 1568 1407 1598 B.
1431 1567 1457 1596 si
1485 1566 1647 1597 collatores
1673 1566 1738 1596 sint
1759 1577 1825 1597 cre-

1097 1616 1207 1654 dendi;
1231 1624 1312 1648 certe
1334 1617 1445 1658 reliqui
1469 1627 1579 1647 omnes
1600 1617 1729 1653 codices
1751 1627 1825 1648 cum

1096 1668 1221 1698 summa
1229 1668 1398 1708 pertinacia
1411 1669 1590 1705 consensus
1602 1669 1724 1709 effigies.
1749 1669 1823 1700 For-

1096 1729 1182 1751 mam
1198 1726 1315 1758 autem,
1339 1731 1435 1761 quam
1450 1720 1634 1750 servandam
1647 1720 1826 1757 habuimus,

1095 1770 1222 1801 exhibet
1239 1770 1392 1801 Afranius
1414 1771 1498 1810 apud
1522 1771 1667 1801 Nonium
1688 1771 1825 1804 Marcel-

1097 1820 1177 1857 lum,
1193 1821 1257 1852 viii.
1277 1824 1327 1852 77.
1343 1827 1374 1852 et
1390 1821 1536 1859 Plautus,
1561 1821 1644 1852 Rud.
1660 1821 1691 1852 ii.
1711 1826 1740 1853 4.
1756 1827 1785 1855 7.

1096 1875 1204 1912 Porro,
1227 1881 1315 1906 vetus
1330 1875 1561 1916 orthographia,
1583 1885 1679 1916 quam
1694 1876 1827 1908 exhibeo

1094 1927 1129 1956 in
1144 1927 1204 1956 hoc
1218 1936 1321 1965 versu,
1343 1926 1518 1956 etiamnum
1543 1932 1639 1957 restat
1661 1928 1695 1956 in
1717 1927 1826 1959 dictio.

1095 1977 1189 2007 nibus
1213 1979 1349 2013 ecclesia,
1371 1979 1486 2017 ecloga,
1513 1980 1635 2009 ecdicus
1660 1978 1744 2017 apud
1769 1979 1823 2009 Ci-

1095 2037 1197 2058 ceron.
1213 2027 1299 2067 epist.
1315 2027 1390 2058 fam.
1400 2027 1463 2057 xiii.
1476 2030 1526 2058 56.
1536 2027 1682 2069 equdere,
1697 2029 1822 2069 ecferre,

1094 2081 1264 2119 πει-τῖμος,
1287 2078 1328 2108 ad
1348 2078 1501 2109 nonnulla
1516 2079 1706 2118 exemplaria
1719 2078 1823 2110 Taciti

1096 2130 1276 2171 Plautique;
1309 2141 1349 2160 ne
1380 2130 1485 2170 plures
1516 2140 1606 2161 voces
1629 2141 1824 2168 enumerem=

1099 2181 1217 2212 Graecis
1227 2181 1394 2220 propiores.
1422 2180 1571 2211 Similiter
1580 2181 1613 2212 in
1625 2188 1726 2212 vetere
1737 2182 1821 2223 glos-

1095 2238 1204 2268 satore,
1239 2231 1398 2262 confidens
1427 2232 1634 2271 rescripserim
1663 2233 1822 2274 equidem,

1095 2286 1223 2320 Recedo,
1235 2290 1267 2315 et
1276 2286 1413 2316 Ecccmto
1421 2300 1432 2321 ;
1446 2285 1511 2315 vice
1521 2298 1576 2316 των
1589 2286 1699 2320 Ecedo.
1713 2287 1819 2317 Ecan-

1095 2344 1195 2378 loque.

1137 2396 1213 2426 Ver.
1234 2399 1285 2428 47.
1307 2408 1445 2437 corpore.-
1469 2407 1580 2428 verum
1603 2407 1713 2428 omnes
1737 2397 1820 2436 libri,

1093 2453 1160 2477 tam
1177 2447 1273 2478 MSS.
1288 2457 1383 2488 quam
1395 2448 1576 2479 vetustiores
1590 2448 1741 2488 impressi,
1756 2459 1823 2479 cor-

1092 2500 1151 2530 tice
1156 2515 1167 2535 ;
1191 2498 1245 2529 sed
1260 2499 1476 2538 proculdubio
1490 2499 1652 2531 mendose:
1679 2500 1820 2531 conferas

1091 2561 1168 2581 verr.
1182 2553 1234 2581 55.
1257 2554 1308 2582 50.
1325 2554 1375 2582 57.
1399 2554 1615 2582 62.-eorz‹m.·
1641 2551 1677 2582 P.
1704 2550 1744 2582 Ο.
1765 2562 1819 2582 ea-

1090 2613 1159 2632 rum
1165 2618 1176 2639 ‚·
1201 2601 1255 2632 sed
1269 2612 1308 2632 ex
1323 2609 1502 2639 correctore,
1526 2609 1562 2633 ut
1575 2608 1699 2641 putem:‚
1723 2607 1755 2632 et
1777 2612 1819 2633 an

1091 2652 1135 2682 sie
1159 2652 1293 2683 voluerit
1308 2653 1475 2684 immutare
1495 2653 1670 2689 Lucretius,
1693 2657 1729 2683 ut
1750 2663 1817 2683 am-

1092 2704 1226 2745 biguum
1251 2705 1379 2735 evitaret
1400 2707 1440 2736 ob
1455 2710 1501 2735 tot
1522 2704 1652 2734 nomina
1673 2704 1817 2744 ejusdem

1093 2754 1233 2796 generis?
1263 2756 1382 2795 effigias
1408 2755 1533 2790 scilicet,
1555 2757 1695 2798 figuras,
1719 2757 1817 2788 rebus.

1094 2806 1203 2837 Simile
1218 2806 1294 2847 quid
1318 2808 1469 2837 habemus
1493 2807 1527 2837 in
1547 2807 1753 2844 varietatibus,
1776 2808 1816 2839 ad

1093 2868 1152 2888 ver.
1170 2861 1219 2889 92.
1265 2857 1408 2897 Insuper,
1424 2857 1519 2898 vulgo
1534 2858 1762 2898 iuterpungunt
1775 2858 1817 2889 ad

1091 2920 1193 2941 eorum
1199 2925 1210 2948 ,·
1231 2908 1284 2940 sed
1300 2919 1351 2940 me
1365 2909 1573 2949 perspicuitati
1596 2909 1815 2941 consulturum
