1912 3292
484 233 719 286 LIBER
773 232 1125 281 TERTIUS.

1460 242 1479 280 1
1493 241 1548 280 13

191 368 426 417 Vermibus,
449 372 490 407 et
508 366 626 420 privo
647 364 679 405 si
700 378 874 419 corpore
893 378 1012 418 posse
1033 364 1185 412 venire,

195 442 357 491 Credis;
391 454 467 480 nec
487 446 666 493 reputas,
690 452 797 494 quur
816 437 929 478 milia
948 437 1078 478 multa
1097 437 1328 478 animarum

79 516 159 556 725
193 514 465 562 Conveniam,
488 512 598 553 unde
618 527 702 553 una
722 512 946 552 recesserit:
979 511 1059 552 hoc
1080 518 1218 551 tamen
1239 519 1313 560 est,
1336 519 1381 551 ut

194 587 483 637 Quaerundum
503 588 704 637 videatur,
727 595 767 628 et
786 588 830 627 in
851 587 1070 628 discrimen
1091 586 1323 644 agundum;

188 661 341 703 Utrum
361 662 530 703 tandem
549 662 700 704 animae
720 669 921 702 venentur
942 662 1097 702 semina
1117 676 1291 716 quaeque

179 735 525 786 Vermiculorum‚
548 737 728 792 ipsaeque
749 736 824 776 sibi
844 735 1110 786 fabricentur,
1133 735 1228 776 ubei
1251 741 1364 775 sunt:

41 890 137 923 Servii
151 890 266 932 glossa:
293 893 316 910 “
339 892 484 930 Tument,
499 891 765 932 suspenduntur;”

37 942 104 975 solo
117 942 268 973 nimirum
282 948 488 982 putrescente,
505 949 536 974 et
546 943 664 982 soluto3
680 954 765 974 com·

36 994 142 1025 mittas
157 993 232 1024 ibid.
248 994 268 1023 i.
288 997 337 1024 44.
355 999 403 1026 68.

81 1045 162 1076 Ibid.
173 1047 371 1086 pevfluctuat.
415 1045 630 1086 Elegantiam‚
645 1045 764 1085 propri-

36 1102 162 1136 etatem,
191 1103 285 1138 atque
313 1097 510 1133 evidentiam,
541 1098 671 1138 hujusce
700 1097 764 1127 dic-

36 1148 130 1178 tionis
154 1158 236 1189 aegre
257 1158 314 1187 pro
337 1148 450 1179 merito
471 1148 577 1179 laudet
603 1149 716 1189 aliquis
738 1154 769 1178 et

35 1198 208 1229 admiretur
233 1199 317 1230 satis:
346 1199 424 1230 adeo
439 1210 506 1230 rem
528 1210 566 1230 ex
581 1201 668 1230 omni
683 1206 769 1239 parte

36 1250 168 1281 feliciter
182 1251 341 1292 depingit;
362 1252 426 1282 sive
447 1254 675 1282 multitudinem
699 1262 766 1281 ver-

34 1301 148 1339 mium,
172 1312 269 1342 quam
295 1302 427 1333 latenter
451 1302 603 1343 designat,
628 1308 766 1333 contem-

36 1353 142 1393 pleris,
164 1353 228 1383 sive
251 1359 356 1384 motus
378 1354 576 1392 animalium,
609 1365 642 1384 se
666 1357 766 1385 unda-

33 1406 90 1436 tim
105 1404 366 1443 protrudentium.
404 1405 493 1434 Hinc
509 1404 678 1444 Apuleius,
694 1411 765 1436 met.

33 1466 63 1486 x.
77 1457 134 1487 sub
149 1455 202 1486 fin.
230 1459 252 1474 ‘⁵
267 1456 393 1486 Leviter
408 1459 637 1498 perfluctnante
658 1457 765 1496 spinu-

33 1510 57 1526 “
72 1506 116 1545 la,
137 1512 170 1536 et
193 1506 308 1537 sensim
333 1512 507 1538 annutante
533 1507 645 1547 capite,
676 1508 767 1547 coepit

35 1561 57 1576 “
72 1557 288 1588 incedere—.”
345 1558 410 1589 Ubi
445 1558 589 1589 consulas
626 1559 765 1590 editores.

33 1608 137 1648 Idem,
160 1615 233 1640 met.
247 1609 290 1640 iii.
305 1621 337 1650 p.
355 1613 495 1641 215.—“
518 1611 667 1642 membris
690 1611 765 1641 levi-

33 1662 57 1681 “
72 1667 118 1691 ter
131 1661 434 1701 fluctuantibus—.”
485 1662 635 1692 Similiter
661 1664 766 1694 Arno-

34 1712 114 1748 bius,
137 1712 190 1743 lib.
215 1713 249 1743 ii.
273 1724 302 1752 p.
328 1716 379 1744 75.
404 1713 504 1744 verbis
528 1724 605 1744 usus
626 1713 768 1753 improba

30 1764 206 1795 curiositate
215 1764 494 1794 concinnatis:—“
510 1765 766 1796 ut—coxendici·

33 1819 58 1834 “
72 1816 131 1845 bus
159 1815 326 1846 sublevatis
355 1815 536 1846 lumborum
566 1817 767 1856 crispitudine

32 1867 283 1908 “fluctuaret?”
330 1867 423 1898 Idem
445 1878 562 1906 rursus,
589 1868 641 1899 lib.
663 1870 713 1899 vii.
737 1881 766 1909 p.

32 1921 174 1950 259.—“
189 1918 334 1949 clunibus
353 1922 516 1961 fluctuare
547 1921 765 1960 crispatis-:”

31 1970 116 2011 quod
130 1981 185 2009 per
199 1973 321 2002 extortis
342 1971 376 2012 (i.
392 1982 418 2002 e.
434 1981 466 2001 se
480 1973 683 2003 vehementer
697 1979 763 2004 tor-

31 2021 212 2062 quentibus)
239 2023 381 2053 clunibus
405 2022 574 2053 Petronius
596 2024 708 2054 extulit
730 2024 763 2054 in

31 2083 98 2112 cap.
116 2073 177 2104 xxi.
222 2072 351 2103 Addam
368 2073 552 2110 Manilium,
569 2074 591 2104 i.
609 2078 679 2106 423.
692 2086 762 2115 per-

31 2123 167 2165 eleganti
182 2124 319 2154 carmine
334 2125 604 2156 commendatum:

30 2206 118 2237 Quam
128 2209 238 2237 propter
248 2207 341 2236 Cetus,
358 2207 522 2232 convolvens
533 2214 660 2238 squamea
670 2211 757 2241 terga,

30 2245 142 2269 Orbibus
152 2245 264 2277 insurgit
275 2246 363 2276 tortis,
376 2250 403 2271 et
407 2246 520 2277 fluctuat
530 2247 617 2272 alveo.

31 2315 183 2354 Hospites
198 2322 304 2346 autem
319 2317 352 2347 in
379 2318 437 2348 hac
452 2323 613 2348 venustate
635 2329 675 2348 ne
690 2329 756 2349 cre-

29 2365 84 2396 das
101 2367 237 2398 Graecos.
280 2367 382 2399 Testis
407 2369 446 2399 sit
472 2369 612 2399 Achilles
635 2369 754 2407 Tatius,

28 2416 49 2446 i.
69 2420 116 2448 12.
138 2419 170 2448 ‘O
186 2417 213 2448 δε
228 2418 330 2457 ἵππος,
355 2433 390 2462 τῃ
412 2434 467 2450 των
483 2419 572 2451 ποδων
588 2433 755 2463 κνρτεμενος

32 2468 282 2511 &scalpe—Struma
307 2485 363 2505 νῆας
385 2473 606 2512 χειμαζομενης,
633 2487 689 2508 τοις
707 2488 754 2504 νω-

30 2533 87 2554 τοις
106 2526 372 2553 ΕΚΤΜΑΙΝΕΤΟ.

0 2593 1 2603 ,
30 2570 92 2601 Sed
107 2570 145 2601 de
160 2573 218 2601 hac
236 2583 268 2602 re
284 2573 463 2605 satismulta.

0 2614 1 2650 ἶ
29 2620 118 2652 Hinc
135 2623 304 2662 Nicander,
327 2624 360 2654 in
384 2626 461 2656 ther.
490 2629 561 2658 295.
583 2627 667 2658 viam
691 2639 752 2659 ser-

23 2678 137 2715 pentis,
159 2677 246 2717 quasi
261 2679 499 2718 navigationem,
522 2680 652 2711 feliciter
666 2682 752 2712 exhi-

29 2726 109 2765 buit,
131 2728 170 2757 ob
186 2731 350 2760 undantem
368 2735 491 2760 motum
507 2731 663 2763 animalis:

231 2801 301 2830 ssoecou
316 2801 436 2827 IIAOON
451 2811 500 2828 αιεν
516 2804 677 2828 OKEAAEI·

73 2869 146 2902 Ver.
160 2874 229 2904 725.
237 2878 326 2914 privo
334 2890 344 2906 .·
362 2877 405 2906 sic
416 2876 606 2908 levissimam
616 2889 671 2918 per
682 2888 753 2908 mu-

32 2922 182 2954 tationem
197 2935 289 2958 ausus
312 2938 382 2959 sum
405 2939 441 2959 ex
464 2930 641 2970 conjectura
664 2940 753 2969 repo-

0 2853 2 2908 ἱ

0 2912 3 3065 ἓ

0 3085 6 3292 ἱ

810 901 896 929 nere,
922 890 1062 921 Lucretii
1093 890 1189 930 ipsius
1214 899 1308 921 sensu
1332 896 1424 932 atque
1450 901 1543 932 argu-

810 948 918 973 mento
943 942 1191 982 deposcentibus:
1226 943 1247 973 i.
1273 953 1298 973 e.
1323 946 1345 961 “
1363 943 1396 973 Si
1426 953 1545 974 vermes

810 999 833 1014 “
849 996 988 1035 proprias
999 996 1120 1025 animas
1135 1002 1166 1026 et
1181 1006 1309 1035 corpora
1324 996 1459 1036 propria,
1480 1006 1545 1026 non

809 1050 832 1065 “
847 1047 931 1086 putri
946 1047 1092 1078 cadavere
1107 1047 1257 1086 derivata,
1279 1048 1479 1087 possidentes,
1499 1047 1544 1078 ibi

812 1102 832 1117 “
847 1099 1027 1130 convenisse
1041 1099 1228 1130 arbitreris.’'
1273 1100 1338 1129 Hae
1349 1105 1423 1129 sunt
1436 1099 1542 1129 lectio-

811 1160 890 1180 num
904 1150 1077 1180 varietates:
1094 1154 1180 1189 privo
1195 1153 1239 1181 si:
1266 1150 1304 1180 P.
1322 1150 1417 1180 Vind.
1435 1151 1471 1181 L.
1490 1151 1538 1181 M.

813 1205 847 1231 Δ.
865 1205 899 1232 Σ.
911 1203 1001 1240 priva
1016 1203 1045 1232 si
1049 1215 1060 1235 ;
1087 1201 1130 1231 V.
1148 1201 1194 1231 ed.
1205 1203 1342 1240 privasse
1357 1203 1399 1236 se'‚·
1421 1201 1460 1231 O.
1470 1203 1540 1240 pri-

811 1263 858 1283 vos
874 1255 923 1289 2‘n,·
950 1259 990 1282 Π.
1000 1255 1104 1291 prima
1122 1255 1172 1287 2'n;
1206 1259 1250 1282 Ω.
1259 1254 1367 1292 privas
1382 1255 1541 1283 in.—cor-

804 1314 897 1342 pore:
914 1302 966 1333 sic.
983 1303 1020 1332 P.
1037 1303 1134 1333 Vind.
1154 1302 1192 1332 V.
1209 1302 1255 1333 ed.
1273 1304 1311 1333 B.
1329 1303 1368 1333 O.
1385 1308 1419 1333 Δ.
1439 1310 1479 1333 Π.
1495 1310 1539 1335 Ω.

810 1352 933 1392 reliqui,
957 1353 983 1382 si
1003 1363 1070 1383 rem
1093 1354 1188 1392 probe
1210 1358 1312 1389 teneo,
1336 1364 1476 1393 corpora;
1505 1360 1541 1384 ut

811 1414 850 1434 ex
865 1404 979 1434 nostris
997 1404 1092 1434 etiarn
1116 1410 1150 1436 Σ.
1173 1404 1260 1434 liber.
1307 1404 1428 1434 Verum
1454 1405 1539 1435 enim

810 1465 894 1494 vero,
917 1466 1015 1496 usque
1039 1455 1117 1486 adeo
1143 1466 1207 1486 non
1231 1466 1301 1486 sum
1324 1462 1445 1486 amator
1466 1457 1540 1493 mei,

811 1512 841 1536 et
855 1507 941 1546 apud
967 1507 1112 1538 animum
1134 1518 1244 1537 meum
1270 1514 1334 1538 tam
1356 1508 1539 1538 confirmato

809 1559 966 1598 proposito
981 1559 1078 1589 semel
1092 1565 1262 1589 statueram
1278 1564 1418 1589 veterum
1433 1569 1538 1590 exem·

810 1609 944 1648 plarium
959 1610 1175 1640 auctoritatem
1199 1610 1385 1650 conjecturis
1406 1611 1538 1641 minime

811 1661 989 1692 necessariis
1004 1662 1256 1701 anteponendam
1271 1672 1349 1701 esse,
1367 1662 1465 1692 Nonii
1476 1663 1538 1693 lec-

811 1711 922 1750 tiones,
946 1723 1011 1752 cap.
1026 1713 1058 1744 ii.
1073 1719 1144 1744 sect.
1164 1717 1236 1745 694.
1251 1714 1381 1743 omniuo
1396 1714 1538 1744 admisis-

811 1772 888 1800 sem,
912 1763 938 1792 si
967 1765 1061 1802 probe
1089 1764 1262 1794 intellectas
1289 1765 1477 1803 habuissem,
1508 1771 1539 1795 et

810 1813 867 1844 hac
879 1806 998 1844 ratione
1010 1821 1234 1855 argumentum
1243 1815 1303 1845 loci
1314 1825 1456 1854 prospere
1467 1826 1537 1855 pro-

810 1864 919 1895 cedere
933 1866 1036 1896 visum
1051 1872 1142 1896 esset:

989 1961 1017 1982 et
1023 1958 1121 1990 privas
1133 1958 1159 1983 in
1170 1963 1273 1991 corpora
1285 1967 1360 1992 posse
1371 1961 1472 1986 venite.

807 2033 876 2064 Alii
891 2045 956 2065 rem
972 2037 1162 2076 expendant:
1182 2049 1240 2069 nos
1251 2040 1347 2076 enim,
1363 2040 1447 2080 quod
1462 2050 1535 2072 nos.

806 2090 853 2115 tra
867 2087 965 2126 quivit
978 2088 1187 2126 mediocritas,
1211 2097 1342 2121 strenue
1364 2092 1536 2131 effecimus,

806 2142 837 2166 et
851 2136 1040 2170 doctioribus
1056 2141 1156 2180 parati
1169 2152 1278 2172 sumus
1294 2143 1478 2174 auscultare.

847 2198 919 2230 Ver.
937 2202 1008 2231 724.
1029 2203 1148 2233 Credis:
1168 2209 1210 2233 Π.
1224 2204 1472 2245 Credz'e.—quur‚
1486 2204 1533 2235 vel

801 2263 868 2282 cur:
890 2259 930 2283 Π.
945 2263 1004 2292 qur
1009 2267 1020 2288 ;
1050 2253 1233 2294 antiquioris
1248 2255 1418 2294 scripturae,
1437 2266 1532 2296 quam

801 2315 859 2335 nos
887 2304 1084 2343 adoptamus,
1118 2306 1250 2337 subinde
1276 2311 1528 2339 tenax—milia:

801 2357 845 2386 sic
862 2356 904 2386 V.
918 2355 965 2386 ed.
981 2356 1088 2386 redeas
1102 2357 1142 2387 ad
1157 2358 1189 2388 ii.
1209 2362 1280 2389 538.
1311 2359 1482 2389 Cledonius
1496 2359 1530 2389 in

798 2407 944 2438 Putschii
958 2407 1163 2445 collectaneis,
1179 2420 1208 2449 p.
1230 2413 1319 2441 1091.
1334 2414 1357 2428 “
1375 2410 1415 2439 In
1427 2410 1531 2448 plura-

800 2458 861 2487 “li
883 2460 964 2488 mille
987 2458 1171 2498 declinatur,
1197 2463 1297 2499 milia,
1322 2463 1452 2499 milium,
1475 2464 1532 2492 mi-

799 2514 821 2528 “
838 2511 926 2545 libus,
949 2512 1040 2540 unol
1057 2511 1192 2549 sublato3
1215 2519 1262 2550 ut,

799 2565 822 2579 “
839 2562 933 2591 Milia
948 2561 1049 2592 multa
1062 2562 1149 2592 daret
1163 2563 1299 2593 leto—‚⁷³
1326 2563 1430 2604 (Virg.
1456 2565 1530 2595 AEn.

798 2623 824 2643 v.
850 2613 936 2653 806.)
960 2613 1060 2652 Beda,
1083 2614 1122 2644 de
1145 2615 1379 2655 orthographia,
1406 2616 1478 2647 ibid.
1500 2627 1530 2656 p.

798 2667 891 2695 2559.
916 2667 937 2682 “
954 2666 1043 2695 Mille
1058 2675 1112 2704 per
1135 2665 1200 2696 duo
1220 2668 1243 2703 l,
1267 2666 1339 2696 licet
1363 2669 1451 2698 milia
1478 2678 1532 2706 per

798 2719 820 2733 “
836 2725 938 2745 unum
952 2717 964 2745 l
977 2716 1158 2746 scribatur.’‘
1207 2716 1282 2747 Alia
1297 2723 1363 2748 erat
1378 2718 1531 2749 sententia

801 2767 1016 2805 Cassiodorus,
1040 2779 1068 2806 p.
1085 2770 1179 2800 2295.

841 2829 915 2858 Ver.
933 2832 1003 2859 726.
1022 2830 1210 2860 discrimen:
1234 2829 1331 2861 Vind.
1364 2831 1402 2861 O.
1429 2832 1467 2867 Q.
1494 2836 1529 2862 Δ.

799 2882 977 2911 discrimine
984 2895 994 2915 ;
1021 2881 1252 2912 constructione
1273 2881 1402 2922 quidem
1424 2881 1531 2912 minus

799 2931 883 2969 trita,
908 2930 973 2970 sed,
996 2931 1021 2962 si
1047 2932 1184 2971 penitius
1208 2933 1361 2972 attendas,
1384 2943 1449 2964 non
1475 2933 1529 2963 de-
