1912 3292
510 207 742 256 LIBER
796 203 1176 261 QUARTUS.

135 344 188 382 70
219 341 329 383 Nam
349 345 458 381 certe
471 339 622 393 jacere,
644 350 692 376 ac
710 334 878 389 perciri,
899 332 1028 373 multa
1046 332 1230 374 videmus
1237 350 1250 381 ;

218 415 317 456 Non
338 413 467 454 solum
486 424 540 451 ex
561 409 643 450 alto
662 407 921 464 penitusque,
944 413 990 447 ut
1011 405 1190 446 diximus
1211 412 1320 454 ante,

209 489 365 529 Verum
385 485 437 526 de
457 483 624 525 summis
644 483 779 538 ipsum
799 495 963 537 quoque
983 493 1092 535 saepe
1112 479 1306 520 colorem:

72 642 266 678 ec.—Porro,
292 640 357 671 vice
379 642 480 677 citius,
508 641 546 671 B.
571 647 654 672 tutus
662 655 672 676 ;
703 645 734 671 et
750 639 797 670 M.

73 693 260 732 endopediri,
283 697 409 722 auctore
424 692 655 731 Havercampo.

116 743 198 774 Ibid.
222 745 409 783 indupediri.
454 743 506 773 De
521 743 649 773 vocibus
663 744 722 773 hoc
743 753 798 784 ge-

72 804 142 830 nus,
157 795 196 824 ab
213 793 281 825 ενδον
296 793 482 833 compositis,
500 794 647 824 nonnihil
662 794 799 825 diximus

70 845 111 876 ad
132 845 152 876 i.
167 849 219 876 85.
244 846 306 876 huc
331 845 428 876 etiam
453 845 624 876 referendae
646 852 720 876 sunt
742 857 797 886 eae,

70 906 141 937 quae
155 902 330 938 sequuntur
343 897 594 938 etymologorum
609 908 727 935 cruces,
748 900 797 929 in-

69 949 212 987 digenas,
237 948 464 989 indigenitalis‚
490 951 654 989 indigetes:
680 949 698 980 i.
715 960 740 979 e.
764 952 798 980 in

69 998 170 1038 patria
180 1002 293 1039 geniti,
309 999 358 1030 vel
372 1000 446 1030 nati.
491 1000 535 1030 Et
549 1000 630 1030 forte
644 1011 663 1030 a
677 1000 798 1039 po'eltico

71 1062 105 1081 ειν
119 1060 176 1090 pro
192 1064 217 1082 εν
232 1050 337 1081 Latini
352 1061 447 1082 suum
462 1053 539 1082 indu
554 1062 610 1091 pro
625 1053 701 1082 endo
716 1051 797 1082 deri-

69 1103 216 1134 vaverint.

115 1163 191 1193 Ver.
215 1168 265 1195 69.
288 1171 333 1195 et:
360 1164 398 1195 P.
425 1164 468 1195 V.
493 1165 541 1195 ed.
569 1165 608 1195 B.
632 1165 686 1196 Pii
710 1165 798 1196 codd.

72 1213 214 1254 quidam,
239 1221 418 1247 zea—sunt:
444 1216 486 1246 V.
517 1216 563 1246 ed.
588 1217 624 1247 Β.
647 1219 799 1247 sina—in

67 1265 191 1305 primii:
219 1266 315 1297 vind.
331 1267 372 1296 V.
388 1267 435 1297 ed.
450 1267 489 1298 L.
501 1270 625 1308 prima;
649 1267 688 1298 O.
705 1274 751 1298 Ω.
769 1274 801 1298 et

73 1316 127 1347 Pii
140 1316 270 1357 quidam
285 1317 414 1354 codices,
425 1320 530 1357 prima
542 1319 613 1354 suh,·
630 1327 694 1348 non
703 1318 795 1349 male:

71 1367 126 1397 sed
141 1367 245 1397 videas
259 1368 279 1398 i.
294 1371 366 1399 878.
418 1369 481 1398 Pro
495 1374 621 1408 queunt,
646 1375 687 1399 Π.
702 1369 797 1399 fedis-

69 1418 160 1457 sime,
175 1426 356 1459 queruntur.

114 1477 196 1508 Ibid.
214 1480 342 1510 Pauca:
361 1489 447 1517 nam,
460 1480 602 1520 quamvis
613 1479 720 1510 multae
735 1480 798 1511 sint

69 1528 230 1569 particulae
240 1529 436 1570 jaculabiles,
453 1541 518 1561 non
530 1531 674 1562 videntur
688 1531 727 1562 ad
742 1533 797 1562 has

69 1581 224 1622 imagines
253 1581 452 1612 tenuissimas
481 1582 704 1623 confingendas
733 1593 797 1613 uno

71 1637 210 1672 tempore
229 1633 345 1674 requiri
367 1633 486 1664 multae.
535 1634 704 1672 Caeterum,
727 1644 796 1664 suc-

70 1684 168 1715 cessio
177 1692 222 1714 est
231 1685 344 1715 harum
353 1685 592 1724 particularum3
601 1692 632 1716 et
641 1686 799 1716 evolantes

71 1735 141 1766 aliae
167 1735 273 1766 locum
297 1737 439 1775 praebent
460 1737 528 1766 aliis
542 1746 580 1767 ex
595 1735 675 1766 nova
689 1746 796 1776 super-

69 1787 138 1816 ficie
161 1787 336 1818 evolaturis.
382 1788 482 1818 Faber
503 1792 610 1817 autem
632 1787 798 1817 lectionem

71 1837 250 1877 evulgatam
264 1838 417 1879 coarguit,
430 1843 460 1867 et
471 1838 594 1877 reponit
607 1839 728 1868 Parva:
746 1837 798 1868 cui

71 1899 137 1919 non
148 1889 306 1919 assentior.

114 1947 187 1977 Ver.
205 1950 255 1978 70.
265 1948 375 1987 jacere
390 1959 427 1979 ac
437 1950 564 1988 perciri.
599 1948 797 1978 Postremam

68 2007 177 2028 vocem
207 2008 245 2028 ex
276 1998 455 2039 conjectura
483 1999 712 2039 rescripsimu53
743 1999 796 2030 sed

67 2048 255 2080 Lucretiana
270 2054 324 2085 est,
356 2049 442 2091 (vide
467 2049 486 2080 i.
515 2053 585 2080 215.
608 2061 637 2081 v.
656 2054 726 2081 2152.
752 2051 795 2081 iii.

67 2099 155 2139 504.)
179 2106 210 2130 et
232 2100 385 2140 optimam
410 2101 590 2131 societatem
612 2111 687 2132 cum
710 2101 798 2132 locu-

66 2150 211 2186 tionibus
233 2161 303 2192 quae
318 2158 499 2192 sequuntur,
524 2164 559 2182 ex
575 2155 648 2189 alto,
660 2155 798 2193 penitus,

68 2201 144 2239 init3
167 2212 225 2232 nec
240 2212 305 2232 non
320 2202 360 2233 ad
375 2203 490 2233 rudera
504 2203 674 2234 lectionum
700 2205 734 2234 in
759 2204 798 2234 li-

66 2254 130 2283 bris
139 2263 233 2293 quam
242 2254 383 2293 proxime
394 2255 525 2285 accedit:
542 2261 588 2285 est
596 2256 681 2285 enim
693 2256 726 2286 in
739 2257 799 2287 hoc

67 2303 137 2334 loco
153 2304 311 2335 diversitas
326 2306 525 2336 vexatissima
547 2306 716 2345 scripturae.
760 2308 798 2338 P.

70 2355 109 2386 O.
137 2362 181 2386 Ω..
197 2357 306 2396 jacere
328 2369 365 2388 ac
377 2359 542 2398 jaculari,-
569 2369 640 2398 quae
662 2364 736 2388 sunt
750 2359 799 2389 in-

68 2405 282 2437 venustissime
303 2408 474 2448 tautologa,
501 2409 689 2449 sapiuntque
705 2410 797 2440 sarci-

69 2463 210 2488 natorem
219 2459 311 2498 plane
322 2459 572 2491 inscitissimum:
592 2460 688 2491 Vind.
689 2461 798 2501 jacere

66 2520 104 2539 ac
120 2511 261 2549 ciergiri;
287 2510 329 2541 V.
345 2511 392 2541 ed.
407 2512 444 2541 L.
459 2512 568 2552 jacere
584 2523 636 2542 rea
652 2514 794 2552 ciergiri;

69 2560 120 2592 M.
139 2566 174 2592 Σ.
185 2562 295 2602 jacere
309 2573 347 2593 ac
361 2565 491 2603 vergi7·i;
515 2564 552 2594 Β.
573 2564 797 2604 acjacenterea

69 2615 206 2652 aergz'rz';
231 2617 267 2644 Δ.
283 2616 317 2644 in
334 2617 449 2645 etheria
465 2617 616 2655 ciergari;
642 2622 682 2646 Π.
690 2616 798 2656 jacere

67 2670 96 2695 et
111 2666 248 2704 ciergz'ri.
281 2666 375 2696 Forte
388 2677 429 2696 an
443 2666 538 2697 lateat
552 2667 585 2697 in
602 2667 661 2698 isto
672 2670 800 2707 cz'ergz'ri

68 2720 226 2745 vetustum
252 2716 402 2756 quiddam
426 2718 624 2755 vocabulum,
650 2719 735 2760 quod
760 2728 798 2748 ex

71 2764 195 2797 latebris
210 2777 332 2809 nequeo
344 2769 489 2809 equidem
500 2771 690 2810 protrahere.
716 2771 798 2801 Vos-

71 2814 136 2845 sius
155 2819 327 2858 proposuit,
339 2820 448 2860 jacere
470 2828 561 2861 atque
583 2823 688 2859 esem,-
714 2822 744 2853 J.
762 2822 796 2853 F.

73 2865 259 2908 Gronovius,
271 2871 381 2910 jacere
402 2883 440 2903 ac
465 2874 590 2913 invergc'.
637 2872 796 2914 Vulgares

842 637 928 675 editi,
944 637 1019 678 jaci
1043 642 1134 676 atque
1159 645 1307 674 emergere
1313 650 1324 671 ;
1357 634 1450 676 longe
1480 646 1568 667 men-

842 688 1012 719 dosissime.
1043 687 1156 717 Lector
1171 686 1219 716 vel
1234 685 1486 716 emendationem
1502 698 1570 718 me-

841 750 894 770 am
909 739 1125 779 amplectatur,
1144 737 1203 774 vel,
1219 737 1304 778 quod
1319 737 1440 776 malim,
1457 738 1496 769 de
1511 749 1569 769 suo

841 790 1030 830 probabilius
1053 788 1174 830 aliquid
1198 789 1365 829 excogitet:
1391 799 1467 819 nam
1488 789 1568 819 lam-

841 841 922 881 pada
948 841 1082 871 libenter
1105 839 1265 870 tradimus.
1324 841 1432 872 Jacere
1462 845 1569 871 autem

841 894 981 925 absolute
993 893 1131 933 ponitur,
1141 898 1177 922 ut
1191 892 1309 923 Graecis
1317 891 1494 922 consimiles
1504 892 1569 923 dic-

840 945 942 976 t10nes
957 949 1081 982 βαλλειν
1104 950 1135 974 et
1158 945 1265 986 ῥιπτειν
1288 953 1386 982 saepe:
1407 943 1476 983 jam
1497 952 1570 973 vero

842 996 1019 1027 absolutum
1034 996 1200 1026 verborum
1215 1005 1309 1025 usum
1324 994 1471 1025 Lucretio
1494 994 1570 1025 ada-

841 1054 965 1079 matum
980 1058 1045 1078 esse
1060 1047 1133 1077 satis
1150 1053 1280 1083 constat,
1293 1052 1324 1076 et
1338 1056 1395 1076 nos
1409 1056 1501 1086 super
1512 1047 1570 1077 hac

840 1100 910 1140 ipsa
920 1111 953 1131 re
964 1100 1113 1131 lectorem
1127 1100 1266 1138 repetitis
1278 1099 1395 1129 vicibus
1404 1096 1570 1128 admonui-

840 1163 924 1182 mus:
951 1151 1023 1183 vide
1041 1151 1082 1181 ad
1093 1151 1135 1181 iii.
1151 1154 1223 1180 455.
1239 1153 1315 1181 501.
1361 1150 1450 1179 Hinc
1465 1148 1572 1179 nullus

843 1205 996 1242 dubitem,
1007 1205 1085 1244 quin
1095 1204 1211 1239 Livius,
1224 1203 1264 1233 ad
1277 1203 1420 1233 codicum
1431 1202 1571 1241 plurium

844 1255 941 1285 MSS.
958 1255 1062 1291 fidem,
1077 1254 1117 1284 sit.
1127 1255 1186 1284 hoc
1201 1260 1292 1293 pacto
1304 1253 1432 1284 tandem
1444 1253 1569 1293 elegan-

843 1305 960 1336 tissime
975 1305 1198 1341 rescfibendus,
1218 1315 1290 1349 σν.
1306 1309 1359 1337 55.
1379 1309 1406 1335 l.
1431 1308 1452 1323 “
1470 1305 1571 1335 Haud

844 1361 866 1376 “
883 1357 1018 1398 segniter
1033 1357 1107 1388 inde
1123 1357 1218 1388 duces
1234 1357 1338 1394 Poeni,
1361 1357 1489 1387 fortunii
1512 1358 1570 1393 usi,

842 1413 864 1427 “
881 1409 1045 1439 confestim
1057 1420 1074 1440 e
1085 1409 1205 1449 proelio,
1216 1409 1268 1439 vix
1284 1409 1454 1440 necessaria
1468 1410 1572 1450 quiete

842 1464 864 1479 “
881 1461 954 1491 data
968 1461 1132 1499 militibus,
1146 1461 1186 1491 ad
1196 1460 1431 1491 Hasdrubalem
1442 1461 1570 1491 Hamil-

841 1516 864 1531 “
880 1513 959 1543 caris
970 1515 1101 1544 citatum
1114 1523 1230 1554 agmen
1243 1513 1369 1552 rapiunt
1374 1525 1383 1550 ;
1399 1523 1464 1543 non
1476 1513 1571 1543 dubia}

842 1567 864 1583 “
880 1575 944 1603 spe,
961 1575 1058 1605 quum
1071 1564 1329 1606 conjunoeissent,'’
1347 1567 1398 1605 (ut
1407 1569 1569 1595 nostrates:

848 1617 885 1646 W
883 1618 941 1647 lzen
956 1618 1025 1657 they
1041 1617 1147 1647 should
1159 1618 1233 1647 lzave
1238 1616 1368 1656 joined)
1386 1619 1408 1635 “
1424 1615 1572 1646 debellari

843 1670 865 1685 ‘⁸
881 1668 998 1706 posse.''
1046 1668 1162 1708 Vulgo,
1186 1677 1224 1698 ex
1246 1667 1466 1698 emendatione
1489 1669 1571 1699 Gro-

841 1718 985 1754 noviana,
1002 1719 1112 1759 juncti
1125 1725 1229 1750 essent.
1278 1719 1346 1748 Nos
1367 1719 1571 1749 sincerissime

841 1768 948 1799 locum
963 1769 1190 1799 constituimus.

883 1820 959 1851 Ver.
984 1823 1033 1851 71.
1059 1822 1261 1860 penitusque:
1289 1820 1326 1851 P.
1343 1823 1470 1861 penitus
1498 1832 1551 1853 ceu
1558 1838 1570 1859 ;

843 1878 873 1903 et
887 1873 1015 1903 fortasse
1031 1873 1154 1903 rectius.
1186 1872 1261 1903 Non
1277 1872 1366 1903 aliter
1383 1873 1493 1903 Cicero
1504 1874 1571 1904 sine

842 1922 965 1963 copula,
982 1923 1020 1954 de
1032 1923 1113 1964 legg.
1128 1924 1149 1954 i.
1161 1926 1262 1955 5.--“
1276 1923 1330 1953 sed
1337 1925 1461 1963 penitus
1473 1935 1508 1955 ex
1520 1927 1570 1956 in-

844 1979 866 1994 “
882 1972 960 2006 ιὶηιᾶ
976 1974 1171 2014 philosophia
1187 1974 1393 2005 hauriendam
1411 1974 1491 2015 juris
1508 1975 1570 2005 dis-

842 2029 864 2044 “
881 2025 1031 2064 ciplinam
1046 2024 1164 2064 putas.“

885 2077 961 2107 Ver.
979 2080 1029 2108 72.
1052 2079 1152 2116 ipsum
1167 2087 1283 2116 quoque
1299 2077 1442 2109 colorem:
1470 2080 1492 2095 “
1507 2078 1570 2117 qui,

844 2137 866 2152 ‘⁶
883 2144 984 2174 quum
1007 2133 1046 2163 sit
1069 2143 1118 2163 res
1140 2133 1326 2164 tenuissima
1348 2138 1440 2174 atque
1463 2144 1570 2173 super-

843 2189 866 2205 “
882 2186 999 2216 ficiaria
1022 2185 1254 2221 tantummodo,
1281 2186 1306 2215 si
1325 2185 1482 2225 jaculetur
1508 2186 1571 2216 for-

843 2242 866 2258 “
884 2249 954 2269 mas
969 2245 1000 2269 ct
1013 2238 1182 2279 imagines3
1206 2238 1308 2269 multo
1323 2239 1424 2279 magis
1438 2249 1508 2280 quae
1523 2249 1571 2269 so-

844 2293 866 2308 “
881 2290 995 2320 lidiora
1019 2296 1093 2320 sunt
1115 2300 1150 2320 ac
1173 2289 1326 2326 densiora,
1357 2301 1428 2320 suas
1454 2290 1571 2330 effigias

844 2343 866 2359 “
882 2340 998 2371 debent
1012 2340 1186 2372 emittere.’'
1234 2342 1285 2371 Ita
1302 2351 1392 2371 mens
1406 2341 1466 2371 loci
1487 2341 1569 2380 capi-

842 2391 934 2422 enda.

884 2443 959 2473 Ver.
971 2445 1020 2474 75.
1036 2445 1087 2473 id:
1107 2444 1144 2474 B.
1157 2445 1338 2474 ‹id—‘russa
1348 2457 1357 2473 .·
1376 2443 1416 2472 V.
1429 2442 1477 2472 ed.
1486 2449 1569 2480 tusa,-

842 2493 882 2523 B.
900 2499 963 2530 tzcs;
989 2499 1024 2524 Δ.
1047 2493 1149 2534 ‘ruffin
1178 2500 1217 2524 Π.
1241 2505 1336 2529 rura;
1361 2498 1395 2524 Σ.
1417 2504 1506 2529 rusa;
1531 2493 1570 2524 P.

840 2546 929 2587 rufa;
955 2557 1019 2577 non
1041 2547 1188 2585 deterius,
1219 2547 1244 2576 si
1260 2547 1350 2585 copia
1365 2545 1508 2576 codicum
1522 2546 1569 2577 fa-

841 2598 946 2628 visset:
973 2609 1048 2628 nam
1064 2604 1162 2629 vestes
1175 2598 1337 2635 militares,
1359 2608 1436 2638 quas
1447 2601 1571 2630 tunicas

841 2661 944 2681 russas
959 2651 1079 2681 vocavit
1093 2650 1269 2681 Trebellius
1286 2649 1399 2688 Pollio,
1422 2650 1456 2680 in
1474 2650 1568 2680 Clau-

842 2702 905 2738 dio,
927 2708 998 2733 sect.
1025 2706 1074 2733 14.
1098 2701 1254 2732 Martialis
1283 2701 1370 2743 rzqfas
1395 2708 1568 2741 nuncupat,

842 2754 902 2784 xiv.
920 2757 991 2786 129.

872 2838 958 2861 Roma
969 2836 1054 2868 magis
1065 2836 1145 2861 fuscis
1156 2836 1280 2867 vestitur,
1289 2835 1376 2861 Gallia
1386 2835 1462 2866 rufis;

902 2877 935 2901 Et
945 2876 1034 2908 placet
1046 2875 1089 2901 hic
1101 2876 1198 2908 pueris,
1209 2875 1392 2907 militibusque,
1404 2874 1486 2899 color.
