1912 3292
311 230 407 271 300

813 223 874 272 Τ.
913 223 1293 274 LUCRETII

341 359 423 396 580
455 354 708 405 Quaerimus,
730 362 771 396 et
789 355 940 412 magna
960 355 1164 411 disparsos
1183 369 1283 396 voce
1302 355 1465 397 ciemus.

456 429 540 471 Sex
559 424 698 479 etiam,
719 437 790 471 aut
809 438 977 485 septem,
999 429 1088 471 loca
1106 429 1189 471 vidi
1210 429 1380 470 reddere
1400 444 1532 478 voces,

458 502 600 545 Unam
620 517 746 558 quom
759 503 929 558 jaceres:
960 504 1017 545 ita
1036 503 1154 545 eolles
1174 503 1341 544 collibus
1361 503 1459 558 ipsei

454 575 593 618 Verba
612 577 861 632 repulsantes
879 576 1083 619 iterabant
1102 577 1213 618 dicta
1231 576 1392 618 referri.

356 737 420 768 Ηχω
430 743 579 768 πετρήεσσαν
594 733 662 768 «im.
676 738 738 767 φιλε,
751 734 835 764 Πανος
846 732 952 770 irum.

396 783 530 806 Αντιτυπον
542 780 650 813 φθογγὴν
665 785 772 813 marmur
785 791 916 814 ᾳσομινην,

354 831 479 856 naucum
493 839 629 863 wop-mm
641 834 720 856 λαλον
733 832 948 858 ΕΙΚΟΝΔ-.

358 907 432 937 ver.
449 909 526 938 576.
549 908 640 938 bone:
675 908 719 938 sic
745 908 783 939 P.
800 909 840 939 V.
866 909 913 940 ed.
938 910 978 940 B.
1010 915 1042 941 et

315 960 457 997 impense
472 957 572 998 placet
592 958 692 995 lectio,
719 965 826 999 utpote
848 959 948 990 tenori
973 970 1040 991 ver-

317 1020 412 1040 suum
427 1019 550 1041 summe
571 1020 720 1051 congrua.
769 1010 922 1042 Similiter
942 1011 983 1043 ad
996 1011 1044 1044 iii.

318 1065 390 1093 207.

347 1148 417 1179 Quae
429 1146 478 1171 tibi
488 1147 597 1179 cognita
608 1148 685 1173 resin
697 1147 800 1178 multis,
811 1149 844 1173 o!
863 1148 936 1179 bone,
947 1149 1025 1175 rebus

347 1186 428 1211 Utilis
437 1185 599 1216 invenietur,
611 1190 638 1211 et
649 1187 800 1218 obportuna
810 1187 920 1213 cluebit.

317 1265 481 1304 Horatius,
497 1271 551 1296 sat.
566 1266 597 1296 ii.
615 1271 642 1297 6.
660 1269 709 1298 95.

666 1351 737 1382 Quo,
747 1350 825 1376 bone!
844 1351 925 1381 circa.

347 1391 420 1414 Dum
433 1389 505 1419 licet,
516 1389 544 1413 in
554 1390 632 1414 rebus
639 1390 762 1420 jocundis
774 1390 835 1415 vive
846 1391 954 1416 beatus:

320 1472 411 1507 atque
423 1464 507 1496 idem
522 1475 639 1504 rursus,
655 1465 743 1505 epist.
761 1466 792 1496 ii.
807 1469 836 1497 2.
852 1468 904 1497 57.

379 1554 401 1582 1,
415 1552 495 1579 bone!
512 1559 566 1583 quo
576 1553 661 1578 virtus
672 1557 720 1578 tua
730 1556 758 1579 te
770 1556 919 1578 vocat—.

320 1627 455 1667 Reliqua
479 1627 632 1666 exempla,
659 1629 747 1663 bene;
782 1634 892 1666 praeter
917 1627 965 1658 M.
990 1626 1044 1667 qui

317 1689 397 1709 vene.
444 1677 505 1707 Sed
527 1677 628 1707 multo
650 1677 816 1716 proclivius
829 1679 927 1708 abiret
949 1677 1045 1707 rarior

318 1740 377 1760 vox
392 1731 465 1760 bone
479 1729 512 1758 in
535 1729 680 1759 usitatius
701 1731 784 1767 bene,
806 1739 862 1768 per
875 1729 1044 1760 scribarum

319 1791 445 1818 manus,
483 1791 578 1821 quam
610 1780 967 1812 vicissim—rationem.-
1003 1781 1044 1812 B.

318 1834 583 1872 ‘tatiana—possis
597 1833 683 1862 abest
697 1832 739 1863 V.
755 1832 803 1863 ed.

363 1893 438 1922 Ver.
454 1895 526 1924 579.
547 1893 675 1923 montez's
689 1903 805 1932 opacos.
851 1892 954 1929 Maro,
972 1893 1046 1923 AEn.

320 1948 363 1978 iii.
380 1950 454 1978 508.

351 2032 394 2057 Sol
405 2032 458 2056 ruit
469 2031 581 2061 interea,
592 2034 620 2056 et
631 2034 723 2056 montes
733 2031 894 2056 umbrantur
903 2031 982 2062 opaci.

321 2107 386 2137 Ubi
415 2116 479 2136 non
508 2105 623 2135 frustra
649 2105 786 2146 loquitur
811 2105 850 2136 de
878 2107 1044 2142 moutlbus;

319 2164 429 2198 utpote
450 2158 483 2187 in
507 2157 622 2197 quibus
644 2156 699 2187 lux
725 2156 846 2187 diutius
869 2167 1047 2196 repercussa

321 2211 471 2241 cernitur:
492 2209 645 2250 significat
661 2209 757 2249 igitur
767 2209 955 2249 profundam
972 2220 1046 2240 noc-

321 2261 544 2297 tem—Porro,
570 2261 604 2291 in
627 2262 750 2299 nostn‘s,
778 2268 819 2292 Π.
845 2262 937 2292 habet
964 2273 1046 2297 uam,

321 2323 379 2353 pro
393 2324 499 2353 quom:
526 2317 556 2342 et
570 2321 644 2342 mox
662 2312 709 2342 M.
732 2323 862 2352 magnus
876 2315 1029 2353 dispersus
1034 2328 1045 2350 ;

324 2365 377 2395 sed
393 2362 598 2404 superscripta
613 2363 684 2394 vera
699 2363 841 2394 lectione.

363 2425 439 2455 Ver.
456 2427 530 2455 580.
553 2430 580 2454 et
596 2423 709 2464 maguti
724 2435 791 2455 voce
807 2427 927 2455 ciemus.
961 2423 1048 2454 Hinc

324 2477 428 2508 hausit
442 2475 527 2506 idem
543 2475 708 2516 Virgilius,
726 2475 766 2506 ad
785 2477 856 2506 AEn.
873 2475 919 2506 iii.
937 2479 988 2506 68.

704 2562 876 2592 animamque
886 2561 1008 2593 sepulcro

354 2602 513 2631 condimus,
523 2605 547 2625 et
557 2601 652 2633 magud
662 2607 820 2633 supremum
832 2607 897 2625 voce
905 2600 1008 2624 ciemus.

326 2683 436 2720 Porro,
460 2684 586 2722 phrasin
608 2694 705 2715 vocem
717 2684 826 2724 jacere
844 2682 995 2713 dedimus
1013 2691 1047 2712 o-

323 2743 428 2773 peram
444 2733 596 2764 illustrare
611 2734 651 2765 ad
667 2735 777 2774 Eurip.
797 2734 892 2764 Herc.
903 2733 963 2763 fur.
978 2736 1047 2763 146.

326 2783 441 2814 Alcest.
469 2787 540 2814 691.
571 2785 640 2815 Ion.
667 2787 739 2817 977.
773 2785 917 2815 Valerius
944 2783 1048 2814 Maxi-

324 2844 407 2872 mus,
432 2833 450 2863 i.
476 2836 505 2864 5.
524 2838 619 2865 9.-“
635 2835 801 2866 fortuitum
820 2837 944 2877 jactum
969 2836 1048 2866 vocis

324 2889 346 2904 “
362 2885 426 2915 leto
441 2895 498 2916 suo
512 2886 736 2917 confirmavit.''

324 2937 388 2968 His
401 2943 516 2975 autem,
543 2947 612 2978 quae
634 2937 800 2970 Lucretius
819 2937 859 2968 de
879 2947 952 2968 rure
966 2946 1045 2976 prae-

1082 731 1175 770 dicat,
1190 731 1318 762 innixus
1332 730 1496 771 Apuleius,
1511 730 1545 760 in
1560 735 1632 761 met.
1647 740 1674 761 v.
1691 740 1718 769 p.
1730 732 1805 762 354.

1082 783 1210 822 pulchre
1225 782 1312 813 dicit:
1341 786 1363 801 “
1378 783 1504 812 —ruris
1518 781 1613 822 hujus
1634 782 1743 812 vocalis
1757 791 1804 812 so·

1085 837 1107 853 “
1121 833 1295 865 IiludO—-n

1127 884 1200 915 Ver.
1216 887 1287 915 581.
1309 886 1375 915 vidi
1395 885 1536 915 reddere.-
1568 883 1607 914 L.
1636 884 1683 914 M.
1705 884 1809 914 videre

1083 938 1171 967 odore
1177 951 1188 972 ,-
1212 935 1297 966 unde
1310 934 1389 965 nihil
1404 945 1491 965 eruo:
1518 940 1549 966 et
1567 935 1608 965 ad
1629 936 1714 965 hunc
1734 944 1805 964 mo-

1083 986 1162 1018 dum
1179 992 1215 1017 Δ.
1231 995 1354 1016 versum
1369 985 1506 1015 exhibet:

1115 1063 1170 1087 Sex
1179 1061 1262 1086 etiam
1273 1063 1321 1086 aut
1330 1063 1434 1092 septem
1445 1065 1521 1083 voces
1531 1058 1584 1083 loca
1598 1058 1672 1083 odore
1680 1057 1744 1083 loca.

1125 1126 1201 1156 Ver.
1217 1128 1291 1157 582.
1305 1126 1409 1156 colles:
1437 1124 1475 1155 B.
1487 1125 1574 1155 colles
1587 1124 1814 1154 et.—collibus.·-

1085 1177 1181 1208 Vind.
1193 1177 1461 1216 callibus-apsa·
1487 1175 1523 1206 P.
1537 1174 1635 1206 Vind.
1651 1175 1692 1206 V.
1707 1174 1754 1205 ed.
1771 1174 1815 1205 B.

1086 1232 1169 1270 ipsis.

1129 1283 1205 1313 Ver.
1231 1284 1301 1313 585.
1323 1282 1528 1321 repulsantes:
1563 1279 1599 1310 P.
1624 1279 1665 1310 V.
1694 1278 1741 1310 ed.
1772 1279 1813 1313 Β.

1083 1335 1294 1376 propulsantes
1300 1347 1312 1368 ‚-
1337 1332 1422 1374 quod
1447 1332 1525 1362 mihi
1550 1341 1623 1362 vero
1647 1330 1749 1361 simile
1764 1330 1813 1360 vi-

1087 1386 1190 1423 detur,
1215 1383 1347 1414 sciolum
1374 1383 1511 1424 aliquem
1535 1382 1682 1422 primitus
1706 1387 1810 1412 muta-

1087 1437 1175 1473 visse,
1199 1447 1240 1466 ne
1262 1435 1388 1466 numeri
1402 1439 1575 1474 peccarent,
1598 1439 1634 1464 ut
1649 1434 1714 1473 ipse
1729 1433 1815 1463 male

1087 1489 1311 1528 suspicabatur:
1338 1486 1407 1517 vide
1428 1496 1489 1516 ver.
1510 1488 1578 1518 195.
1601 1487 1660 1515 hoc
1683 1485 1814 1516 libro.—

1086 1541 1215 1581 rqferri:
1251 1538 1345 1569 Vind.
1368 1537 1492 1578 rqf'erre,
1526 1542 1562 1566 ut
1589 1536 1694 1576 plures
1722 1535 1815 1573 editi,-

1088 1591 1246 1628 collatore,
1283 1595 1330 1620 sat
1370 1588 1445 1625 scio,
1481 1588 1595 1619 iterum
1631 1587 1816 1618 dormiente.

1090 1642 1179 1674 Ordo
1196 1646 1258 1671 est:
1286 1643 1308 1658 “
1327 1640 1377 1670 Ita
1398 1639 1503 1677 colles,
1526 1638 1716 1678 repulsantes
1730 1637 1817 1668 dicta

1092 1697 1114 1712 “
1130 1694 1234 1730 verba,
1258 1691 1409 1722 iterabant
1424 1690 1556 1721 referri’'
1575 1690 1609 1732 (i.
1626 1700 1651 1720 e.
1679 1691 1752 1721 ὥστε
1767 1699 1818 1719 re·

1088 1744 1170 1780 ferri,
1187 1744 1231 1774 ita
1245 1749 1281 1773 ut
1295 1742 1500 1782 referrentur)
1523 1745 1547 1760 “
1562 1741 1724 1772 collibus.”
1759 1740 1818 1771 In-

1088 1803 1182 1832 terea,
1198 1805 1250 1826 me
1265 1804 1449 1834 persuasum
1463 1794 1572 1830 habeo,
1595 1803 1702 1823 versus
1714 1802 1733 1823 a
1747 1792 1815 1824 Lu»

1089 1848 1175 1879 cretii
1190 1857 1288 1877 manu
1303 1846 1347 1877 sic
1362 1845 1492 1885 scriptos
1506 1843 1695 1884 provenisse:

1376 1922 1414 1947 ita
1424 1921 1505 1947 colles
1515 1921 1626 1946 collibus
1635 1919 1710 1953 ῐρεεῑ,

1152 1964 1238 1988 Verba
1249 1961 1423 1994 repulsantes,
1431 1960 1554 1985 curabam
1565 1960 1638 1984 dicta
1648 1959 1751 1984 referri.

1093 2025 1246 2057 Consulas
1260 2024 1338 2055 mihi
1353 2029 1459 2054 notata
1472 2022 1575 2058 modo,
1601 2022 1641 2052 ad
1661 2031 1723 2052 ver.
1742 2025 1816 2054 246.

1089 2085 1121 2109 et
1145 2087 1271 2109 mecum
1295 2076 1402 2106 facies:
1437 2085 1511 2105 nam
1538 2074 1647 2105 durior
1668 2080 1714 2104 est
1738 2084 1814 2105 con-

1090 2129 1218 2159 structio
1243 2127 1442 2168 vulgatorum
1466 2135 1528 2164 prae
1547 2124 1726 2155 Lucretiani
1752 2135 1815 2155 ser-

1091 2180 1195 2210 monis
1208 2178 1362 2213 facilitate,
1379 2183 1410 2207 et
1424 2176 1523 2206 nimia
1537 2175 1746 2206 consimilium
1762 2185 1816 2206 vo.

1091 2230 1272 2261 cabulorum
1294 2228 1467 2269 congeries:
1494 2237 1564 2267 quae
1586 2232 1692 2256 tamen
1712 2226 1818 2257 nescio

1091 2292 1131 2312 an
1147 2279 1349 2320 vituperanda
1365 2279 1404 2309 sit
1425 2279 1458 2308 in
1474 2283 1520 2308 tot
1539 2287 1688 2308 sonorum
1703 2277 1816 2316 repeti·

1091 2333 1175 2363 tione
1198 2330 1391 2362 declaranda.

1135 2383 1215 2414 Ibid.
1248 2383 1435 2422 repulsantes
1460 2381 1556 2411 colles.
1612 2379 1686 2410 Non
1714 2378 1818 2410 multo

1091 2434 1180 2465 aliter
1195 2433 1362 2474 Virgilius,
1384 2431 1458 2461 AEn.
1474 2430 1536 2460 viii.
1551 2432 1624 2461 505.

1122 2509 1258 2533 Consonat
1269 2513 1351 2532 omne
1367 2512 1461 2531 nemus
1475 2505 1599 2537 strepitu,
1617 2503 1742 2536 collesque
1758 2511 1798 2529 re·

1245 2546 1350 2570 sultam.

1135 2615 1215 2646 Ibid.
1239 2618 1331 2646 dicta.
1375 2615 1472 2655 Lego,
1495 2620 1551 2645 aut
1564 2616 1636 2654 ipsi,
1659 2613 1812 2652 autipsa:

1091 2666 1161 2697 vide
1176 2677 1237 2696 ver.
1254 2670 1325 2698 558.
1361 2666 1441 2703 Imo,
1468 2670 1491 2684 “
1506 2665 1637 2696 collibus
1660 2666 1723 2696 icta
1748 2672 1814 2694 ver-

1094 2721 1116 2736 “
1133 2718 1203 2748 ba.”
1247 2717 1336 2748 Pedo
1353 2717 1583 2748 Albinovanus:

1121 2791 1165 2815 'Te
1184 2789 1302 2814 clamore
1319 2793 1418 2814 vocant
1435 2789 1588 2819 iterumque
1602 2787 1756 2820 iterumque
1771 2794 1814 2813 su-

1246 2836 1352 2860 premo:

1153 2870 1188 2895 At
1201 2875 1267 2898 vox,
1277 2868 1392 2893 adversis
1402 2867 1512 2893 collibus
1521 2866 1581 2897 icta,
1594 2867 1671 2893 redit.

1090 2934 1246 2975 Virgilius
1261 2933 1365 2965 etiam.
1383 2932 1437 2965 ecl.
1453 2932 1491 2963 vi.
1509 2935 1557 2963 84,
