1912 3292
457 244 691 295 LIBER
737 237 1124 298 QUARTUS.

1449 236 1541 277 369

48 389 152 426 1035
185 382 313 433 Quod
333 378 451 422 simul
469 371 592 431 atque
612 376 693 415 suis
713 373 886 427 ejectum
913 366 1075 408 sedibus
1095 366 1194 416 exit,

190 451 272 500 Per
291 444 475 497 membra
494 458 616 504 atque
636 455 748 488 artus
768 441 929 484 decedit
949 454 1122 494 corpore
1141 447 1244 489 toto,

191 533 243 573 In
261 531 358 571 loca·
370 524 614 568 conveniens
635 532 857 561 nervorum
877 522 988 556 certa
995 532 1008 564 3
1041 514 1200 567 cietque

194 603 404 646 Continuo
422 597 574 654 parteis
593 592 803 652 genitaleis
824 587 1007 644 corporis
1027 586 1152 641 ipsas:

192 677 366 719 Inritata
384 680 546 715 tument
564 671 654 711 loca
673 667 842 715 semine,
864 663 992 718 fitque
1012 660 1200 701 voluntas

58 759 162 795 1040
193 751 340 793 Eicere
359 749 417 799 id,
441 762 524 803 quo
545 761 586 787 se
606 741 818 786 contendit
838 739 929 780 dira
947 735 1106 778 lubido:

95 910 169 940 Ver.
187 911 278 940 1052.
300 908 427 937 adulta:
452 905 496 935 sic
512 905 547 935 P.
563 903 662 934 solus:
684 899 781 931 Vind.

55 963 96 994 V.
112 962 159 992 ed.
176 962 213 991 B.
229 961 266 991 L.
288 969 387 990 manu
407 955 553 992 secunda,
578 962 619 986 Π.
635 959 670 986 Σ.
688 960 732 984 Ω.
754 960 782 983 ec

52 1017 132 1050 ve'!a;
157 1014 205 1043 M.
231 1008 356 1052 adjut&
391 1010 430 1040 O.
457 1020 472 1040 e
494 1011 573 1044 vita;
600 1012 634 1037 Δ.
658 1012 686 1037 et
707 1007 783 1035 ulta.

54 1065 119 1095 Tot
132 1069 239 1094 autem
254 1060 521 1092 dissimilitudines
543 1058 624 1088 nihil
645 1057 732 1088 dubii
745 1055 784 1086 de

55 1116 188 1146 lectione
203 1112 341 1154 genuina
358 1111 472 1142 debent
486 1110 621 1150 injicere.

97 1168 172 1197 Ver.
192 1169 282 1196 1035.
304 1166 402 1195 alias:
429 1162 529 1192 Vind.
556 1168 596 1191 Π.
616 1162 714 1194 alc'us;
743 1158 783 1188 O.

58 1224 93 1250 Δ.
110 1223 145 1249 Σ.
163 1223 207 1248 Ω.
230 1215 492 1250 alz'is.—lacessz't,·
517 1219 558 1243 Π.
573 1214 711 1246 Iacesset;
739 1215 784 1239 Ω.

59 1272 183 1302 lotessz't.

100 1323 176 1352 Ver.
195 1323 286 1352 1055.
318 1321 461 1361 ejectum.-
490 1318 532 1348 V.
555 1317 602 1352 ed.
626 1317 663 1346 B.
699 1314 784 1345 exhi-

59 1376 141 1409 bent,
159 1379 301 1404 erectum.

102 1425 176 1454 Ver.
194 1426 289 1454 1056.
310 1422 446 1452 decedit:
472 1429 586 1458 nempe
600 1418 731 1455 deloco,
754 1416 788 1445 in

60 1486 124 1518 quo
149 1475 221 1512 fuit,
244 1476 359 1513 migrat
380 1482 436 1512 per
456 1478 560 1502 totum
583 1480 712 1508 corpus;
735 1467 790 1498 sed

59 1528 162 1568 aptius
197 1533 303 1556 tamen
338 1523 526 1564 putavissem
562 1525 688 1561 egomet
719 1519 788 1559 jam

61 1589 148 1611 nunc
161 1579 306 1609 discedit:
332 1576 350 1606 i.
367 1585 393 1605 e.
417 1575 450 1603 in
473 1572 570 1603 varias
589 1576 691 1610 partes
714 1570 787 1604 abit,

62 1629 258 1670 dispergitur.
302 1625 457 1665 Virgilius
494 1629 609 1658 autem,
650 1621 725 1652 AEn.
762 1630 789 1650 v.

65 1685 136 1712 685.
155 1678 231 1710 dum
247 1678 320 1708 satis
334 1682 440 1707 tuetur
454 1674 674 1714 proprietatem
691 1672 791 1711 ipsam

63 1731 149 1762 verbi
163 1732 292 1767 decedit,
316 1729 398 1758 favet
418 1736 511 1766 porro
526 1723 706 1764 suspicioni,
725 1722 791 1752 Lu-

67 1783 199 1814 cretium
213 1780 366 1820 scripsisse
381 1779 551 1809 descendit.-

355 1855 403 1876 toto
414 1849 538 1875 descendit
547 1853 646 1881 corpore
656 1847 746 1880 pestis.

70 1928 145 1958 Hoc
159 1925 345 1957 vocabulum
361 1933 435 1954 cum
452 1922 522 1952 loco
536 1920 726 1951 Lucretiano
740 1928 794 1957 op-

69 1981 145 2010 time
173 1976 378 2008 convenisset:
408 1979 439 2005 et
461 1975 604 2004 descendo
627 1973 797 2010 decedoque

69 2031 237 2070 saepissime
252 2032 487 2059 commutantur
493 2036 502 2062 ;
519 2023 602 2065 quod
617 2032 712 2053 nemo
727 2031 797 2051 nes-

71 2082 121 2113 cit.

116 2135 193 2164 Ver.
213 2135 303 2164 1057.
326 2134 390 2162 loca
407 2140 583 2161 nervorum:
609 2127 712 2157 videre
730 2125 797 2167 jus-

73 2186 165 2218 serim
181 2186 262 2215 Hor.
278 2183 366 2223 epod.
382 2182 434 2212 xii.
455 2185 501 2213 19.

114 2239 191 2268 Ver.
209 2239 300 2267 1059.
322 2236 478 2266 Inritata:
506 2239 547 2263 Π.
563 2233 732 2262 Intentata.

117 2288 198 2318 Ibid.
220 2288 375 2317 Inritata:
400 2285 421 2315 i.
442 2294 467 2314 e.
491 2295 659 2321 κεκνισμενα
682 2293 800 2321 ’γαργα-

76 2349 197 2380 acopon.
243 2338 325 2368 Rem
346 2337 391 2366 sic
412 2335 502 2366 aliter
517 2333 644 2365 Persius
666 2331 802 2363 declara-

77 2391 133 2430 vit,
155 2395 210 2420 sat.
226 2390 246 2418 i.
263 2391 316 2419 21.

425 2466 489 2484 cum
501 2458 620 2483 carmina
630 2457 755 2481 lumbum

109 2507 227 2533 Intraum,
237 2507 265 2528 et
274 2502 393 2528 tremulo
401 2501 550 2533 scalpuntur
555 2499 601 2525 ubi
611 2498 708 2522 intima
715 2503 804 2522 versu.

84 2577 136 2608 Ab
149 2576 199 2605 his
224 2580 330 2605 autem
354 2572 505 2603 curiosius
530 2568 721 2600 illustrandis
742 2573 807 2598 stu-

81 2628 168 2658 diose
183 2625 341 2656 calamum
363 2623 564 2659 abstinemus,
587 2631 627 2650 ne
648 2620 682 2650 in
696 2619 808 2649 severi-

81 2690 174 2711 orum
203 2678 430 2708 monachorum
459 2673 732 2713 reprehensionem
760 2671 808 2700 in-

83 2741 262 2768 curramus,
285 2728 426 2770 quamvis
451 2735 632 2757 censeamus
653 2724 723 2764 ipsi,
753 2732 811 2752 nec

83 2782 201 2818 omnia,
219 2791 278 2812 nec
292 2791 400 2810 rursus
414 2778 502 2815 nihil,
525 2788 562 2808 ea
576 2787 653 2816 esse,
676 2786 747 2818 quae
761 2785 810 2806 ce-

84 2836 194 2867 cinerit
210 2835 364 2866 Catullus:

117 2910 186 2933 Nam
195 2911 300 2933 castum
311 2915 366 2933 esse
377 2909 456 2933 decet
466 2906 540 2938 pium
551 2905 662 2937 po'etam

118 2950 224 2981 ipsulm
242 2948 383 2975 versiculos
394 2947 458 2972 nihil
471 2953 576 2972 necesse
587 2948 638 2973 est:

856 895 910 927 Qui
920 899 981 919 tum
994 892 1108 923 denique
1120 891 1219 915 habent
1231 889 1326 918 salem,
1339 894 1369 912 ac
1381 887 1510 919 leporem,

856 936 882 960 Si
895 934 946 959 sint
957 932 1096 961 molliculi,
1110 937 1140 954 ac
1152 936 1247 962 parum
1259 928 1366 960 pudici:

828 1012 859 1037 et
872 1006 966 1036 illum
982 1009 1105 1034 secutus
1120 1000 1290 1031 Martialis:

858 1081 991 1104 Innocuos
1002 1082 1113 1102 censura
1123 1077 1212 1106 potest
1223 1072 1380 1104 permittere
1391 1071 1474 1095 lusus:

889 1117 1000 1143 Lasciva
1012 1120 1052 1142 est
1063 1114 1137 1140 nobis
1148 1114 1254 1146 pagina,
1267 1112 1323 1136 vita
1333 1112 1417 1142 proba
1427 1114 1477 1135 est.

830 1189 892 1220 Sed
906 1190 939 1218 in
954 1190 1014 1217 hoc
1036 1190 1223 1226 argumento
1237 1181 1469 1222 praeclarissime
1491 1190 1559 1210 ver-

828 1248 912 1271 satus
928 1239 980 1269 ille
1002 1245 1058 1273 est,
1081 1237 1134 1277 qui
1157 1245 1257 1276 genus
1279 1235 1455 1263 humanum
1470 1232 1559 1270 inge·

829 1292 884 1322 nio
909 1288 1075 1329 superavit,
1110 1286 1286 1317 Miltonum
1313 1284 1394 1320 dico,
1425 1282 1458 1311 in
1488 1282 1560 1311 Par.

831 1343 932 1373 amiss.
947 1342 988 1371 iv.
1007 1342 1188 1370 512-521,
1212 1336 1303 1377 cujus
1316 1335 1437 1365 divinos
1457 1344 1562 1363 versus

831 1394 926 1424 velim
941 1392 1092 1432 perlegas,
1115 1396 1147 1420 et
1169 1389 1241 1419 imis
1259 1387 1408 1422 sensibus,
1432 1396 1480 1415 res
1495 1395 1560 1415 non

832 1455 926 1485 parva
943 1449 997 1479 est,
1013 1441 1170 1472 recondas.

878 1496 951 1525 Ver.
971 1497 1061 1524 1040.
1085 1494 1211 1523 Eicere:
1241 1490 1283 1520 sic
1313 1489 1425 1519 diserte
1450 1488 1487 1517 L.
1515 1487 1563 1517 M.

831 1556 908 1587 quos
935 1543 1109 1575 audiendos
1132 1541 1260 1581 putavi3
1287 1540 1394 1579 vulgo,
1422 1539 1562 1579 Efficere.-

832 1598 904 1628 vide
933 1597 975 1627 iii.
1010 1599 1080 1627 890.
1103 1604 1161 1624 nos
1189 1592 1230 1623 ad
1260 1592 1292 1622 ii.
1322 1594 1392 1622 195.
1423 1595 1454 1620 et
1482 1589 1565 1619 alibi.

836 1650 998 1681 Glossator
1025 1652 1127 1676 vetus:
1167 1649 1192 1663 “
1212 1644 1315 1680 Eicio,
1345 1643 1564 1673 cavazzanae-m

836 1705 858 1721 “
875 1702 974 1738 Εἰείι,
992 1699 1162 1729 εκέαλλει.”
1210 1695 1355 1726 Occurrit
1369 1694 1464 1723 etiam
1478 1694 1567 1723 eicilo

835 1754 870 1783 in
884 1751 992 1791 priscis
1006 1750 1128 1790 legibus
1145 1748 1374 1777 Romanorum.

882 1801 962 1833 Ibid.
987 1812 1044 1841 quo
1066 1811 1095 1830 se
1118 1800 1289 1830 contendit.-
1314 1796 1363 1826 vel
1385 1797 1565 1834 interprete-

838 1855 880 1884 ris
897 1853 981 1890 licet,
999 1855 1020 1870 ‘⁴
1038 1851 1078 1881 ad
1092 1860 1186 1890 quern
1201 1849 1307 1878 locum
1322 1858 1354 1877 se
1368 1846 1481 1884 cupide
1495 1856 1566 1885 pro-

840 1910 863 1924 “
878 1903 1021 1941 movet;’'
1038 1902 1087 1932 vel
1101 1911 1217 1937 rursus,
1235 1904 1256 1918 “
1270 1910 1332 1940 quo
1347 1910 1380 1929 se
1391 1898 1568 1929 distendit.‘’

842 1958 916 1988 Hoc
931 1957 996 1996 ipse
1011 1955 1188 1995 praeferam:
1213 1952 1284 1983 vide
1304 1961 1366 1982 ver.
1383 1953 1453 1982 807.
1477 1960 1566 1989 supe-

840 2010 915 2040 rius.

885 2059 966 2091 Ibid.
988 2061 1058 2089 dira
1075 2059 1188 2088 lubido.
1232 2056 1336 2092 Maro,
1352 2064 1419 2094 geo.
1438 2053 1456 2084 i.
1471 2056 1522 2084 57.

903 2134 958 2158 Nec
969 2131 1018 2156 tibi
1027 2130 1157 2163 regnandi
1168 2129 1259 2154 veniat
1270 2131 1328 2153 tam
1340 2127 1398 2151 dira
1409 2126 1508 2159 cupido.

844 2210 867 2226 “
882 2207 967 2237 Dira
982 2209 1096 2239 autem,
1112 2213 1168 2242 pro
1179 2212 1301 2241 magna,
1317 2199 1367 2229 vel
1380 2197 1572 2230 velzemens:”

846 2258 979 2288 Servius.
1026 2256 1076 2286 Sic
1093 2255 1146 2284 ille
1162 2255 1368 2287 Mantuanus,
1385 2257 1416 2281 et
1430 2250 1496 2287 alii,
1517 2260 1573 2278 sae-

845 2309 978 2348 pissime.
1024 2307 1099 2336 Hoc
1114 2311 1219 2336 autem
1235 2304 1309 2333 hinc
1324 2303 1416 2332 habet
1437 2301 1574 2340 proprie-

846 2366 943 2390 tatem
958 2368 1056 2395 suam,
1079 2357 1164 2398 quod
1178 2367 1299 2395 magnae
1321 2352 1483 2392 cupidines
1502 2354 1573 2382 dira

847 2412 952 2443 moliri
966 2410 1094 2441 soleant.
1136 2407 1324 2440 Consimilia
1338 2405 1452 2445 passim
1468 2405 1575 2434 obver-

849 2468 966 2499 santur,
991 2464 1075 2493 labor
1091 2462 1253 2501 improbus,
1277 2469 1362 2488 amor
1387 2459 1523 2492 insanus,
1547 2462 1582 2485 et-

849 2515 967 2556 reliqua
981 2516 1041 2545 hoc
1056 2524 1169 2555 genus:
1198 2521 1268 2552 quae
1283 2508 1417 2550 gemella
1438 2513 1511 2538 sunt
1525 2517 1579 2537 ex-

851 2566 1005 2606 positione
1020 2563 1216 2598 declaranda,
1243 2567 1275 2591 et
1299 2560 1389 2590 nobis
1412 2559 1486 2589 alibi
1506 2564 1579 2589 sunt

851 2618 922 2657 plus
938 2615 1047 2654 semel,
1063 2615 1123 2645 nisi
1138 2614 1285 2648 fallimur,
1302 2610 1461 2650 explicata.

855 2671 1025 2705 Caeterum,
1053 2673 1122 2708 post
1135 2668 1220 2697 hunc
1238 2674 1376 2701 versum,
1402 2662 1456 2703 qui
1478 2661 1582 2702 sequi·

853 2730 906 2755 tur
927 2723 1010 2754 male
1032 2722 1161 2752 iteratur
1182 2720 1215 2749 in
1242 2719 1277 2750 P.
1293 2716 1391 2748 Vind.
1407 2717 1451 2746 V.
1468 2715 1516 2746 ed.
1533 2714 1580 2746 M.

858 2776 897 2808 Ο.
915 2782 960 2806 n..

888 2857 987 2883 Incitat
1000 2856 1105 2881 irritans
1115 2854 1174 2879 loca
1185 2852 1292 2884 turgida
1302 2850 1404 2876 semine
1414 2849 1512 2874 multo.

902 2931 976 2960 Ver.
995 2931 1084 2959 1042.
1109 2927 1193 2957 Rem
1210 2924 1338 2955 feliciter
1361 2921 1494 2952 illustrat
1513 2916 1583 2948 soli-
