1912 3292
496 228 728 278 LIBER
780 227 1130 277 TERTIUS.

1472 237 1559 276 131

220 361 450 404 Discidium
469 359 605 408 suerit,
628 358 774 414 quibus
795 373 818 398 e
838 372 975 398 sumus
995 358 1132 398 uniter
1152 359 1278 412 aptei3

223 435 381 477 Scilicet
399 432 511 474 haud
530 432 649 473 nobis
669 432 909 488 quidquam,
932 432 1026 487 quei
1045 446 1129 472 non
1151 432 1301 472 erimus
1321 438 1424 482 tum,

221 507 424 550 Adcidere
445 507 615 547 omnino
635 507 801 562 poterit,
834 521 1078 561 sensumque
1097 520 1276 545 movere:

217 582 331 630 Non,
353 580 386 620 si
404 587 514 621 terra
533 580 638 621 mari
657 580 909 630 miscebitur,
942 588 983 621 et
1002 594 1116 620 mare
1137 578 1253 620 coelo.

74 739 96 756 “
112 742 144 767 et
168 735 306 766 ferarum
329 734 443 765 cubilia
469 735 637 775 petivere.’'
683 736 801 777 Vulgo,

69 798 151 827 pecu.
175 797 308 826 agroque
333 788 466 821 deser605
492 796 643 828 perquam
669 787 797 828 frigide:

72 849 110 869 ex
123 838 258 868 aliorum
273 848 345 868 vero
359 838 506 868 codicum
522 838 683 878 scriptura,
707 850 802 879 quam

72 900 129 920 nos
143 889 441 929 repraesentavimus,
465 890 571 920 emnia
595 898 668 920 sunt
693 891 733 921 ad
756 891 801 920 vi-

73 951 149 972 vum
164 941 293 980 pulchre
307 940 454 979 colorata,
480 948 511 971 et
532 941 673 972 oratione
689 942 801 973 ασυνδε-

74 1006 115 1033 τῳ
140 992 304 1032 trepidatio
330 992 385 1022 illa
413 993 598 1023 universalis
623 993 801 1024 felicissime

73 1043 274 1084 significatur.
321 1043 407 1079 Quid
430 1043 474 1074 ibi
489 1044 582 1074 vellet
598 1045 800 1083 Schwarzius‚

73 1105 139 1125 non
155 1095 302 1135 equidem
316 1095 467 1136 intelligo.

118 1146 200 1177 Ibid.
222 1148 275 1177 sub
291 1148 362 1177 altis
377 1149 497 1178 oetheris
512 1149 608 1178 auris.
633 1147 724 1178 Idem
740 1148 803 1188 sig-

75 1197 213 1228 nificavit
237 1198 287 1228 his
312 1199 412 1229 verbis
436 1199 645 1239 Mantuanus,
670 1200 745 1230 AEn.
771 1199 802 1230 ii.

77 1252 150 1280 512.

334 1313 461 1344 nudoque
470 1313 515 1337 sub
529 1313 627 1338 aetheris
636 1319 697 1338 axe.

120 1381 193 1412 Ver.
209 1385 281 1412 848.
296 1385 355 1413 In:
382 1383 478 1413 Vind.
495 1383 535 1413 V.
562 1383 609 1414 ed.
636 1387 673 1414 Δ.
698 1387 734 1415 Σ.
759 1389 802 1414 Ω.

76 1435 338 1464 M'.—utrorum.·
363 1434 405 1464 V.
421 1435 469 1465 ed.
485 1436 522 1465 Β.
540 1442 674 1475 utroque.

117 1484 199 1516 Ibid.
211 1485 323 1526 fuere.-
349 1496 462 1526 nempe
476 1489 621 1525 homines,
645 1486 694 1518 vel
708 1497 804 1518 mun-

71 1535 131 1567 dus
159 1536 345 1574 universus3
371 1537 426 1578 qui
457 1548 526 1569 mos
555 1544 602 1568 est
630 1538 804 1578 purissimis

71 1589 278 1628 scriptoribus.
322 1590 469 1621 Editores
480 1597 593 1628 autem,
606 1592 660 1632 qui
671 1591 726 1622 sibi
737 1592 802 1622 Lu-

72 1641 168 1671 cretio
183 1640 343 1680 peritiores
358 1641 554 1681 videbantur,
572 1649 603 1674 et
617 1644 804 1675 Latinarum

74 1692 302 1733 elegantiarum
316 1693 411 1734 longe
422 1695 629 1730 callentiores,
641 1697 726 1726 hunc
735 1707 802 1727 ver-

75 1754 147 1774 sum
169 1745 422 1785 arrogantissime
441 1747 645 1786 refinxerunt,
669 1758 707 1778 ex
721 1749 802 1779 arbi-

75 1796 137 1825 trio
150 1802 350 1835 reponentes:

75 1863 107 1886 ln
118 1862 254 1894 dubioque
261 1863 333 1895 fuit,
348 1864 394 1888 sub
410 1867 535 1889 utrorum
547 1872 629 1897 regna
640 1866 802 1892 cadendum.

77 1919 185 1955 Quam
199 1920 423 1953 temeritatem!
449 1933 525 1963 quas
539 1923 703 1955 inficetias!

117 1971 201 2002 Ibid.
227 1975 269 2003 ad
283 1985 379 2013 regna
396 1976 583 2006 cadundum.
630 1976 806 2007 Translatio

73 2027 121 2053 est
135 2024 174 2053 ab
189 2023 321 2055 aedificio
335 2031 467 2057 nutante
482 2033 513 2057 et
528 2027 649 2058 ruituro
665 2034 804 2067 sumpta;

74 2073 163 2115 quod
183 2075 304 2105 nescias
329 2076 369 2106 ad
391 2087 487 2117 quam
512 2084 634 2118 partem
656 2079 696 2110 sit
717 2090 805 2111 casu-

77 2134 150 2155 rum
164 2124 310 2166 denique.

77 2175 189 2213 Porro,
214 2177 309 2208 Silius
326 2179 361 2209 in
375 2180 478 2219 operis
493 2181 621 2212 exordio
636 2183 722 2214 hunc
738 2184 804 2214 Lu-

78 2228 164 2258 cretii
179 2228 285 2259 locum
300 2230 492 2268 intuebatur,
519 2243 580 2263 ver.
602 2236 632 2265 7.
655 2235 703 2265 uti
718 2236 805 2266 Prei-

77 2290 188 2319 gerum
203 2290 326 2322 quoque
341 2284 499 2315 monuisse
514 2285 617 2316 video:

107 2361 315 2394 Quaesitumque
325 2363 382 2394 diu,
399 2365 453 2395 qua
465 2366 576 2390 tandem
588 2370 701 2398 poneret
709 2374 770 2393 arce

108 2402 257 2427 Terrarum
268 2405 387 2429 Fortuna
397 2410 550 2438 caput—-

121 2472 196 2502 Ver.
214 2475 285 2505 849.
309 2478 407 2506 mari:
435 2481 470 2507 Δ.
493 2479 605 2514 maris,-
631 2478 717 2509 unde
739 2486 806 2511 ten-

81 2528 149 2553 tare
163 2524 277 2563 possis:

111 2590 241 2615 Omnibus
252 2591 376 2617 humanis
387 2597 455 2619 esset
465 2597 593 2627 terraeque
603 2597 749 2629 marisque:

77 2646 133 2677 sed
148 2646 209 2677 levi
223 2647 264 2679 de
278 2649 386 2681 caussa
400 2661 465 2681 non
481 2652 597 2683 mutari
608 2653 699 2684 debet
712 2656 808 2693 proba

77 2702 171 2738 atque
186 2699 329 2732 usitatior
343 2702 468 2734 locutio.
493 2704 572 2735 Mox
583 2711 624 2736 Π.
639 2717 806 2746 corporum.

119 2751 194 2782 Ver.
209 2755 282 2784 851.
304 2754 506 2786 Discidium.-
532 2757 567 2787 P.
584 2762 619 2788 Δ.
638 2764 679 2789 Π.
699 2760 806 2791 Dissi-

79 2801 328 2845 dium.—suerit.·
356 2806 600 2847 A.fuerunt.—e
615 2820 734 2841 sumus:
761 2810 806 2841 ita.

76 2854 164 2887 solus
185 2858 234 2889 M.
258 2860 370 2902 reliqui
392 2872 513 2902 omnes,
536 2866 693 2901 haesz‘muae
721 2864 806 2904 quod

81 2905 171 2938 aliter
192 2908 321 2944 fortasse
346 2923 411 2944 non
436 2915 567 2947 omnino
597 2915 807 2956 spernendum

845 737 934 767 foret.
979 735 1118 766 Nomine
1133 745 1205 765 vero
1227 736 1392 766 discidium
1408 739 1439 764 et
1456 745 1569 776 cogna-

845 788 886 818 tis
908 789 1050 818 similiter
1076 793 1179 818 noster
1202 798 1278 817 usus
1306 793 1351 817 est
1375 787 1462 818 haud
1485 799 1566 818 raro:

845 839 916 869 vide
931 840 961 871 ii.
980 843 1049 872 119.
1067 839 1151 870 unde
1168 839 1351 869 Minucium
1367 838 1514 877 Felicem,
1537 840 1571 870 in

845 892 911 930 pari
926 892 1054 922 materie
1070 898 1237 929 versatum,
1253 897 1324 922 sect.
1334 893 1363 922 5.
1379 890 1453 920 levis
1465 901 1570 921 emen-

846 945 981 975 dationis
995 945 1136 984 indigere
1151 951 1242 985 puto:
1270 948 1292 963 “
1307 963 1350 968 —
1365 944 1398 974 in
1409 955 1478 984 quae
1495 944 1572 986 (ele-

846 999 868 1014 “
884 997 1005 1036 menta)
1032 1007 1156 1027 rursum
1179 998 1286 1033 homo,
1309 1003 1339 1027 et
1364 997 1480 1027 animal
1504 1007 1571 1027 om-

847 1051 868 1066 “
885 1059 937 1087 ne,
952 1051 1152 1087 discinditur,
1170 1049 1310 1087 solvitur,
1334 1049 1572 1088 dissipatur—.”

846 1102 998 1143 Evulgari
1012 1103 1102 1142 solet,
1125 1106 1292 1140 dividam,-
1319 1104 1359 1134 ad
1380 1115 1447 1134 rem
1461 1114 1574 1144 parum

846 1154 995 1193 apposite,
1019 1161 1055 1185 ut
1070 1155 1210 1185 arbitror.

848 1206 965 1236 Similis
1002 1212 1048 1236 est
1084 1208 1249 1236 verborum
1285 1207 1447 1236 dissidium
1481 1211 1574 1248 atque

845 1258 1011 1287 discidium
1042 1256 1232 1295 permutatio
1255 1256 1340 1295 apud
1362 1256 1575 1294 Lactantim,

845 1307 1025 1346 scriptorem
1051 1308 1146 1348 longe
1171 1307 1404 1347 politissimum,
1437 1315 1468 1339 et
1489 1310 1576 1340 Lati-

847 1358 881 1388 ni
902 1359 1052 1389 sex-monis
1074 1360 1282 1390 certissimum
1312 1366 1484 1399 auctorem,
1512 1361 1575 1392 div.

847 1409 930 1440 instt.
957 1409 1007 1440 vii.
1033 1414 1063 1441 5.
1102 1414 1124 1429 “
1142 1411 1239 1447 Quod
1271 1411 1346 1452 quia
1372 1411 1482 1442 docere
1511 1423 1577 1443 non

849 1463 871 1479 “
886 1466 1006 1500 poterat
1020 1461 1188 1501 Epicurus,
1211 1462 1274 1492 sive
1290 1463 1504 1501 Democritus,
1523 1463 1579 1494 sua

848 1515 871 1530 “
888 1518 996 1551 sponte
1011 1519 1123 1543 natum
1140 1513 1328 1556 (mundum)
1345 1524 1410 1544 esse
1421 1514 1512 1552 dixit,
1529 1525 1576 1545 se-

848 1566 870 1582 “
886 1564 1025 1595 minibus
1054 1565 1136 1595 inter
1164 1576 1196 1595 se
1231 1565 1345 1605 passim
1376 1566 1576 1604 coeuntibus;

848 1618 871 1634 “
888 1615 1001 1656 quibus
1025 1616 1141 1647 iterum
1163 1616 1318 1653 resolutis,
1341 1619 1503 1648 dissidium
1528 1623 1575 1648 at-

847 1670 870 1685 “
886 1678 947 1708 que
981 1668 1144 1698 interitum
1173 1668 1386 1698 secuturum.''
1433 1668 1576 1699 Omnino

846 1719 1002 1757 rescribas,
1029 1722 1214 1751 discidium:
1240 1720 1348 1750 confer
1373 1726 1528 1758 nostrum,
1552 1720 1575 1750 i.

848 1775 919 1802 221.
936 1775 1010 1804 5225.

891 1823 973 1854 Ibid.
988 1826 1099 1856 uniter.
1124 1824 1199 1855 Hoc
1214 1824 1406 1864 adverbium,
1422 1831 1577 1866 quantum

848 1873 983 1913 invenio,
1009 1884 1096 1905 extra
1111 1876 1297 1906 Lucretium
1313 1887 1377 1906 non
1399 1882 1482 1906 certe
1495 1876 1575 1917 legi-

848 1930 913 1956 tur:
940 1926 979 1957 de
995 1938 1057 1968 quo
1077 1927 1121 1957 sie
1140 1927 1311 1965 Charisius,
1335 1927 1387 1957 lib.
1403 1927 1433 1957 ii.
1457 1937 1485 1966 p.
1505 1930 1574 1959 197.

849 1981 872 1996 “
896 1980 1022 2009 Uniter:
1048 1984 1156 2009 contra
1170 1979 1459 2019 grammaticorum,
1474 1979 1577 2019 iuquit

850 2031 873 2047 “
887 2029 1022 2065 Plinius,
1056 2030 1322 2067 observationem3
1366 2030 1420 2071 qui
1446 2038 1576 2072 negant,

849 2084 872 2099 “
887 2087 1028 2120 oportere
1044 2082 1185 2119 nomina,
1208 2094 1245 2113 us
1261 2081 1378 2123 syllaba
1402 2083 1577 2121 terminata,

849 2137 871 2152 ‘⁶
886 2134 920 2164 in
935 2147 952 2164 r
967 2135 1180 2166 adverbialiter
1194 2136 1286 2173 flecti,
1302 2137 1381 2166 libro
1396 2136 1455 2167 vi.”

892 2187 972 2218 Ibid.
994 2199 1010 2219 e
1036 2190 1144 2228 quihus
1166 2191 1265 2228 aptez':
1292 2189 1311 2219 i.
1336 2199 1361 2220 e.
1390 2192 1521 2221 connexi
1546 2197 1577 2222 et

848 2238 1001 2280 colligati;
1023 2241 1062 2270 ab
1078 2241 1167 2272 ἀπα-ω
1182 2241 1332 2272 fortassis:
1366 2251 1440 2272 nam
1455 2243 1576 2284 antiqui

851 2293 990 2332 (auctore
1006 2292 1100 2322 Festo
1119 2293 1152 2323 in
1169 2303 1242 2323 voce
1256 2294 1347 2334 aper)
1372 2297 1575 2334 comprehen-

849 2341 922 2373 dere
946 2344 1083 2380 vinculo‚
1110 2355 1200 2384 apere
1226 2345 1378 2376 dicebant.
1423 2347 1499 2376 Huc
1527 2357 1576 2377 re-

850 2396 931 2427 feras
947 2398 1030 2437 apud
1045 2398 1182 2429 eundem
1197 2400 1451 2439 grammaticum:
1472 2403 1495 2418 ⁸‘
1508 2401 1576 2441 Ape

851 2451 873 2467 ‘⁶
889 2449 973 2488 apud
987 2450 1131 2490 antiquos
1146 2450 1318 2488 dicebatur,
1334 2451 1471 2490 prohibe,
1488 2461 1574 2482 com-

853 2501 875 2517 “
891 2501 1010 2538 pesce.'’
1042 2501 1124 2531 Vide
1142 2502 1336 2542 Scaligerum
1351 2502 1476 2534 ibidem.
1499 2504 1575 2534 Vir-

851 2550 955 2591 gilius,
978 2563 1045 2593 geo.
1060 2552 1103 2583 iii.
1122 2556 1190 2584 165.

1198 2642 1259 2674 ipsis
1269 2650 1281 2666 e
1291 2642 1419 2674 torquibus
1428 2646 1498 2676 aptos

911 2682 999 2713 Junge
1009 2689 1154 2713 pares——.

852 2752 944 2783 Adde
959 2753 1042 2784 dicta
1058 2753 1146 2784 nobis
1161 2754 1312 2794 superius,
1327 2753 1361 2784 in
1376 2754 1406 2786 ii.
1423 2757 1496 2788 478.

892 2814 966 2844 Ver.
980 2817 1050 2845 852.
1072 2817 1156 2846 haud
1165 2829 1175 2845 :
1203 2822 1244 2846 Π.
1258 2817 1453 2856 aut.—quez'.·
1479 2817 1514 2847 P.
1531 2817 1572 2849 V.

850 2864 899 2895 ed.
915 2870 952 2897 Σ.
969 2877 1073 2906 quum,
1091 2867 1139 2897 vel
1153 2878 1222 2898 cum
1230 2882 1240 2902 ,·
1266 2877 1330 2898 non
1342 2867 1433 2905 male,
1449 2867 1502 2898 sed
1514 2869 1574 2898 mi-

850 2925 910 2947 nus
925 2917 1082 2958 eleganter
1096 2924 1128 2951 et
1142 2923 1419 2952 canore-erimus
1433 2927 1514 2952 tum:
1536 2924 1574 2952 Δ.
