1912 3292
335 186 432 227 250

850 182 910 231 Τ.
952 182 1337 233 LUCRETII

481 309 603 367 Isque
622 311 679 354 ita
698 326 772 367 per
790 322 949 362 nostras
969 315 1074 357 acies
1094 315 1317 370 perlabitur
1336 316 1485 364 omnis,

367 387 450 424 250
482 384 538 426 Et
557 386 671 441 quasi
689 388 887 445 pertergit
905 389 1092 444 pupillas,
1114 397 1236 445 atque
1255 390 1311 430 ita
1331 388 1487 430 transit.

482 459 789 519 Proptereafit‚
820 463 904 504 utei
924 463 1134 505 videamus
1154 478 1275 519 quam
1298 462 1441 518 procul
1461 462 1565 503 absit

482 533 565 574 Res
585 550 779 590 quaeque3
811 545 852 578 et
871 546 1026 592 quanto
1045 538 1136 592 plus
1156 538 1260 578 aeris
1281 544 1377 578 ante
1397 537 1590 593 agitatur,

482 606 537 648 Et
557 617 717 649 nostros
737 609 876 650 oculos
896 618 1102 666 perterget
1121 610 1284 664 longior
1304 624 1418 658 aura,

481 680 588 721 Tam
608 682 752 735 procul
772 696 858 722 esse
876 683 1007 738 magis
1027 697 1092 723 res
1111 696 1286 737 quaeque
1306 690 1464 722 remota
1484 682 1655 724 videtur.

366 758 447 793 255
482 754 641 795 Scilicet
661 753 752 795 haec
771 769 930 796 summe
950 755 1070 797 celeri
1090 756 1249 797 ratione
1267 764 1484 813 geruntur,

335 907 527 947 Exemplum
551 908 678 948 quidem
709 909 841 948 speciale
862 921 927 942 non
949 912 1059 950 habeo,

333 969 488 989 armorum
503 961 673 990 luridorum
684 974 694 995 ;
720 960 773 990 sed
789 962 848 991 hoc
863 972 927 992 non
943 963 1062 992 mirum

333 1015 389 1046 est,
413 1020 512 1050 quum
526 1020 575 1040 res
589 1011 629 1040 sit
650 1021 723 1041 cum
739 1012 864 1042 rarioris
882 1013 957 1043 usus
972 1023 1062 1044 voca·

333 1061 416 1091 bulo.
461 1061 564 1102 Legas
588 1062 715 1102 insuper
748 1073 822 1093 mox
847 1063 989 1100 dicenda,
1022 1064 1062 1095 ad

333 1122 395 1143 ver.
409 1116 482 1143 541.
525 1113 601 1145 Jam
622 1124 693 1144 vero
714 1125 804 1145 voces
823 1122 990 1156 pertemgeo,
1013 1116 1063 1147 vel

328 1170 482 1208 pertergo,
509 1172 607 1206 tergeo
622 1166 671 1197 vel
685 1173 780 1208 tergo,
806 1167 846 1199 de
860 1167 959 1199 oculis
973 1168 1062 1199 adhi-

333 1216 417 1252 bitae,
449 1227 573 1256 prorsus
602 1218 687 1249 idem
718 1219 822 1251 valent
850 1220 1065 1251 usitatioribus

333 1270 449 1308 stringo
465 1274 497 1299 et
507 1271 710 1310 praescr-ingo:
737 1270 757 1300 i.
781 1281 806 1301 e.
840 1271 985 1302 “leviter
1010 1282 1065 1312 per

335 1322 357 1338 “
374 1319 569 1358 superficiem
586 1321 708 1351 ferire.’'
735 1322 910 1353 Lambinus
925 1323 1053 1362 exponit

327 1372 515 1410 permulcet:
536 1372 668 1410 optime3
684 1372 754 1403 vide
769 1383 821 1403 me
836 1373 876 1404 ad
890 1384 951 1404 ver.
970 1378 1041 1406 159.

376 1421 451 1452 Ver.
475 1425 546 1454 251.
572 1423 727 1454 Ordinem
752 1425 804 1455 Pii
830 1425 986 1462 editionis,
1009 1426 1064 1467 qui

332 1473 442 1512 procul
456 1473 555 1504 dubio
577 1474 661 1506 solus
682 1482 786 1506 rectus
808 1482 864 1514 est,
888 1476 938 1507 hic
960 1476 1063 1518 sequi-

333 1536 424 1564 mur3
441 1537 536 1568 quem
551 1527 670 1558 Aldina
681 1529 830 1569 posterior
842 1531 982 1562 observat
991 1541 1065 1561 cum

331 1578 476 1610 Juntina.
523 1579 565 1610 In
580 1579 676 1611 Vind.
695 1581 735 1611 O.
754 1588 798 1612 o..
815 1592 890 1612 verr.
909 1586 981 1614 252.
992 1586 1064 1614 255.

331 1630 512 1670 praecedunt
532 1641 596 1662 ver.
621 1635 692 1663 251.
717 1632 751 1662 in
767 1633 808 1662 V.
825 1633 872 1664 ed.
899 1634 936 1664 B.
960 1634 996 1664 L.
1016 1635 1064 1666 M.

333 1686 369 1712 Δ.
387 1688 427 1712 Π.
445 1686 480 1713 Σ.
496 1691 572 1712 verr.
589 1686 661 1714 251.
678 1687 749 1714 252.
774 1683 831 1714 soli
853 1690 1062 1724 transponun-

333 1737 397 1762 tur:
425 1743 560 1773 quarum
585 1733 732 1764 utralibet
755 1734 834 1765 ratio
859 1735 984 1766 tolerari
1007 1747 1061 1767 ne-

331 1783 406 1824 quit.

374 1835 449 1866 Ver.
476 1838 549 1867 255.
569 1843 736 1877 perterget:
763 1837 811 1868 M.
832 1844 984 1878 per-tege&
1009 1838 1063 1869 sed

332 1886 461 1916 fortasse
484 1887 613 1917 collator
641 1888 740 1918 voluit
759 1892 908 1930 pcrtegit:
934 1896 965 1920 et
988 1901 1062 1920 sane

333 1938 480 1969 credibile
492 1945 546 1975 est,
563 1940 747 1971 Lucretium
763 1942 796 1971 in
812 1943 872 1973 hoc
887 1943 981 1973 etiam
996 1943 1065 1974 loco

334 1990 488 2030 scripsisse
505 1994 671 2031 pertergz‘t;
709 1993 764 2023 sed
781 1993 848 2023 sine
873 1994 969 2033 libris,
1001 2005 1065 2025 non

333 2047 442 2073 auctor
463 2051 571 2078 essem,
594 2049 630 2072 ut
654 2043 708 2073 illa
734 2043 826 2074 lectio
851 2051 1061 2084 reponeretur,

333 2102 433 2132 quum
448 2093 544 2131 probe
560 2094 728 2132 consciam,
744 2095 905 2126 neminem
916 2097 1062 2128 Lucretio

332 2142 514 2183 diligentius
550 2151 701 2175 sectatum
739 2157 804 2176 esse
832 2147 1062 2188 qualescunque

333 2195 486 2225 sermonis
515 2196 684 2226 varietates.
732 2197 841 2234 Porro,
869 2199 919 2229 hic
945 2206 975 2230 et
1001 2205 1062 2230 tres

333 2252 497 2286 sequentes
511 2257 616 2277 versus
633 2248 666 2277 in
682 2252 718 2279 Δ.
736 2248 963 2288 desiderantur,
987 2261 1060 2282 ocu-

331 2298 363 2328 lo
377 2298 494 2330 librarii
510 2301 550 2330 ab
564 2302 641 2332 absit
656 2311 717 2332 ver.
742 2305 816 2333 251.
842 2303 876 2332 in
898 2305 975 2335 absit
997 2314 1058 2335 ver.

332 2353 405 2381 256.
423 2350 580 2381 saltuatim
596 2353 766 2383 aberrante.

374 2400 448 2432 Ver.
471 2405 543 2433 254.
565 2414 709 2444 quaeque:
737 2410 777 2434 Π.
800 2412 1055 2445 quoe.—-remota:

333 2451 376 2482 V.
392 2452 440 2483 ed.
455 2461 588 2490 remota;
615 2455 652 2486 L.
667 2463 803 2493 ‘nemola;
830 2458 876 2488 M.
892 2465 1003 2490 revela.

374 2504 451 2535 Ver.
470 2509 541 2537 255.
563 2518 678 2539 summe
700 2510 806 2540 celeri:
834 2509 870 2540 P.
893 2510 1010 2542 summd
1033 2518 1062 2543 et

331 2556 429 2586 celeri.

376 2606 448 2637 Ver.
467 2611 538 2639 256.
561 2611 617 2640 sit:
645 2611 683 2641 Β.
687 2613 898 2652 fit.—quam:
926 2619 965 2643 Π.
982 2624 1059 2654 quae.

331 2657 468 2694 —Mox‚
485 2659 516 2688 in
527 2669 588 2691 ver.
599 2664 670 2692 258.
689 2662 735 2692 M.
741 2662 860 2703 friam,
872 2663 1059 2704 proferiant.

376 2708 448 2739 Ver.
464 2714 538 2742 260.
559 2723 692 2753 quoque:
720 2719 754 2745 Σ.
770 2726 957 2755 quocunque.

377 2759 459 2790 Ibid.
482 2770 585 2795 ventus
601 2767 743 2797 verberat.
789 2767 878 2797 Hinc
903 2767 1061 2808 eleganter

332 2809 492 2847 Lucanus,
516 2814 566 2843 vii.
584 2819 633 2846 25.
658 2817 698 2846 ob
713 2819 795 2848 aeris
812 2820 922 2858 pulsus
945 2818 1060 2859 utique,

333 2869 443 2892 aurem
458 2863 598 2905 undique
613 2866 816 2908 flagellantes:

1056 1347 1065 1362 2

1392 910 1476 934 nullas
1487 910 1547 935 tuba
1558 909 1674 934 verberet
1685 916 1769 935 aures.

1106 973 1299 1003 Ammianus
1315 973 1528 1009 Marcellinus,
1547 973 1586 1003 de
1597 975 1682 1008 Nilo,
1699 973 1771 1004 xxii.
1785 976 1833 1005 15.

1105 1029 1174 1049 —“
1190 1025 1263 1055 hinc
1289 1026 1321 1056 vi
1342 1026 1547 1056 reverberante
1572 1032 1738 1062 ventorum,
1762 1025 1835 1056 inde

1107 1078 1130 1095 ‘⁴
1145 1082 1278 1116 urgente
1292 1085 1385 1106 cursu
1404 1085 1555 1106 venarum
1569 1076 1834 1115 perennium—.'’

1106 1127 1193 1157 Vide
1208 1137 1234 1157 v.
1253 1129 1324 1159 955.
1370 1127 1457 1157 Usus
1472 1132 1519 1157 est
1540 1126 1574 1157 in
1596 1128 1654 1157 hac
1675 1137 1709 1157 re
1726 1127 1835 1168 Virgi-

1106 1180 1168 1210 lius
1183 1179 1370 1210 animosiore
1381 1181 1484 1218 verbo‚
1500 1178 1540 1209 ad
1549 1188 1616 1220 geo.
1627 1179 1670 1209 iii.
1683 1182 1759 1210 382.
1767 1183 1838 1219 post

1108 1237 1251 1261 nostrum
1276 1236 1392 1267 tamen,
1418 1240 1479 1261 ver.
1507 1233 1577 1262 952.
1602 1230 1732 1271 hujusce
1756 1229 1838 1266 libri,

1109 1282 1164 1312 ubi
1179 1292 1237 1312 nos
1250 1281 1387 1318 videndi.
1414 1281 1607 1312 Ammianus
1622 1280 1838 1317 Marcellinus,

1109 1334 1168 1365 xiv.
1187 1337 1234 1364 11.
1269 1337 1292 1353 “
1316 1334 1401 1364 Cum
1426 1334 1500 1370 haec,
1530 1333 1679 1374 taliaque,
1702 1333 1840 1364 solicitas

1110 1388 1133 1403 “
1148 1385 1218 1426 ejus
1232 1396 1323 1416 aures
1336 1384 1617 1415 reverberarent—2³
1642 1383 1747 1422 Idem,
1762 1383 1838 1414 xxii.

1109 1440 1137 1467 8.
1161 1440 1183 1456 “
1204 1436 1362 1477 Quicquid
1377 1442 1485 1467 autem
1500 1435 1641 1476 ejusdem
1657 1435 1780 1468 Pontici
1796 1435 1838 1466 si-

1109 1490 1133 1506 “
1148 1487 1208 1517 nfis
1245 1489 1398 1528 Aquilone
1440 1487 1648 1518 coedz'tur-—R'
1708 1487 1836 1522 Seneca,

1109 1539 1226 1579 Agam.
1243 1541 1292 1570 93.

1204 1611 1300 1636 Turris
1310 1610 1403 1642 pluvio
1414 1610 1529 1643 vapulat
1539 1612 1642 1636 Austro.

1111 1675 1281 1710 Caeterum,
1294 1683 1342 1704 res
1351 1680 1396 1704 est
1406 1673 1648 1713 evidentissima,
1661 1684 1736 1705 voce
1741 1675 1836 1715 paul-

1107 1729 1196 1758 latim
1212 1726 1313 1765 po'etae
1327 1731 1468 1756 mentem
1490 1731 1522 1757 et
1543 1725 1604 1756 loci
1619 1726 1839 1766 proprietatem

1106 1780 1195 1811 nullo
1227 1780 1322 1811 modo
1351 1779 1522 1820 adimpleri.
1571 1780 1636 1810 His
1665 1784 1837 1819 permotus,

1105 1833 1227 1863 amicus
1252 1842 1342 1863 meus
1366 1833 1399 1864 J.
1424 1833 1525 1864 Jones
1547 1831 1706 1869 divinavit,
1727 1831 1837 1862 rescri-

1105 1884 1245 1915 bendum
1260 1894 1326 1915 esse
1340 1886 1518 1915 turmatim:
1547 1883 1587 1914 ad
1609 1893 1736 1914 sensum
1758 1884 1838 1914 bene

1108 1935 1243 1976 quidem,
1260 1935 1314 1966 sed
1329 1945 1348 1965 a
1359 1941 1577 1974 corruptarum
1586 1934 1748 1965 literarum
1760 1932 1838 1965 duc-

1107 1987 1192 2017 tibus
1220 1993 1339 2018 remote
1377 1987 1479 2017 nimis.
1534 1987 1620 2016 Nam
1648 1985 1836 2017 vocabulum

1108 2037 1267 2078 quoddam
1283 2038 1350 2077 pari
1365 2037 1478 2068 virtute
1493 2036 1650 2076 postulari,
1673 2037 1748 2068 satis
1761 2047 1837 2068 con-

1108 2094 1169 2118 stat
1183 2088 1231 2118 vel
1246 2099 1283 2118 ex
1299 2088 1530 2127 comparatione
1544 2087 1596 2118 lib.
1612 2088 1631 2118 i.
1647 2098 1707 2119 ver.
1728 2091 1837 2120 272-

1110 2144 1182 2172 299.
1228 2140 1364 2178 Interea,
1388 2150 1452 2170 non
1479 2139 1597 2176 dubito,
1620 2150 1672 2170 me
1702 2140 1735 2170 in
1763 2150 1835 2181 ger-

1109 2192 1324 2222 manissimam
1340 2202 1448 2223 vocem
1463 2192 1619 2230 incidisse,
1642 2192 1754 2222 coloris
1778 2202 1835 2223 an-

1110 2244 1261 2284 fiquioris,
1278 2244 1475 2284 exquisitiore
1491 2254 1550 2274 usu
1556 2255 1565 2281 ;
1588 2242 1728 2283 adeoque
1742 2242 1835 2274 libra-

1104 2294 1226 2326 riorum
1241 2295 1387 2325 manibus
1401 2294 1588 2335 importunis
1601 2293 1693 2325 facile
1703 2294 1834 2325 obnoxi-

1102 2357 1163 2378 am.
1207 2347 1274 2378 En!
1300 2347 1388 2378 illam
1403 2347 1475 2378 tibi:

1106 2407 1208 2430 Ventus
1218 2406 1291 2431 enim
1303 2412 1411 2437 quoque
1419 2405 1548 2438 pollentim
1559 2411 1642 2437 quom
1652 2405 1822 2430 verberat—t

1105 2456 1124 2487 i.
1141 2467 1165 2487 e.
1184 2458 1344 2496 pollenter,
1367 2456 1416 2487 vel
1439 2456 1567 2487 fortiter.
1613 2456 1655 2486 In
1678 2462 1834 2497 quantum

1105 2518 1178 2538 vero
1193 2508 1360 2538 Lucretius
1375 2507 1520 2538 adverbia
1541 2507 1671 2548 hujusce
1685 2506 1833 2537 termina-

1104 2560 1200 2590 tionis
1231 2560 1430 2596 adamaverit,
1460 2559 1620 2600 congeries
1645 2558 1709 2595 illa,
1737 2567 1833 2598 quam

1103 2612 1303 2650 corrasimus,
1327 2612 1366 2642 ad
1381 2612 1400 2643 i.
1417 2614 1468 2644 45.
1490 2621 1625 2652 quorum
1646 2609 1747 2640 multa
1767 2618 1832 2639 non

1103 2663 1254 2704 leguntur
1269 2670 1356 2694 extra
1374 2665 1550 2694 carminum
1571 2661 1834 2694 Lucretianorum

1106 2715 1192 2751 fines,
1217 2715 1309 2755 plene
1323 2722 1482 2746 monstrat.
1529 2714 1591 2745 Sed
1612 2713 1692 2744 nihil
1714 2713 1832 2744 auden-

1105 2766 1183 2797 dum
1197 2767 1254 2797 hac
1270 2768 1430 2798 occasione
1444 2767 1511 2797 sine
1525 2766 1626 2804 libris;
1649 2772 1680 2796 et
1694 2764 1834 2796 contenti

1105 2818 1204 2848 simus
1219 2818 1411 2857 suspiciones
1432 2824 1551 2849 nostras
1572 2828 1646 2849 cum
1669 2817 1834 2848 lectoribus

1107 2869 1362 2900 communicasse.
