1912 3292
499 233 734 284 LIBER
771 232 1127 283 TERTIUS.

1504 248 1563 287 85

267 368 384 418 Quin
401 366 538 414 etiam,
570 364 602 404 si
615 364 704 418 jam
722 362 861 404 lubeat
880 363 1106 405 concedere
1124 364 1285 416 falsum,

94 447 176 483 540
208 442 265 484 Et
284 442 396 489 dare,
417 453 538 493 posse
558 438 741 478 animam
761 436 983 493 glomerari
1002 438 1046 478 in
1067 454 1241 495 corpore
1261 455 1422 493 eorum,

206 515 385 557 Lumina
405 512 499 568 quei
519 511 712 567 linquunt
731 510 996 551 moribundei
1016 513 1290 567 particulatim
1300 533 1314 565 3

206 588 430 631 Mortalem
449 595 588 635 tamen
610 600 695 626 esse
714 585 895 626 animam
915 584 1082 636 fateare,
1104 601 1267 629 necesse
1287 597 1362 631 est:

205 663 294 704 Nec
314 661 452 711 refert,
475 670 615 702 utrum
634 667 778 715 pereat
797 659 983 714 disparsa
1001 676 1076 716 per
1096 677 1231 712 auras,

203 737 290 786 An,
314 743 525 777 contracta
545 735 627 775 suis
647 749 670 774 e
688 733 892 788 partibus,
915 734 1198 786 obbrutescat3

90 815 171 852 545
204 810 389 860 Quando
408 810 620 851 hominem
640 815 775 849 totum
794 808 940 864 magis,
975 823 1022 850 ac
1043 811 1189 867 magis,
1221 812 1404 869 undique
1425 829 1566 857 sensus

202 885 377 935 Deficit3
409 892 451 925 et
469 884 565 925 vitae
584 883 736 931 minus,
760 889 800 922 et
818 882 971 933 minus,
993 884 1177 940 undique
1197 895 1332 928 restat.

261 960 332 1010 Et,
354 959 551 1015 quoniam
571 972 687 998 mens
707 964 767 997 est
787 955 967 997 hominis
986 973 1085 1013 pars
1102 974 1200 1010 una,
1222 960 1397 1018 locoque

203 1035 309 1076 Fixa
328 1041 468 1075 manet
488 1039 618 1082 certo3
653 1029 762 1070 velut
783 1045 900 1071 aures
921 1038 1043 1086 atque
1064 1033 1194 1074 oculei
1215 1043 1324 1086 sunt,

205 1109 344 1164 Atque
365 1108 455 1149 allei
477 1122 630 1156 sensus,
654 1105 748 1161 quei
770 1104 895 1145 vitam
917 1121 1125 1163 quomque
1143 1109 1397 1165 gubernant:

90 1188 173 1225 550
204 1183 276 1235 Et,
297 1183 445 1224 velutei
465 1197 626 1232 manus,
648 1188 771 1236 atque
793 1179 948 1232 oculus,
970 1196 1154 1234 naresve,
1178 1198 1376 1235 seorsum,

61 1344 84 1360 “
100 1341 195 1372 etiam
206 1342 347 1372 membra
358 1341 425 1381 ejus
434 1341 551 1370 habent
561 1349 688 1369 sensum
695 1350 704 1376 ;
723 1348 790 1374 nec,

59 1396 83 1412 “
97 1393 322 1432 nisiacorpore
337 1392 468 1428 divulsa,
486 1391 692 1423 brutescunt?
717 1390 789 1420 Ali-

59 1450 116 1481 ter,
133 1450 322 1484 putrescunt.
369 1443 461 1474 Idem
476 1443 615 1483 scriptor,
632 1441 790 1472 uberrima

59 1495 187 1525 ‹licendi-
204 1494 390 1534 profluentia
410 1494 586 1535 praeclarus,
614 1493 655 1524 ad
669 1493 720 1523 vii.
739 1496 786 1523 12.

59 1549 83 1565 “
100 1546 175 1576 Non
199 1546 286 1576 enim
311 1547 426 1582 anima,
457 1556 585 1586 corpore
613 1544 785 1580 deficiente,

60 1601 87 1617 ‘⁶
99 1597 152 1628 sed
167 1609 286 1639 corpus,
302 1598 410 1629 anima
425 1598 606 1637 decedente,
621 1599 764 1629 brutescit
774 1611 785 1632 ,-

61 1652 86 1668 st
98 1649 172 1690 quia
187 1659 315 1680 sensum
331 1660 459 1680 omnem
474 1650 570 1680 trahit
584 1648 723 1680 secum.”

104 1700 177 1732 Ver.
201 1704 275 1732 545.
299 1705 399 1741 magis
424 1713 461 1733 ac
484 1704 598 1742 ‘magis5
623 1711 684 1731 ver.
711 1703 784 1732 546.

57 1755 160 1783 minus
182 1759 211 1783 et
232 1755 344 1784 minus.
389 1753 454 1783 Hae
475 1752 620 1783 formulae
643 1751 788 1782 suavissi-

57 1814 148 1834 mam
162 1804 207 1834 rei
220 1805 319 1844 ipsius
334 1805 523 1835 evidentiam
545 1814 609 1844 prae
624 1814 656 1834 se
671 1803 787 1834 ferunt.

62 1855 226 1895 Virgilius,
252 1856 327 1886 AEn.
341 1856 394 1886 xii.
415 1860 486 1886 406.

208 1934 297 1953 saevus
307 1929 408 1960 campis
418 1928 509 1961 magis,
525 1935 555 1953 ac
565 1928 655 1960 magu,
671 1928 766 1953 horror

74 1968 266 1992 crebrescit—2

59 2035 96 2062 ut
109 2041 177 2071 gen.
200 2030 245 2061 iii.
271 2034 340 2062 185.
364 2031 589 2069 Mamertinus,
613 2030 646 2060 in
661 2031 786 2071 geneth.

60 2086 195 2117 Maxim.
218 2092 291 2117 sect.
314 2089 363 2117 10.
391 2090 413 2104 “
431 2086 477 2116 Ut
491 2096 564 2116 vero
571 2087 703 2126 propius
711 2096 786 2125 pro-

57 2141 82 2157 “
92 2140 224 2179 piusque
240 2138 330 2178 coepti
346 2139 417 2169 estis
431 2138 569 2179 agnosci,
596 2148 706 2168 omnes
721 2135 788 2177 agri

60 2192 83 2209 “
98 2189 293 2229 oppleti—‚²³
339 2190 382 2220 In
404 2200 499 2231 quem
513 2190 619 2220 locum
634 2190 657 2221 J
659 2200 788 2230 aegerus

59 2241 288 2272 eruditissimus
297 2242 419 2282 copiam
428 2241 645 2281 exemplorum
654 2241 694 2272 ad
705 2242 787 2272 hanc

60 2292 196 2322 formam
211 2292 305 2324 dabit.

105 2342 189 2373 Ibid.
214 2346 278 2375 suis
298 2346 459 2384 partibus:
484 2355 562 2385 quas
585 2344 693 2386 utique
714 2355 786 2384 pro-

60 2393 142 2435 prias
157 2394 292 2434 dispersa
306 2395 428 2426 dudum
445 2397 622 2436 occupabat.

103 2445 185 2476 Ibid.
200 2447 393 2479 obbrutescat.
423 2449 547 2478 Festus:
575 2451 597 2466 “
617 2449 786 2486 Obbrutuit,

60 2501 83 2516 “
99 2497 272 2537 obstupuit:
309 2509 329 2529 a
351 2500 452 2535 bruto,
477 2499 561 2540 quod
586 2500 707 2540 antiqui
730 2510 787 2539 pro

60 2552 83 2569 0‘
98 2550 195 2590 gravi,
219 2550 380 2581 interdum
400 2561 457 2590 pro
472 2551 607 2591 stupido,
630 2552 786 2583 dixerunt.

59 2606 84 2621 0‘
102 2602 267 2633 Afranius:

72 2665 93 2678 ⁴⁴
104 2676 167 2684 —·
177 2665 236 2688 Non
246 2671 354 2696 possum
365 2665 479 2690 verbum
489 2664 595 2690 facere:
612 2665 759 2690 obbrutui.”

48 2729 136 2765 ,Hoc
150 2741 226 2762 usus
240 2731 419 2769 occasionis,
443 2743 547 2763 veram
563 2739 594 2764 et
618 2733 784 2774 elegantis-

57 2781 173 2813 simam
187 2784 370 2823 scripturam
388 2785 562 2816 Prudentio
572 2786 734 2817 restituam
749 2796 785 2817 ac

61 2831 231 2871 vindicabo,
256 2835 434 2877 Hamartig.
450 2840 522 2868 655.

91 2905 195 2931 Damna
204 2914 291 2940 aures,
302 2911 379 2936 Pater
388 2910 460 2936 alme
470 2911 477 2936 !
496 2916 579 2941 meas.
590 2915 618 2938 et
626 2911 721 2938 claude
730 2919 787 2937 me-

169 2950 227 2974 atu:

865 1337 1062 1363 Obbrutescentis
1073 1339 1176 1371 capitis,
1195 1346 1229 1365 ne
1240 1341 1330 1372 pervia
1341 1342 1407 1368 tales

866 1378 1009 1410 concipiat
1019 1379 1124 1405 flexura
1135 1387 1222 1405 sonos.
1256 1383 1300 1406 Est
1312 1384 1423 1414 perdere
1433 1385 1503 1409 tanti

863 1418 1037 1443 Exstinctum
1050 1420 1115 1444 vitae
1127 1420 1245 1445 officium
1258 1422 1291 1446 de
1299 1426 1376 1453 parte
1387 1425 1498 1455 cerebri,

864 1459 1020 1484 Immunem
1031 1461 1113 1484 modo
1124 1467 1179 1485 sese
1190 1461 1291 1492 anima,
1305 1467 1502 1495 expertemque
1513 1472 1559 1491 ne*

940 1497 1016 1522 fandi

861 1536 989 1568 Auditos,
1005 1537 1074 1563 felix
1085 1539 1177 1564 stolida
1188 1544 1329 1566 conservet
1339 1542 1372 1566 ab
1383 1549 1450 1567 arce.

834 1598 950 1631 stolida
964 1613 1035 1633 arce
1046 1608 1093 1632 est
1103 1604 1323 1636 obbrutescente
1337 1608 1446 1645 capite.
1471 1606 1564 1637 Non-

832 1651 921 1688 nulli,
944 1653 1051 1683 minus
1066 1661 1203 1691 venuste,
1228 1667 1303 1687 aure
1327 1657 1458 1689 malunt.
1503 1659 1560 1689 Se-

831 1713 925 1733 renus
941 1704 1137 1744 Samonicus,
1160 1707 1199 1737 de
1214 1708 1295 1738 med.
1316 1713 1362 1739 15.

861 1770 1002 1802 Ρῐίηςίρίο,
1017 1771 1086 1797 celsa
1098 1772 1131 1797 de
1141 1773 1258 1804 corporis
1269 1781 1326 1798 arce
1335 1774 1489 1805 loquamur.

831 1827 884 1858 Ad
900 1839 995 1869 quem
1009 1829 1126 1869 iocum,
1150 1837 1242 1872 atque
1265 1832 1304 1862 ad
1331 1832 1556 1872 Claudianum,

830 1878 869 1909 iv.
885 1889 968 1910 cons.
984 1881 1110 1912 Honor.
1128 1885 1199 1913 235.
1225 1882 1307 1913 docti
1323 1883 1505 1924 interpretes
1520 1885 1563 1916 de

831 1930 889 1960 hac
903 1941 937 1960 re
951 1931 1053 1962 multa
1069 1933 1249 1964 attulerunt.

876 1983 949 2015 Ver.
965 1987 1038 2016 548.
1060 1987 1142 2017 Fixa
1161 1993 1200 2017 Π.
1216 1987 1317 2025 deest;
1327 1990 1423 2028 fissa,
1439 1988 1493 2019 dat
1509 1999 1560 2019 co-

831 2035 890 2066 dex
907 2041 941 2067 Σ.

876 2087 958 2118 Ibid.
985 2090 1066 2120 Fixa
1092 2096 1203 2121 manet.
1239 2090 1404 2131 Virgilius,
1431 2091 1505 2123 ΖΕΗ.
1528 2091 1559 2122 ii.-

833 2144 904 2172 650.

860 2201 939 2225 Talia
949 2201 1085 2233 perstabat
1095 2208 1260 2233 memorans,
1268 2202 1402 2235 fixusque
1412 2203 1539 2228 mambae.

872 2264 948 2295 Ver.
967 2267 1040 2296 550.
1063 2268 1184 2297 oculus:
1211 2272 1246 2297 Δ.
1262 2268 1359 2302 oculis
1385 2267 1471 2297 haud
1497 2267 1556 2297 du-

829 2315 879 2346 bie
895 2326 933 2346 ex
948 2323 1133 2347 correctore:
1161 2328 1235 2348 nam
1251 2317 1294 2347 ita
1316 2318 1418 2349 noluit
1439 2319 1557 2349 Lucre-

829 2368 904 2407 tius,
927 2375 963 2399 ut
986 2383 1028 2410 τῳ
1050 2381 1160 2428 myas
1183 2371 1370 2410 praecedenti
1397 2385 1430 2402 ero
1453 2373 1557 2402 oculus

830 2420 944 2450 melius
958 2428 1144 2452 conveniret.

876 2472 948 2503 Ver.
965 2476 1037 2504 551.
1060 2475 1115 2505 ab:
1140 2474 1185 2504 sic
1204 2475 1241 2505 P.
1258 2475 1299 2504 V.
1315 2474 1362 2504 ed.
1387 2480 1428 2504 Π.
1450 2473 1556 2514 vulgo,

830 2531 1078 2565 a.-nequeunt:
1114 2532 1155 2557 Π.
1180 2531 1214 2557 Σ.
1236 2531 1557 2566 nequeant—neque.-

833 2576 872 2606 Ο.
889 2582 924 2607 Δ.
944 2588 1008 2608 nec.

872 2629 953 2660 Ibid.
975 2632 1105 2661 Secreto.
1150 2630 1250 2660 Notes
1273 2635 1423 2659 neutrum
1443 2639 1558 2670 genus,

828 2679 943 2711 diversi.
962 2682 1086 2722 generis
1112 2681 1303 2711 substantiva
1329 2680 1556 2719 complectens:

828 2731 903 2762 hinc
917 2742 974 2762 nos
988 2738 1071 2763 recte
1084 2732 1125 2762 ad
1139 2742 1203 2762 ver.
1220 2734 1292 2763 505.
1307 2732 1327 2762 i.
1344 2735 1416 2763 867.
1427 2738 1458 2762 et
1472 2732 1557 2763 alibi.

828 2782 936 2814 Julius
953 2783 1149 2823 Obsequens,
1164 2794 1230 2823 cap.
1246 2783 1340 2813 lxxix.
1358 2786 1380 2801 “
1395 2789 1487 2813 nocte
1499 2795 1557 2815 cae·

830 2840 852 2855 “
867 2839 931 2867 lum
947 2847 984 2867 ac
996 2843 1078 2868 terra
1103 2836 1210 2868 ardere
1230 2840 1326 2869 visum
1338 2837 1374 2867 :”
1397 2848 1468 2878 quoe
1483 2844 1560 2868 sunt

830 2888 1002 2920 sanissima.

833 2940 1005 2980 Amemus,
1029 2941 1080 2972 lib.
1096 2943 1137 2973 vi.
1163 2945 1184 2962 “
1202 2942 1315 2984 Neque
1334 2941 1418 2973 enim
1435 2949 1565 2979 manus,
