1912 3292
307 208 396 248 1⁷84

802 196 863 245 T.
904 193 1281 246 LUCRETII

441 329 676 374 Admonuit
693 342 894 372 memores
912 336 1048 370 motus
1066 326 1327 385 languescere
1345 324 1507 374 mentis,

443 406 602 461 Sponte
621 404 694 448 sua
712 404 794 447 leto
813 412 937 460 caput
956 402 1100 446 obvius
1119 400 1268 444 obtulit
1285 401 1383 456 ipse.

299 563 403 604 empla
416 562 556 594 Heinsio
564 567 640 594 sunt
652 561 762 601 allata3
777 572 850 592 cum
865 571 928 602 quo
939 561 1021 591 Vos-

297 616 380 647 sium
394 624 527 656 quoque,
543 614 582 645 de
597 619 763 644 construet.
779 623 846 652 cap.
861 615 912 643 58.
926 610 1023 650 possis

297 666 467 698 consulere.
513 664 651 696 Plenum
665 664 768 694 fuerat
791 667 814 682 “
827 662 936 693 eisdem
953 671 1021 692 cum

297 722 322 738 “
337 718 437 749 aliis.¹’
483 717 572 747 Hinc
595 715 643 746 illi
667 714 803 755 Peligno
824 714 887 744 vati
902 711 1024 743 medela

296 771 420 803 videtur
433 767 639 802 admovenda,
660 766 701 797 ad
715 766 802 806 epist.
818 766 881 796 xix.
900 767 970 796 150.

295 853 337 877 Da
346 850 466 879 veniam,
476 853 606 878 servaque
616 847 698 872 duos:
714 850 792 872 natat
802 847 861 878 ille;
878 846 925 872 sed
934 845 1024 872 iisdem

324 891 428 922 Corpore
438 887 554 914 Leandri
563 894 622 920 spes
632 893 694 912 mea
704 887 804 919 pendet
814 886 899 919 aquis.

294 961 399 992 Locus
411 960 509 1000 vulgo
523 958 724 990 constituitur
738 958 798 988 hoc
814 964 921 998 pacto:

679 1034 756 1056 natat
765 1031 826 1061 ille;
843 1031 890 1056 sed
899 1030 994 1056 iisdem

356 1074 460 1105 Corpus
471 1072 596 1102 Leandri,
617 1078 674 1104 spes
684 1077 756 1101 mea,
773 1070 874 1103 pendet
885 1070 976 1102 aquis:

292 1155 351 1176 nec
375 1144 528 1182 numeris,
551 1153 610 1174 nec
636 1142 785 1173 orationis
808 1142 926 1182 lepore,
949 1151 1024 1172 cum

293 1195 404 1227 habitu
418 1204 513 1233 novo,
534 1204 629 1235 quem
645 1204 703 1225 nos
716 1193 873 1231 dedimus,
898 1202 1024 1232 compa-

294 1247 419 1278 raudus.
464 1246 629 1277 Homerus
649 1250 682 1276 et
696 1244 750 1275 alii
768 1244 873 1275 Groeci
895 1244 1027 1284 hujusce

293 1297 440 1330 formulae
454 1296 626 1337 specimina
638 1296 849 1336 praebuerunt.
891 1293 953 1325 Ille
967 1303 1025 1324 au-

294 1355 360 1379 tem
374 1348 415 1379 ad
431 1348 469 1379 n.
488 1355 521 1379 r.
536 1350 609 1378 238.

540 1438 576 1454 τω
586 1429 651 1453 ΜΟῙ
666 1427 733 1453 Mla
747 1435 846 1458 ‘sunau-⁰
854 1436 947 1461 μητηρ.

297 1495 395 1527 Plura
416 1494 570 1534 exempla,
594 1494 773 1524 Horatiano
798 1492 961 1533 specimini
986 1492 1027 1522 si-

293 1546 396 1585 milia,
417 1548 516 1577 alium
533 1546 685 1585 sapiente,
707 1544 816 1574 lexicis
834 1543 1027 1584 vulgaribus,

296 1603 328 1628 et
342 1597 380 1628 L.
396 1597 504 1635 Bosio‚
527 1595 774 1635 suppeditantur.
819 1594 961 1625 Tantilla
981 1605 1030 1624 res

295 1649 492 1680 inobservata
505 1648 624 1678 mirum
639 1653 685 1678 est
699 1647 739 1677 ad
754 1657 832 1687 quas
849 1647 960 1677 incitas
980 1656 1029 1676 re-

296 1698 428 1741 degerit,
455 1705 485 1730 et
509 1709 572 1739 quo
593 1697 777 1728 temeritatis
798 1697 967 1736 impulerit,
983 1697 1028 1726 vi-

298 1761 349 1782 ros
362 1751 519 1781 maximos
531 1749 796 1786 Vakkenablrum,
821 1748 1029 1784 Brunckium,

297 1802 532 1844 Musgravium,
568 1808 663 1842 atque
688 1801 779 1838 alios;
817 1800 931 1841 quibus
959 1810 1029 1830 cru-

299 1864 367 1885 cem
382 1854 451 1885 fixit
465 1855 525 1884 hoc
539 1853 694 1884 distichon
709 1851 882 1892 Euripidi&
904 1851 936 1881 in
957 1851 1026 1882 An-

299 1905 399 1936 drom.
415 1908 446 1935 6.
463 1904 559 1945 longe
573 1903 804 1944 planissimum:

377 1991 426 2015 Nor
438 1989 460 2015 δ’
471 1999 486 2015 υ
498 1999 535 2017 τις
548 1989 645 2014 ΑΛΛΗ
661 1988 852 2021 δεκτυχεστοιτη
861 1997 922 2018 γυνη

376 2037 477 2061 ΕΜΟΥ
490 2043 600 2069 menter,
621 2046 636 2064 η
647 2043 776 2066 rorate-au
787 2043 852 2060 eron.

302 2109 392 2143 Ordo
407 2116 465 2141 est:
492 2116 548 2141 Nm
563 2109 590 2141 δε
607 2121 624 2140 v
640 2123 682 2144 τις
699 2123 780 2150 γυνη,
797 2116 881 2142 αλλη
897 2121 960 2148 εμπ,
977 2120 1028 2140 01¹5·

301 2171 374 2205 φνκε
402 2163 690 2204 {unumunurn—2
728 2165 752 2181 “
782 2161 881 2192 Nulla
905 2160 1031 2198 mulier,

300 2218 324 2234 “
339 2215 401 2246 alia
429 2225 493 2253 me,
529 2221 577 2245 est
604 2213 750 2245 omnium
777 2212 1027 2244 miserrima—.‘'

301 2266 375 2303 Quo
389 2266 470 2297 nihil
484 2266 587 2297 verius
600 2265 784 2306 clariusque.
832 2264 894 2295 Sed
908 2265 967 2295 hoc
979 2264 1027 2294 ni-

298 2318 418 2348 mirum
447 2328 508 2348 usu
545 2318 783 2357 comprobatum
820 2323 876 2355 est,
916 2323 1028 2347 Πολλα

299 2382 441 2409 πταιομει
459 2370 599 2404 ἅπαντες.

343 2420 425 2452 Ibid.
447 2419 551 2452 elidem
573 2422 645 2451 aliis
667 2421 774 2460 quiete.
818 2418 917 2450 Ecce!
943 2418 1030 2449 aliud

302 2473 429 2509 Graecis,
453 2473 558 2512 paullo
581 2472 688 2509 rarius,
711 2472 841 2512 hujusce
863 2471 1029 2502 schematis

300 2525 491 2565 exemplum,
508 2536 526 2556 e
542 2525 707 2556 Plutarchi
724 2522 846 2561 Numa,
861 2534 890 2563 p.
908 2527 958 2555 64.
975 2523 1028 2554 im.

304 2582 427 2616 Atym-aa
442 2576 469 2607 δε
493 2589 543 2607 και
559 2590 607 2607 τον
630 2578 722 2615 εξωθεν
736 2590 823 2616 ογκον
839 2589 888 2606 και
904 2588 1028 2616 σχῆμα·

304 2641 402 2667 ωμον
417 2642 478 2659 aro
494 2642 545 2663 vm
561 2631 706 2661 ’ΛττΗΣ
732 2634 951 2676 nram-01³4
971 2627 1031 2659 δια-

303 2693 372 2713 νοιας
394 2682 601 2721 τεριέαλεσθαι.

348 2730 430 2761 Ibid.
455 2734 585 2771 sopitus:
611 2741 667 2771 per
689 2730 955 2770 comparationem
970 2729 1032 2760 uti-

301 2793 363 2824 que
377 2783 470 2813 sacris
494 2784 693 2822 potissimum
715 2783 916 2823 scriptoribus
937 2782 1032 2813 usita-

301 2834 472 2872 tissimam;
495 2840 541 2871 ut,
565 2835 701 2874 exempli
724 2835 836 2876 gratia,
863 2835 892 2865 S.
916 2835 1030 2872 Lucas,

303 2891 373 2917 aett-
388 2891 497 2928 apostt.
512 2885 562 2917 vii.
577 2889 631 2918 60.
648 2899 710 2925 nou,
723 2899 796 2918 τυτο
812 2897 906 2924 urm,
923 2890 1029 2917 Exot-

1030 2946 1051 2974 5

1067 563 1190 589 ΜΗΘΗ.
1236 557 1276 587 In
1292 557 1351 586 hac
1371 564 1406 585 re
1420 553 1500 586 nihil
1521 553 1622 585 habeo
1639 551 1786 584 Callima·-

1065 610 1116 640 chi
1131 609 1357 649 epigrammate
1371 606 1584 638 excellentius:

1085 693 1157 729 Τῃδε
1169 694 1251 723 Em,
1272 692 1285 718 ὅ
1300 692 1417 722 Δικοηος.
1439 691 1570 723 Δκαενθως,
1591 691 1647 727 ιἰρη
1659 692 1790 718 ’ΥΠΝΟΝ

1124 741 1318 767 xofflATAI·
1332 739 1451 769 &naum
1461 749 1501 773 μη
1511 744 1569 771 Mys
1582 749 1628 768 τνς
1639 739 1748 772 vrohe.

1067 824 1204 856 Pulchre
1227 823 1368 855 Velleius
1391 822 1587 861 Paterculus,
1613 822 1634 854 i.
1664 825 1712 853 11.
1737 821 1792 853 fin.

1068 879 1091 895 “
1108 876 1182 907 Hoc
1209 882 1256 906 est
1282 876 1435 907 nimirum
1463 875 1575 916 magis,
1600 873 1735 905 feliciter
1754 873 1794 905 de

1070 926 1169 957 “vita
1190 928 1335 968 migrare,
1361 936 1458 968 quam
1479 925 1594 957 mori.'’
1643 925 1796 957 Conferas

1067 984 1173 1010 autem
1188 979 1319 1010 omnino
1331 979 1426 1009 velim
1448 977 1649 1015 hominum,
1671 982 1795 1018 strateg-

1068 1031 1112 1062 iii.
1129 1035 1178 1062 12.
1195 1035 1224 1063 2.
1248 1037 1280 1062 et
1293 1031 1410 1062 ibidem
1425 1030 1619 1062 doctissimos
1632 1039 1793 1061 commen-

1067 1087 1190 1113 tutores.

1112 1134 1194 1164 Ibid.
1209 1135 1322 1174 sopitus
1332 1135 1440 1174 quiete.
1462 1132 1612 1163 Valerius
1623 1131 1797 1169 Maximus,

1069 1185 1101 1216 ii.
1116 1190 1146 1216 4.
1162 1189 1190 1217 5.
1215 1189 1237 1204 “
1255 1185 1327 1221 Qua
1341 1184 1426 1225 pota,
1441 1184 1569 1215 salutari
1582 1186 1682 1225 quiete
1693 1185 1798 1224 sopiti,

1070 1241 1091 1256 ‘⁴
1108 1236 1232 1268 diutina
1245 1237 1275 1267 vi
1293 1237 1395 1267 morbi
1414 1242 1543 1276 repente
1557 1241 1632 1266 sunt
1644 1234 1799 1266 liberati.”

1070 1288 1227 1318 Nonnulli
1251 1288 1383 1326 codices,
1402 1290 1512 1327 potiti;
1543 1287 1649 1318 minus
1670 1286 1799 1327 elegan-

1068 1344 1124 1370 ter.
1168 1339 1259 1370 Hinc
1272 1339 1367 1380 longe
1389 1339 1504 1370 melius
1521 1338 1687 1369 Ammiani
1710 1338 1800 1369 Mar-

1070 1391 1174 1422 cellini
1190 1391 1379 1422 constructio
1393 1390 1549 1430 procedet,
1565 1391 1647 1421 xxix.
1661 1393 1690 1422 1.
1704 1390 1746 1422 ad
1761 1390 1801 1421 li-

1071 1445 1163 1474 brum
1191 1443 1263 1473 MS.
1287 1443 1462 1474 constituti:
1498 1446 1521 1461 “
1539 1443 1686 1484 Namque
1711 1448 1743 1473 et
1765 1442 1800 1473 in

1072 1497 1095 1513 ‘⁴
1111 1504 1276 1524 nemoroso
1294 1493 1432 1534 quodam
1455 1494 1536 1524 inter
1553 1494 1756 1524 Antiochiam
1770 1500 1803 1525 et

1073 1549 1095 1565 “
1114 1546 1289 1577 Seleuciam
1304 1545 1373 1575 loco
1388 1545 1450 1576 leni
1473 1547 1572 1585 quiete
1588 1550 1658 1584 post
1671 1545 1800 1577 meridi-

1074 1600 1098 1616 “
1113 1607 1164 1628 em
1179 1598 1360 1636 consopitus,
1382 1607 1402 1627 a
1426 1596 1573 1627 Sallustio
1594 1603 1670 1628 tunc
1692 1597 1802 1629 Scutar-

1074 1651 1096 1666 “
1113 1648 1168 1684 rio,
1191 1654 1222 1678 et
1236 1658 1317 1687 saepe
1339 1647 1416 1678 alias
1430 1654 1605 1688 appetenter
1626 1647 1803 1679 insidianti·

1076 1702 1098 1718 ‘⁴
1114 1701 1176 1730 bus
1191 1699 1311 1737 multis,
1333 1699 1404 1730 vitae
1425 1699 1568 1730 terminis
1579 1709 1601 1732 a
1614 1699 1804 1740 primigenio

1074 1754 1096 1768 “
1113 1756 1184 1780 ortu
1199 1749 1361 1789 adscriptis
1382 1760 1457 1780 ausa
1478 1750 1632 1781 immania
1650 1749 1803 1780 frenanti-

1075 1804 1097 1820 “
1112 1802 1181 1837 bus,
1197 1800 1374 1832 evadebat.’'
1410 1801 1530 1842 Vulgo,
1545 1803 1714 1841 appetitus:
1732 1800 1805 1832 vide

1071 1852 1112 1883 sis
1127 1852 1309 1889 Phaedrum,
1332 1852 1375 1883 iii.
1393 1856 1442 1883 10.
1457 1855 1508 1883 51.
1536 1852 1704 1892 Apuleius,
1729 1857 1804 1883 met.

1070 1914 1098 1934 ν.
1114 1914 1143 1943 p.
1158 1908 1300 1936 369.—“
1318 1904 1521 1944 Cupidinem,
1537 1903 1602 1934 leni
1612 1906 1711 1945 quiete
1722 1905 1802 1944 sopi-

1073 1958 1096 1974 “
1110 1956 1252 1986 tum—.'‘

1116 2005 1198 2036 Ibid.
1217 2008 1324 2046 quiete.
1343 2005 1510 2037 Cornelius
1521 2006 1640 2046 Nepos,
1656 2005 1696 2037 de
1709 2006 1803 2038 Han·

1072 2056 1185 2093 nibale,
1216 2063 1288 2088 sect.
1313 2060 1361 2087 12.
1400 2061 1423 2076 “
1452 2057 1501 2088 Sic
1527 2057 1574 2087 vir
1603 2057 1802 2097 fortissimus,

1074 2111 1097 2127 “
1113 2109 1221 2140 multis
1248 2109 1401 2149 variisque
1426 2109 1610 2148 perfunctus
1635 2109 1804 2149 laboribus,

1074 2164 1097 2179 ‘⁶
1112 2171 1196 2191 anno
1229 2163 1384 2202 adquievit
1415 2162 1678 2202 septuagesimo.'‘
1738 2163 1804 2194 Ubi

1073 2210 1268 2242 doctissimus
1285 2213 1400 2243 Bosius
1423 2212 1513 2252 plura
1528 2213 1662 2244 contulit
1680 2214 1804 2254 apposi—

1071 2263 1199 2293 tissima.
1247 2263 1408 2304 Hyginus,
1440 2263 1500 2294 sab.
1527 2263 1612 2295 ccliv.
1645 2265 1668 2284 “
1690 2265 1804 2297 Preca-

1073 2318 1095 2334 “
1111 2315 1197 2345 tione
1212 2314 1345 2354 peracta,
1362 2315 1539 2355 plaustrum
1554 2321 1585 2346 et
1599 2322 1734 2347 matrem
1749 2317 1806 2348 filii

1072 2370 1094 2386 “
1111 2366 1245 2397 domum
1266 2366 1470 2404 reduxerunt,
1495 2372 1526 2397 et
1547 2367 1618 2398 fessi
1633 2379 1735 2399 somno
1749 2378 1802 2400 oc·

1073 2422 1096 2438 “
1111 2418 1333 2460 quiez=erunt.·''
1355 2419 1377 2449 i.
1397 2429 1423 2449 e.
1441 2418 1559 2449 mortui
1573 2424 1656 2450 sunt.

1115 2472 1190 2502 Ver.
1207 2474 1300 2502 1052.
1323 2472 1539 2503 Democritum
1567 2477 1692 2502 matura
1709 2477 1806 2503 vetus-

1071 2530 1128 2554 tas.
1165 2523 1329 2554 Maximus
1357 2523 1473 2564 Tyrius
1503 2523 1610 2559 etiam,
1643 2516 1746 2553 invi.
1775 2525 1806 2554 5.

1072 2575 1214 2615 quamvis
1227 2586 1379 2606 annornm
1399 2585 1561 2605 numerum
1585 2583 1650 2604 non
1665 2572 1803 2604 tradide-

1074 2625 1123 2661 rit,
1146 2625 1224 2656 dixit
1238 2625 1426 2666 generaliter
1443 2625 1665 2656 Democritum
1673 2623 1719 2654 'ad
1733 2625 1807 2655 ulti-

1074 2688 1156 2708 mam
1178 2683 1357 2708 senectutem
1381 2676 1573 2717 pervenisse:
1601 2687 1755 2718 navt-ynpa
1771 2688 1806 2710 u,-

1076 2741 1110 2759 fl'o
1123 2742 1291 2769 alpOToe‘TOU-

1119 2779 1199 2810 Ibid.
1222 2785 1366 2809 matura.-
1395 2777 1492 2809 Vind.
1508 2777 1550 2808 V.
1576 2776 1624 2808 ed.
1650 2776 1690 2808 Ο.
1714 2782 1756 2808 Π.
1772 2781 1807 2809 Σ.

1076 2837 1208 2868 natur-«15
1234 2836 1268 2862 Δ.
1284 2832 1400 2862 nativa.

1120 2881 1198 2914 Ibid.
1229 2882 1324 2923 Lege,
1359 2884 1381 2901 “
1403 2879 1559 2922 Denique,
1581 2878 1808 2914 Dema-inas?
