1912 3292
356 219 446 260 146

849 211 909 260 T.
962 210 1340 261 LUCRETII

491 349 521 370 “
545 343 804 385 Praesidium:
836 344 985 386 misero
1004 345 1191 395 misere,''
1211 344 1342 394 aiunt,
1366 349 1396 369 “
1418 342 1556 384 onmia
1575 342 1728 386 ademit

489 424 520 445 ‘⁶
544 418 642 460 Una
662 418 748 461 dies
768 418 912 461 infesta
933 420 1006 461 tibi
1031 427 1094 460 tot
1112 419 1284 474 praemia
1303 418 1434 459 vitae.'’

343 573 429 613 hinc,
459 579 495 605 ut
523 574 656 611 videtur,
687 574 900 610 adumbratus,
930 581 1068 604 mentem

343 635 448 656 meam
475 635 540 656 non
561 625 670 656 leviter
695 625 832 665 impulit,
857 632 889 656 et
910 625 1066 665 persuasit.

340 677 474 718 Legitur
494 677 528 707 in
550 677 615 707 silv.
633 676 676 706 iii.
696 680 721 707 1.
739 680 809 708 179.
832 683 863 707 et
884 677 971 707 omni
993 676 1068 707 cura

342 727 515 770 gravissimi
530 727 629 767 poetae
644 727 797 766 expolitus
811 733 867 758 est:

355 816 449 840 Donec
461 818 489 839 et
500 813 544 838 hic
554 819 658 845 sponsae
670 816 802 843 maturus,
813 818 841 839 et
850 815 894 839 illa
905 815 1016 840 marito:

355 858 455 882 Rursus
465 859 493 881 et
504 862 541 880 ex
552 855 601 879 illis
616 855 719 881 soboles
730 862 800 881 nova
807 865 816 887 ς
833 864 956 889 grexque
966 861 1069 889 proter-

494 902 544 919 vus

353 936 432 960 Nunc
443 934 563 959 humeris
573 934 686 966 irreptet
693 935 748 964 avi,
763 941 835 960 nunc
845 936 953 968 agmine
964 936 1062 961 blando

351 972 470 999 Certatim
480 973 594 1005 placidae
604 977 738 998 concurrat
748 973 784 998 ad
792 974 876 998 oscula
886 974 978 1000 Pollae.

338 1043 406 1076 Suo
422 1044 542 1085 judicio
557 1044 596 1075 de
610 1046 670 1075 hoc
691 1051 806 1076 conatu
820 1045 916 1076 libere
935 1051 1064 1076 utantur

336 1097 466 1128 lectores
481 1097 586 1136 velim,
615 1102 780 1128 contentus
806 1097 1012 1138 proposuisse,
1036 1105 1067 1129 et

338 1149 490 1180 hactenus
498 1148 887 1187 asseruisse—Caeterum,
897 1149 1066 1181 dictionem

337 1210 495 1231 occurrere
510 1199 611 1238 docte,
628 1205 663 1229 ut
677 1199 804 1236 adsolet,
822 1199 1065 1240 Oudendorpius

337 1250 493 1291 exposuit,
507 1256 600 1291 atque
614 1250 748 1291 copiose,
764 1250 804 1281 ad
820 1251 947 1282 Sueton.
963 1252 1002 1282 iv.
1013 1256 1064 1283 2⁷6.

338 1301 393 1342 qui
408 1301 573 1332 adeundus
587 1308 640 1332 est.

399 1361 481 1392 Ibid.
519 1364 678 1393 obcurrenc
715 1365 817 1394 oscula
854 1365 939 1394 narei
974 1366 1062 1395 Prae-

336 1414 448 1453 ripere.
492 1412 628 1444 Pulchre
651 1414 846 1445 contenderis
874 1415 954 1446 Gen.
981 1416 1063 1446 xxix.

338 1468 388 1495 13.
411 1464 546 1505 vulgata·
570 1465 733 1496 versionis:
766 1469 789 1485 “
806 1466 882 1505 Qui,
909 1477 983 1497 cum
1006 1478 1062 1498 au-

337 1519 360 1534 “
375 1515 471 1546 disset
484 1516 604 1547 venisse
618 1517 730 1555 Jacob,
747 1517 846 1547 filium
862 1518 976 1548 sororis
990 1529 1062 1555 suae,

337 1570 360 1586 “
375 1571 514 1599 cucurrit
529 1569 651 1600 obviam
667 1569 711 1606 ei;
734 1571 963 1611 complerusque
978 1581 1063 1609 eum,

333 1621 357 1637 “
372 1625 403 1648 et
426 1621 459 1649 in
482 1621 583 1650 oscula
607 1631 709 1656 ruens,
739 1620 830 1650 duxit
861 1621 894 1651 in
931 1621 1063 1652 domum

335 1673 359 1688 “
374 1671 494 1701 suam.'’

381 1731 456 1761 Ver.
474 1735 545 1763 909.
570 1734 762 1772 Praeriperc:
787 1733 829 1763 V.
855 1732 904 1764 ed.
924 1739 960 1764 Δ.
985 1736 1061 1765 Per-

335 1787 435 1825 cipere
441 1801 452 1822 ;
475 1779 626 1824 volentes,
650 1786 697 1816 uti
722 1786 827 1816 statim
850 1786 1062 1826 deprehende-

334 1847 414 1875 ram,
438 1843 470 1867 et
495 1837 615 1878 liquido
640 1838 788 1869 exhibent
815 1839 855 1870 Ο.
880 1846 921 1870 Π.
942 1842 1062 1871 Praeci-

328 1899 403 1927 pere
409 1904 420 1925 ;
445 1898 502 1918 nec
518 1889 614 1919 malet
641 1889 694 1920 sed
709 1889 804 1920 dictio
819 1897 940 1930 recepta
954 1891 988 1921 in
1002 1891 1062 1921 hoc

333 1938 404 1969 loco
419 1939 580 1978 pulchrius
599 1947 631 1970 et
652 1940 784 1971 vividius
799 1941 938 1971 officium
953 1941 1059 1982 fungi-

333 1995 394 2020 tur.
439 1990 562 2021 Eadem
584 1991 755 2021 scribarum
770 1992 958 2030 permutatio
973 1992 1061 2022 nobis

333 2042 374 2073 ad
403 2043 530 2074 Livium
560 2045 750 2082 obversatur,
779 2044 853 2075 xxii.
874 2049 924 2075 41.
947 2050 976 2077 9.
1006 2045 1060 2075 ubi

333 2094 456 2125 consuli
470 2101 570 2135 potest
585 2096 871 2133 Drakenborchius
897 2097 988 2127 nobis
1000 2098 1060 2128 oti—

332 2155 390 2176 um
411 2156 503 2186 super
517 2147 576 2178 hoc
597 2147 725 2187 negotio
746 2154 920 2188 opportune
935 2148 1059 2179 faciens.

332 2204 424 2229 -Ω,
451 2204 570 2237 autem,
596 2201 782 2239 Percapere;
819 2206 850 2230 et
875 2199 973 2236 tamti,
1004 2211 1060 2240 pro

331 2249 438 2282 tacita.

376 2301 457 2333 Ibid.
489 2305 663 2343 Prceripere
687 2305 799 2334 oscula.
845 2303 1058 2339 Quemadmo-

330 2352 410 2384 dum
426 2353 572 2392 Ovidius,
586 2355 621 2384 in
637 2355 723 2393 epist.
740 2354 801 2385 xxi.
818 2358 888 2386 196.

362 2437 396 2460 Et
407 2437 496 2462 minus
506 2437 634 2463 audacter
644 2438 790 2468 blanditur,
804 2442 832 2464 et
843 2438 927 2463 oscula
937 2445 996 2464 rara

391 2477 505 2510 Adn'pit,
514 2482 542 2504 et
553 2478 651 2503 timido
662 2486 707 2504 me
717 2482 798 2504 vocat
809 2486 856 2504 ore
867 2486 953 2504 suam.

332 2548 383 2579 Sic
397 2556 506 2589 putem
519 2551 679 2582 Nasonem
695 2551 851 2591 scripsisse
864 2563 919 2592 pro
931 2552 1058 2593 vulgato

331 2603 476 2642 Adcipit:
502 2610 533 2634 et
559 2605 617 2635 hoc
641 2615 744 2646 genus
770 2615 872 2644 voces,
902 2612 938 2636 ut
967 2606 1058 2636 verba

329 2652 483 2691 simplicia
502 2657 591 2695 capio
617 2662 649 2686 et
673 2658 774 2696 rapio,
796 2656 912 2696 passim
926 2656 1054 2696 permis-

330 2703 406 2742 ceri,
434 2715 528 2737 nemo
551 2708 661 2738 nescit:
696 2708 801 2739 videas
826 2714 933 2740 tamen
959 2719 997 2740 ex
1023 2719 1056 2739 a·

330 2755 484 2786 bundanti
495 2758 789 2790 Drakenborchium
797 2759 1055 2796 laudatissimum.

331 2806 372 2838 ad
386 2807 455 2838 Liv.
471 2818 497 2839 v.
514 2812 565 2840 47.
581 2814 609 2840 4.

376 2857 458 2890 Ibid.
487 2859 583 2890 tacita
605 2868 711 2900 pectus
732 2865 893 2895 dulcedine
921 2870 1056 2904 tangent.

332 2910 434 2943 Hunc
455 2911 559 2944 locum
583 2920 655 2946 ante
676 2914 782 2947 oculos
803 2917 935 2948 habebat
949 2917 1057 2958 Virgi-

1111 581 1183 618 lius,
1211 580 1288 611 dum
1313 580 1456 610 scriberet
1481 579 1616 620 pondere
1637 589 1754 621 magno
1767 589 1835 611 ver·-

1111 642 1193 670 sum,
1209 632 1249 662 ad
1265 632 1339 662 AEn.
1355 632 1375 662 i.
1391 635 1462 663 502.

1172 722 1286 745 Latonae
1297 718 1402 743 tacitum
1412 721 1554 750 pertentant
1560 718 1659 751 gaudia
1665 721 1762 750 pectus.

1111 794 1301 826 Locutiones
1311 792 1539 834 aliquantulum
1555 792 1724 823 immutare
1737 791 1837 823 voluit

1111 856 1254 876 summus
1283 845 1335 875 ille
1365 844 1507 884 leporum
1539 843 1662 882 artifex,
1690 843 1764 875 ibid.
1793 843 1835 874 xi.

1111 900 1183 929 558.

1376 982 1468 1013 Neque
1477 981 1550 1006 enim
1560 987 1646 1006 novus
1655 980 1705 1006 iste
1714 979 1811 1005 Diana

1121 1021 1201 1047 Venit
1211 1028 1299 1051 amor,
1308 1021 1450 1052 subitique
1457 1021 1572 1046 animum
1582 1019 1713 1045 dulcedine
1723 1019 1818 1044 mevie-

1111 1100 1247 1131 Pulchrc
1271 1100 1430 1138 Justinus,
1454 1100 1506 1130 xii.
1522 1103 1551 1130 4.
1574 1103 1673 1130 4.-“
1687 1098 1782 1130 simul
1804 1104 1836 1128 et

1111 1156 1132 1171 “
1148 1151 1287 1183 laborem
1307 1151 1427 1182 militiae
1451 1151 1627 1182 molliorem
1641 1151 1709 1182 fore
1730 1151 1835 1182 dulce-

1111 1207 1132 1222 “
1148 1205 1221 1235 dine
1236 1202 1395 1234 uxorum.”

1108 1263 1220 1303 Porro,
1234 1266 1373 1295 animum
1387 1270 1524 1304 tangere,
1545 1268 1577 1293 et
1591 1262 1715 1299 similia,
1730 1263 1834 1294 dulce-

1107 1318 1179 1348 dine
1193 1316 1288 1346 etiam
1302 1327 1422 1356 capere,
1446 1315 1561 1346 usitata
1580 1320 1668 1352 sunt3
1691 1314 1757 1353 sed,
1779 1313 1834 1354 qui

1106 1368 1304 1409 conjunxerit
1317 1370 1478 1399 didcedine
1491 1374 1628 1408 tangere,
1642 1372 1754 1408 praeter
1765 1366 1832 1397 Lu-

1106 1421 1250 1459 cretium,
1266 1431 1329 1450 non
1345 1419 1479 1450 invenio.

1149 1481 1224 1512 Ver.
1240 1483 1312 1512 910.
1328 1480 1447 1521 jiictis:
1474 1479 1569 1510 Vind.
1585 1479 1627 1510 V.
1654 1477 1702 1509 ed.
1730 1477 1769 1510 Ο.
1797 1483 1832 1509 Δ.

1109 1539 1150 1564 Π.
1167 1537 1202 1565 Σ.
1214 1532 1318 1574 sacli,·
1345 1532 1384 1563 P.
1397 1534 1496 1572 fluis,-
1520 1541 1590 1572 quae
1605 1530 1756 1561 dictiones
1772 1530 1834 1560 fre-

1107 1583 1307 1624 quentissime
1332 1583 1569 1623 permiscentur:
1596 1581 1666 1613 vide
1693 1581 1833 1613 Bentlei-

1107 1645 1175 1674 um,
1200 1635 1239 1665 ad
1265 1636 1378 1666 Horat.
1402 1635 1487 1674 epist.
1507 1634 1540 1666 ii.
1559 1638 1584 1665 1.
1601 1638 1630 1665 6.
1655 1644 1737 1672 vere,
1760 1643 1833 1664 meo

1103 1687 1234 1729 judicio,
1265 1693 1297 1718 et
1325 1698 1418 1727 supra
1445 1687 1622 1718 universam
1651 1686 1832 1717 criticorum

1105 1746 1232 1780 gentem
1247 1739 1368 1770 erudite
1382 1749 1417 1769 ac
1439 1739 1590 1780 sagaciter
1603 1738 1814 1777 disputantem
1826 1751 1834 1769 ·.

1105 1792 1140 1822 in
1158 1790 1396 1832 Cunninghami
1418 1800 1491 1820 vero
1505 1789 1764 1829 despicatissimos
1778 1799 1830 1819 co-

1106 1849 1198 1873 natus
1214 1842 1342 1880 ibidem,
1365 1852 1417 1872 me
1439 1840 1617 1881 impulsore,
1640 1839 1832 1881 indignatio-

1105 1905 1180 1925 nem
1205 1904 1388 1935 generosam
1415 1903 1554 1934 exspuas.
1599 1891 1662 1923 Sed
1683 1891 1769 1923 enirn
1791 1891 1831 1923 de

1103 1947 1162 1976 hoc
1178 1945 1281 1976 Flacci
1302 1945 1372 1975 loco
1394 1944 1532 1975 fortassis
1553 1943 1640 1974 alias:
1662 1943 1731 1984 jam
1745 1953 1831 1974 nunc

1104 2009 1121 2028 c
1146 1997 1224 2028 Sino
1247 1996 1404 2027 maculam
1429 1995 1587 2032 tollamus,
1611 1993 1651 2024 ad
1678 1994 1761 2025 Pun.
1777 1995 1829 2024 xii.

1103 2051 1176 2080 592.
1199 2048 1255 2078 ubi
1279 2047 1403 2078 Latinae
1428 2046 1554 2085 poeseos
1579 2051 1699 2085 patrem
1722 2045 1829 2076 laudat

1105 2098 1342 2130 candIdissimus
1356 2098 1461 2138 poeta:

1119 2183 1169 2209 Sed
1182 2190 1239 2213 νος,
1249 2182 1367 2214 Calliope
1378 2182 1384 2206 !
1403 2184 1495 2207 nostro
1505 2181 1605 2206 donate
1615 2180 1710 2210 labori,

1119 2225 1188 2248 Nota
1198 2230 1293 2255 parum
1304 2222 1396 2254 magni
1406 2222 1487 2254 longo
1497 2221 1639 2246 tradantur
1648 2221 1677 2245 in
1688 2226 1750 2245 aevo

1120 2267 1195 2290 Facta
1205 2266 1266 2296 viri,
1279 2270 1307 2290 et
1318 2265 1448 2290 meritum
1457 2263 1514 2289 vati
1523 2269 1658 2288 sacremus
1668 2262 1810 2288 honorem.

1107 2346 1156 2376 Sic
1182 2345 1277 2386 vulgo
1301 2344 1432 2386 legitur:
1466 2343 1621 2375 Heinsius
1644 2353 1682 2374 ex
1707 2343 1831 2383 scriptis

1102 2396 1199 2434 dedit,
1220 2402 1255 2427 ut
1279 2407 1357 2427 aevo:
1389 2395 1444 2426 sed
1468 2395 1547 2426 illud
1569 2401 1604 2426 ut
1625 2404 1682 2434 pro
1702 2394 1826 2434 supple·

1101 2455 1208 2480 mento
1223 2448 1412 2489 glossatoris,
1427 2447 1475 2478 vel
1490 2447 1694 2483 librariorum,
1710 2447 1827 2477 habue-

1101 2501 1174 2538 rim,
1190 2499 1397 2530 nescientium
1408 2498 1640 2540 exquisitiorem
1651 2496 1828 2528 Latinitatis

1100 2551 1282 2582 formulam:
1310 2551 1379 2581 vide
1394 2550 1677 2582 animadversiones
1690 2559 1776 2580 meas
1785 2547 1826 2578 ad

1100 2603 1120 2634 i.
1135 2607 1186 2635 50.
1210 2610 1241 2634 et
1261 2604 1320 2634 hoc
1334 2603 1414 2633 libro
1435 2613 1496 2634 ver.
1513 2605 1584 2634 255.
1629 2601 1698 2632 Nec
1718 2606 1823 2631 tamen

1098 2655 1147 2686 vel
1168 2655 1280 2695 placet,
1303 2655 1352 2686 vel
1366 2655 1495 2696 quidem
1509 2652 1678 2685 tolerabilis
1692 2651 1825 2690 videtur,

1099 2706 1217 2747 phrasis
1230 2709 1319 2748 longo
1341 2708 1508 2738 tradantur
1522 2707 1556 2736 in
1571 2715 1649 2736 oevo:
1675 2713 1716 2733 ne
1730 2702 1824 2734 dubi-

1099 2765 1145 2790 tes
1166 2758 1262 2799 igitur
1284 2769 1321 2789 ex
1344 2757 1510 2789 vetustiore
1534 2755 1698 2795 scriptura,
1727 2765 1824 2796 quam

1098 2810 1258 2852 tangimus
1273 2810 1313 2840 ad
1328 2809 1358 2842 ii.
1377 2812 1467 2841 1095.
1489 2815 1520 2839 et
1534 2807 1608 2839 alibi
1629 2807 1701 2848 plus
1714 2806 1822 2845 semel,

1100 2869 1191 2894 natos
1215 2871 1332 2893 errores
1353 2871 1426 2897 esse,
1452 2867 1483 2892 et
1508 2859 1621 2893 Silium
1646 2861 1706 2891 hoc
1728 2858 1824 2890 modo

1100 2925 1205 2948 versus
1218 2914 1440 2955 perscripsisse:
