1912 3292
357 198 452 241 356

856 189 916 237 Τ.
966 187 1346 238 LUCRETII

388 327 471 365 965
503 321 822 377 Induperatores
841 335 1041 378 pugnare,
1067 335 1115 362 ac
1134 320 1277 376 praelia
1295 320 1430 370 obire3

500 396 652 438 Nautae
672 403 926 437 contractum
947 410 1040 437 cum
1061 396 1191 437 ventis
1210 395 1360 453 degere
1378 394 1548 446 bellum;

500 469 588 511 Nos
609 485 729 527 agere
747 470 861 512 hocc'
881 479 1032 520 autem,
1055 478 1095 511 et
1114 478 1305 511 naturam
1325 484 1508 526 quaerere
1527 483 1667 511 rerum

504 545 690 599 Semper,
712 553 752 585 et
771 545 976 586 inventam
999 544 1140 598 patriis
1161 558 1369 599 exponere
1389 544 1551 585 chartis.

560 618 724 659 Caetera
744 618 799 659 sic
820 617 967 668 studia,
990 626 1111 672 atque
1131 625 1252 668 artes,
1273 617 1513 673 plerumque
1532 617 1723 658 videntur

390 792 503 822 Jamque
512 791 559 813 ant
571 790 704 812 nocturno
716 789 838 819 penetrat
848 786 979 819 Capitolia
988 786 1057 819 visu,

391 835 445 859 Aut
459 831 554 863 rapidis
563 830 649 855 fertur
659 836 707 862 per
717 836 835 854 summas
846 829 961 861 passibus
972 829 1061 861 Alpes.

387 874 466 904 Saepe
477 871 558 897 etiam
567 869 674 900 famuli,
684 870 793 894 turbato
805 869 838 893 ad
850 869 943 894 limina
951 875 1058 899 somno,

389 913 530 943 Expavere
540 913 646 934 trucem
657 915 704 941 per
713 913 787 933 vasta
797 908 902 933 silentia
912 915 1020 938 vocem;

386 952 425 976 Ac
437 950 511 982 largo
520 949 617 974 sudore
626 948 716 972 virum
725 948 851 973 invenere
862 947 965 972 futuras

350 1003 354 1007 -
385 989 544 1015 Miscentem
556 993 668 1020 pugnas,
679 991 707 1012 et
718 987 807 1012 inania
817 986 886 1012 bella
897 990 1048 1019 gerentem.

353 1073 498 1104 Lectioni
513 1073 636 1110 limina,
658 1080 755 1111 quam
781 1069 926 1100 nonnulli
949 1069 1081 1109 pessime

354 1125 465 1156 volunt
478 1125 513 1155 in
526 1126 645 1155 lumina
658 1122 835 1162 depravare,
847 1131 952 1152 versus
966 1121 1080 1160 festivi,

353 1176 411 1208 sed
424 1175 614 1216 spurcissimi
635 1181 753 1213 tamen,
778 1174 933 1205 Martialis
947 1174 1080 1213 patroci-

349 1233 481 1266 nantur,
511 1227 551 1257 xi.
583 1229 654 1258 105.
686 1229 734 1256 15.
781 1225 932 1256 Ovidium
958 1225 1080 1256 imitati.

354 1279 439 1311 Rem
448 1278 670 1319 nequissimam
675 1277 863 1317 praestrinxit
873 1276 1081 1317 nequissimus

355 1332 505 1364 Comicus
515 1332 548 1362 in
558 1330 726 1372 Lysistratzi
731 1343 742 1369 ;
758 1336 789 1361 et
797 1330 851 1361 alii
863 1329 990 1370 quidem
1000 1331 1080 1361 bene

350 1383 458 1414 multi.

395 1435 472 1466 Ver.
499 1440 570 1467 966.
592 1438 714 1476 degere:
742 1435 789 1467 M.
811 1436 949 1475 degerere
955 1450 965 1472 ,·
990 1445 1078 1465 men-

352 1485 427 1517 dosa
442 1486 624 1526 repetitione
650 1486 789 1527 ejusdem
804 1485 940 1526 syllabae,
957 1485 1077 1516 solenni

352 1538 493 1569 librariis.
537 1539 724 1577 Lambinus,
759 1548 854 1579 quem
886 1538 983 1568 secuti
1005 1544 1079 1568 sunt

349 1590 494 1628 editores,
509 1590 647 1629 reposuit
667 1589 847 1626 certissima,
864 1589 910 1619 uli
924 1589 976 1619 ille
991 1589 1077 1628 dicit,

351 1646 382 1672 et
411 1640 649 1680 inexpugnabili
671 1639 859 1680 conjectura,
890 1645 926 1669 ut
954 1646 1078 1681 egomet

348 1701 423 1722 vero
438 1690 582 1728 dixerim,
598 1689 682 1720 futili
698 1696 729 1720 et
743 1690 935 1729 impudente,
948 1702 1077 1723 cernere.

350 1741 495 1773 Hoccine
526 1747 573 1771 est
597 1740 741 1781 antiquos
777 1740 940 1779 scriptores
975 1741 1076 1782 edere,

347 1793 542 1833 conjecturas
564 1792 740 1822 arbitrarias
760 1791 795 1822 in
819 1791 926 1823 locum
948 1792 1075 1825 lection-

346 1855 414 1880 um,
438 1844 524 1874 libris
539 1843 686 1873 omnibus
707 1843 835 1873 vetustis
857 1844 1074 1882 exhibitarum,

346 1897 461 1936 passim
476 1901 507 1926 et
521 1895 588 1926 sine
603 1894 754 1936 religione
775 1895 934 1928 sufficere?
957 1898 1075 1937 Degere

346 1950 454 1980 bellum
470 1948 609 1987 ponitur,
625 1947 719 1987 plana
735 1948 873 1978 nimium
887 1954 919 1979 et
933 1948 1075 1990 elegante

345 1999 461 2040 phrasi,
477 2004 513 2028 ut
528 2000 633 2038 degere
648 2000 743 2029 vitam
748 2014 759 2035 ,-
774 1998 794 2029 i.
805 2009 832 2029 e.
847 1999 1074 2038 administrare,

345 2050 468 2080 ducere.
514 2049 602 2079 Hinc
625 2048 775 2086 Plautus,
801 2049 912 2080 Aulul.
928 2050 959 2080 ii.
978 2054 1007 2081 1.
1022 2054 1073 2082 45.

345 2099 560 2132 emendandus
574 2106 620 2130 est
635 2110 673 2130 ex
689 2100 805 2135 Nonio,
822 2100 862 2131 iv.
882 2103 931 2132 17.

377 2187 454 2209 Nunc
465 2191 516 2216 ego
526 2184 619 2214 istum,
630 2191 714 2215 soror,
725 2184 844 2211 laborem
850 2185 950 2218 degam,
960 2190 989 2212 et
997 2188 1073 2213 ‹linn-

471 2231 565 2254 nuam,
576 2224 635 2249 tibi.

344 2306 466 2347 Vulgo,
481 2308 612 2343 demtum
636 2305 729 2348 longe
753 2307 947 2347 ineptissime
962 2308 996 2339 in
1004 2310 1069 2339 'hoc

344 2359 421 2389 loco.
455 2359 500 2389 At
514 2358 733 2399 castigandum
748 2365 793 2390 est
808 2360 914 2397 etiam,
931 2363 1070 2392 deminu-

343 2422 393 2440 am
400 2424 411 2445 ;
437 2419 532 2450 quam
547 2419 655 2440 vocem
669 2410 766 2441 altera
779 2411 893 2442 millies
916 2413 1072 2444 immerito

343 2462 547 2502 proturbavit:
575 2462 630 2493 sed
643 2463 710 2493 haec
726 2463 903 2502 disputatio,
926 2466 967 2495 ob
983 2465 1072 2496 mul-

343 2513 463 2552 tiplices
483 2512 635 2543 librorum
658 2514 847 2553 corruptelas
868 2516 901 2545 in
931 2516 978 2546 his
1006 2516 1071 2547 dic-

343 2565 489 2600 tionibus,
515 2564 618 2595 multo
646 2564 769 2606 longior
797 2571 855 2604 est,
885 2575 979 2607 quam
1002 2577 1072 2608 quae

339 2617 423 2656 juste
438 2616 545 2657 peragi
557 2616 653 2656 possit
668 2617 752 2647 hisce
763 2617 993 2649 commentariis
1004 2619 1072 2660 jam

344 2677 439 2704 nunc,
465 2678 520 2707 per
543 2678 575 2698 se
603 2668 734 2707 prolixis
758 2669 903 2701 nimium.
946 2672 1068 2711 Degam

345 2719 493 2750 laborem:
520 2719 539 2750 i.
555 2730 582 2750 e.
603 2720 770 2760 suscipiam
785 2727 816 2751 et
837 2721 1017 2760 exantlab03
1032 2735 1068 2753 a-

341 2781 414 2807 gam
431 2770 574 2811 denique.
619 2772 693 2802 Non
708 2772 770 2802 alia
785 2779 831 2803 est
857 2774 998 2804 vocabuli
1020 2785 1068 2805 ra-

343 2819 388 2849 tio
411 2820 442 2876 in
467 2821 643 2854 Thebaidos
667 2823 838 2864 conditore,
865 2824 916 2857 lib.
939 2826 979 2857 vi.
1005 2835 1067 2858 ver.

344 2873 415 2901 850.

1535 790 1572 816 sic
1583 790 1634 816 otia
1643 790 1715 823 pacis

1155 830 1260 861 Degere,
1270 833 1298 854 et
1309 829 1446 855 armiferas
1456 831 1550 856 laxare
1558 833 1709 856 assueverat
1719 829 1784 855 iras:

1125 900 1145 931 i.
1160 910 1185 931 e.
1209 900 1384 940 disponere,
1400 902 1540 941 implere,
1555 903 1680 944 agitare.
1726 903 1848 933 Auctor

1125 962 1249 993 quoque
1265 953 1394 990 Culicis,
1410 963 1470 983 ver.
1487 956 1537 983 72.

1154 1022 1260 1054 Otiaque
1271 1021 1371 1046 invidia
1379 1021 1516 1054 degentem,
1525 1028 1557 1047 ac
1568 1021 1674 1052 fraude,
1683 1023 1798 1048 remota.

1126 1081 1212 1120 Dego
1229 1090 1342 1119 nempe
1356 1079 1520 1118 Latinum,
1535 1079 1561 1110 si
1571 1079 1723 1119 attendm‚
1733 1089 1850 1120 purum

1124 1138 1237 1172 putum
1259 1138 1305 1162 est
1329 1132 1421 1173 Busyas
1450 1132 1642 1162 Graecorum.
1689 1131 1849 1163 Glossator

1124 1190 1224 1215 vetus:
1252 1188 1275 1203 “
1290 1185 1390 1224 Dego,
1405 1183 1528 1224 διαγω.”
1571 1183 1647 1216 Jam
1657 1193 1730 1214 vero
1745 1183 1852 1226 διαγειι

1125 1243 1231 1271 aramis,
1248 1249 1426 1278 πραγματα,
1443 1249 1476 1266 το
1492 1249 1587 1273 κοινον,
1609 1239 1642 1266 et
1662 1236 1788 1274 phrases
1808 1236 1850 1266 si·

1124 1288 1224 1324 miles,
1249 1288 1449 1328 scriptoribus
1470 1287 1584 1328 passim
1598 1287 1848 1329 frequentantur.

1122 1339 1272 1376 —Porro‚
1287 1350 1344 1379 pro
1357 1341 1478 1378 bellum,
1489 1340 1526 1370 B.
1538 1339 1631 1370 habet
1641 1341 1786 1377 duellum,
1799 1339 1848 1371 M.

1121 1392 1227 1426 velum,
1243 1397 1274 1421 et
1290 1391 1330 1421 V.
1345 1391 1392 1422 ed.
1407 1393 1526 1422 vellum.

1165 1441 1247 1473 Ibid.
1269 1449 1455 1475 contractum
1471 1444 1597 1474 bellum.-
1622 1444 1642 1474 i.
1665 1454 1691 1474 e.
1718 1443 1846 1483 initum,

1121 1495 1339 1532 commissum
1362 1500 1398 1525 ut
1412 1497 1588 1529 contrahere
1609 1497 1774 1532 amicitias,
1796 1499 1847 1528 in-

1121 1551 1248 1587 vidiam,
1264 1551 1397 1589 culpam,
1419 1559 1455 1579 ac
1470 1549 1655 1588 consimilia,
1678 1549 1752 1580 satis
1771 1555 1848 1582 nota

1121 1599 1169 1630 vel
1184 1599 1352 1640 tyronibus.
1389 1599 1506 1637 Livius,
1516 1611 1542 1630 v.
1557 1603 1608 1631 37.
1619 1600 1650 1630 5.
1667 1602 1689 1618 “
1699 1599 1847 1640 Tribuni,

1121 1654 1144 1670 “
1160 1661 1296 1693 quorum
1317 1652 1490 1682 temeritate
1517 1653 1627 1682 bellum
1655 1658 1848 1684 contractum

1121 1705 1144 1721 “
1159 1708 1232 1738 erat,
1256 1712 1388 1732 summae
1417 1712 1522 1732 rerum
1550 1702 1732 1742 praeeranff’
1779 1703 1845 1734 Ubi

1120 1754 1182 1784 alia
1211 1754 1351 1794 apposita
1373 1754 1510 1794 optimus
1537 1753 1670 1785 contulit
1698 1753 1845 1786 Draken-

1120 1805 1275 1836 borchius.

1162 1857 1239 1888 Ver.
1255 1859 1326 1889 967.
1350 1856 1454 1888 Aliter
1467 1855 1590 1888 ordinat
1602 1857 1694 1889 verba
1717 1863 1758 1889 Π.
1780 1867 1845 1890 non

1118 1907 1214 1939 male:

1211 1977 1263 2000 Nos
1275 1980 1360 2002 autem
1371 1978 1415 2002 hoc
1424 1985 1508 2010 agere,
1522 1981 1592 2003 et—.

1119 2032 1231 2070 Porro,
1247 2038 1352 2063 noster
1363 2033 1397 2063 iu
1408 2034 1545 2065 hocloco
1556 2035 1682 2066 uberius
1690 2034 1841 2075 exposuit,

1117 2091 1149 2116 et
1174 2085 1346 2124 adornavit,
1369 2087 1494 2116 brevem
1511 2089 1591 2127 ῥῆσιν
1612 2087 1840 2125 Theocriteam‚

1116 2146 1185 2177 quae
1201 2136 1316 2177 legitur
1330 2136 1364 2166 in
1379 2136 1467 2177 idyll.
1484 2138 1547 2168 xxi.
1561 2141 1612 2169 44.

1560 2234 1608 2250 και
1619 2235 1670 2259 γαρ
1684 2233 1705 2251 εν
1716 2223 1794 2254 ὕπνοις

1132 2271 1216 2296 Πρω-οι
1226 2280 1289 2296 xum
1300 2281 1380 2306 αρτ-ως
1389 2280 1551 2304 pannose-m,
1569 2271 1687 2298 ῙΧΘΥΔ
1702 2270 1838 2314 ΚᾙΓΩΝ.

1158 2344 1238 2376 Ibid.
1272 2357 1361 2386 agere
1389 2347 1477 2378 hocc'.
1523 2347 1612 2378 Hinc
1633 2347 1839 2383 fortewersus

1115 2396 1317 2436 Papinianus,
1333 2407 1427 2438 quem
1436 2397 1595 2430 verissime
1609 2402 1752 2440 exposuit
1761 2413 1841 2443 prae-

1114 2449 1322 2480 stantissimus
1352 2450 1568 2487 Marklandus
1592 2452 1658 2483 silv.
1687 2453 1707 2484 i.
1732 2456 1762 2485 5.
1789 2458 1840 2487 25.

1114 2499 1303 2531 medicinam
1317 2501 1467 2532 leniorem
1482 2503 1621 2543 accipiat,
1643 2509 1676 2534 et
1696 2515 1839 2545 pensaue-

1116 2558 1168 2583 tur
1183 2553 1269 2584 inde:

1146 2620 1294 2652 Pieriosque
1304 2621 1369 2652 dies,
1381 2626 1419 2653 et,
1433 2626 1534 2655 agentes
1543 2624 1675 2655 cannina,
1682 2608 1805 2650 somnos:

1112 2677 1131 2708 i.
1158 2688 1186 2708 e.
1216 2684 1391 2717 tractantes,
1423 2681 1470 2711 vel
1498 2682 1660 2722 agitantes,
1691 2683 1836 2714 carmina.

1114 2729 1233 2770 Vulgo,
1263 2739 1399 2764 aventes:
1425 2733 1525 2764 editor
1554 2733 1759 2771 doctissimus,
1781 2737 1837 2766 Ιια-

1112 2783 1225 2819 bentes;
1249 2783 1332 2823 quod
1347 2790 1452 2815 nostro
1467 2785 1637 2816 tentamine
1658 2786 1764 2817 minus
1784 2796 1838 2818 ex-

1112 2835 1264 2876 quisitum
1277 2836 1406 2875 videtur,
1421 2848 1457 2869 ac
1471 2837 1628 2878 poeticum
1638 2838 1767 2881 quidem
1774 2839 1837 2871 mi-

1112 2896 1181 2919 nus-
