1912 3292
494 202 729 252 LIBER
777 201 1126 251 TERTIUS.

1459 219 1550 260 165

197 335 380 390 Semper,
403 339 443 374 et
462 347 514 373 ex
534 333 620 373 aliis
640 331 750 373 aliud
770 345 960 386 reparare
979 347 1142 375 necesse
1161 342 1239 377 est:

190 408 279 450 Nec
299 408 512 464 quisquam
531 406 576 446 in
595 404 852 456 barathrum,
875 420 951 447 nec
973 406 1150 449 Tartara
1170 409 1335 452 deditur
1354 420 1454 456 atra.

75 485 158 522 980
189 481 384 523 Materies
406 494 509 535 opus
529 487 604 531 est,
635 487 682 521 ut
712 487 896 521 crescant
915 488 1078 534 postera
1098 483 1216 524 secla:

188 556 297 604 Quae
316 563 453 596 tamen
474 556 614 596 omnia
632 563 688 605 te,
717 553 800 596 vita
822 553 1052 609 perfuncta,
1074 565 1309 613 sequentur:

186 628 275 668 Nec
293 628 429 670 minus
448 644 549 687 ergo
569 638 664 672 ante
682 629 789 680 haec,
811 641 937 685 quam
957 637 1019 679 tn,
1041 630 1225 673 cecidere
1244 632 1485 690 cadentque.

41 784 64 801 “
79 788 143 820 tur,
171 782 192 814 i.
220 793 247 814 e.
276 791 457 824 moventur3
491 786 576 818 unde
601 793 633 818 et
662 789 766 820 oscilla

40 834 64 851 “
79 832 160 863 dicta
175 835 214 864 ab
230 845 278 874 eo,
296 837 380 876 quod
395 840 551 875 cillantur,
574 839 593 869 i.
609 850 635 870 e.
658 850 765 871 move-

38 885 60 902 “
75 889 178 921 antur,
206 897 277 917 ora:
303 898 379 918 nam
407 891 509 921 cillere
538 895 584 920 est
610 891 766 922 movere.‘’

39 932 102 963 Sed
115 933 154 964 de
168 935 227 966 hoc
241 936 393 969 doctiores
415 946 446 969 et
467 941 619 972 acutiores
637 943 765 982 etym6n

35 990 198 1017 sectatores
220 987 370 1020 viderint:
409 991 498 1021 nobis
528 991 650 1023 videtur
680 993 764 1024 idem

35 1045 110 1067 cum
133 1045 250 1076 nemas,-
277 1039 317 1071 de
339 1041 401 1082 qua
427 1052 502 1073 voce
523 1043 661 1075 diximus
681 1045 721 1075 ad
742 1046 763 1076 i.

38 1090 86 1119 13.

77 1140 153 1171 Ver.
169 1145 240 1173 977.
271 1150 410 1176 extrusa:
445 1150 481 1177 Δ.
509 1145 543 1176 in
570 1146 689 1186 rasura,
713 1159 763 1180 ez·-

32 1193 136 1229 clusa‚·
160 1194 268 1225 minus
283 1197 456 1229 efficaciter.

75 1243 151 1274 Ver.
169 1248 239 1276 978.
261 1258 424 1287 reparare:
450 1259 573 1289 nempe,
591 1250 760 1288 Naturam;

33 1304 74 1325 ne
88 1298 277 1328 constructio
298 1299 444 1330 labascat:
471 1311 546 1330 nam
561 1303 690 1332 verbum
713 1314 760 1333 re-

0 1353 1 1381 ι
27 1355 144 1384 parare
172 1347 374 1386 intransitive,
406 1356 443 1381 ut
471 1357 592 1390 putem,
621 1352 761 1383 adhiberi

0 1403 2 1445 Ι

0 1462 2 1509 l

0 1523 2 1539 l

31 1405 55 1426 n
93 1396 148 1427 uit.

55 1405 148 1479 e(Ver.
165 1452 235 1482 979.
261 1452 379 1483 Contra
403 1463 512 1484 omnes
536 1453 631 1486 libros
655 1461 758 1486 vetus-

29 1498 133 1535 tiores,
149 1510 222 1531 cum
239 1502 336 1534 MSS.
351 1509 422 1534 tum
435 1505 610 1544 impressos,
632 1506 675 1536 ita
690 1517 756 1537 ver-

0 1550 2 1568 ³
29 1560 82 1581 sus
95 1551 182 1584 hicce
196 1553 381 1596 plerumque
399 1557 577 1595 exhibetur3
601 1568 655 1597 per
669 1569 755 1589 sum-

29 1612 117 1633 mam
138 1604 314 1645 audaciam,
340 1608 394 1639 sed
420 1609 617 1640 Lucretianis
631 1611 757 1642 editori-

28 1654 86 1684 bus
98 1665 250 1697 perquam
264 1659 466 1693 familiarem:

59 1723 114 1747 Nec
124 1724 263 1757 quidquam
279 1727 306 1750 in
317 1727 486 1759 barathrum,
504 1735 553 1754 nec
566 1730 682 1755 Tartara
692 1730 757 1755 deci-

183 1764 222 1788 dit
231 1769 299 1790 atra.

27 1818 104 1850 Jam
118 1830 203 1858 vero,
222 1827 258 1852 ut
273 1823 418 1855 omittam
432 1825 555 1856 codices
569 1832 600 1856 et
614 1826 757 1865 praefrac.

28 1875 95 1900 tam
108 1870 197 1902 illam
211 1873 431 1913 temeritatem,
456 1887 526 1917 quae
547 1883 668 1908 tantam
683 1889 756 1908 auc-

27 1920 185 1952 toritatem
214 1924 396 1956 conculcare
432 1937 498 1957 non
528 1928 686 1967 expalluit,
723 1943 756 1960 -ro

25 1974 206 2012 quidquam,
219 1984 318 2014 quum
329 1975 368 2006 de
379 1979 549 2009 hominibus
558 1979 756 2017 potissimum

26 2024 119 2053 verba
142 2024 310 2064 faciantur,
334 2026 428 2067 longe
450 2028 533 2058 cadit
558 2029 754 2067 imbecillius,

25 2080 59 2105 et
71 2075 226 2116 frigidius,
250 2079 505 2110 membranarum
528 2080 676 2112 lectione:
703 2085 754 2114 de-

26 2127 112 2157 ditur
126 2133 233 2157 autem
247 2130 389 2167 verbum,
410 2130 477 2161 vice
496 2134 633 2163 deorsum
649 2135 755 2171 datur,

25 2177 206 2216 primariam
229 2186 260 2210 et
281 2181 419 2213 maxime
442 2183 601 2223 propriam
614 2185 673 2215 sibi
689 2185 752 2227 sig-

26 2228 239 2261 nificationem
253 2231 397 2264 vindicat.

25 2279 138 2318 Porro,
155 2283 382 2318 inbaratlzrum
396 2296 452 2316 nec
472 2287 607 2317 Tartara
623 2294 692 2318 atra
707 2288 751 2319 la-

24 2330 87 2361 tior
102 2337 148 2361 est
169 2331 316 2372 formula,
338 2345 394 2375 pro
416 2338 450 2367 in
470 2338 649 2368 barathrum
671 2345 753 2370 atro—

25 2393 96 2412 rum
130 2384 341 2421 Tar-carorum,
372 2386 420 2416 vel
449 2387 544 2418 exitii.
600 2389 756 2429 Virgilius

24 2431 132 2463 locum
147 2434 290 2465 nominat
304 2437 372 2475 pari
385 2438 481 2469 modo
494 2441 586 2479 nigra
608 2441 754 2480 Tartara,

27 2483 106 2515 AEn.
123 2485 164 2516 vi.
183 2489 253 2517 154.
274 2493 305 2517 et
324 2490 448 2521 inmane
466 2491 658 2530 barathrum,
680 2492 755 2524 ibid.

23 2536 87 2569 viii.
103 2542 174 2571 245.
198 2540 242 2570 Et
256 2551 370 2579 versus,
395 2553 499 2575 coram
514 2545 642 2584 positus,
663 2546 754 2577 nobis

25 2588 147 2620 videtur
176 2590 270 2632 longe
299 2593 490 2632 sanissimus,
513 2606 616 2637 neque
641 2597 753 2628 admit-

21 2644 87 2671 tere
101 2642 314 2682 conjecturam
329 2645 501 2686 quamlibet
506 2658 516 2684 ς
539 2647 627 2678 aliter
640 2658 752 2689 propo-

24 2691 168 2724 suissem:

54 2759 110 2785 Nee
128 2761 268 2793 quisquam
284 2763 312 2788 in
323 2765 491 2797 barathrum,
510 2773 561 2793 nec
572 2769 686 2794 Tartara
694 2772 751 2802 per-

177 2801 248 2827 ditur
258 2806 327 2829 atra:

23 2864 98 2886 nam
112 2855 212 2890 facilis
225 2870 310 2892 error
323 2861 434 2902 fuerit3
458 2869 490 2895 et
509 2864 689 2906 exquisitior
702 2866 749 2897 lo-

25 2906 121 2948 cutio,
150 2919 244 2950 quam
268 2913 428 2954 tetigimus
454 2915 495 2948 ad
522 2916 595 2948 Sssv.
624 2917 699 2949 Crit.
722 2927 750 2948 ν.

810 795 859 825 pp.
878 789 929 817 50.
943 790 995 817 51.
1017 787 1107 819 nullo
1133 788 1260 829 negotio
1273 789 1381 821 scribis
1401 791 1537 831 illepidis

808 843 874 867 erat
887 837 1080 877 impositura.

851 889 925 920 Ver.
943 893 1014 921 980.
1037 896 1072 920 ut
1093 897 1248 922 crescant:
1277 891 1318 922 V.
1333 892 1382 922 ed.
1404 904 1442 924 ne
1457 905 1536 925 cres-

808 947 890 972 cunt.

852 995 934 1026 Ibid.
957 997 1106 1027 Materies
1128 1008 1201 1037 opus
1223 1005 1276 1029 est.
1322 999 1373 1029 Ita
1393 1000 1440 1030 M.
1456 999 1536 1029 Tul-

807 1044 879 1084 lius,
903 1046 991 1085 epist.
1007 1047 1048 1077 ad
1066 1047 1194 1078 Curion.
1210 1048 1241 1078 ii.
1258 1052 1289 1079 6.
1314 1051 1338 1067 “
1354 1051 1430 1080 Dur
1445 1050 1535 1080 nobis

809 1098 832 1114 “
845 1103 875 1126 et
889 1103 995 1128 auctor
1009 1109 1083 1137 opus
1101 1104 1155 1134 est,
1179 1104 1211 1129 et
1233 1106 1342 1129 eorum
1356 1106 1536 1139 ventorum,

808 1150 832 1165 “
848 1157 925 1188 quos
953 1149 1109 1188 proposui,
1140 1153 1311 1181 moderator
1340 1151 1480 1191 quidam,
1504 1158 1536 1182 et

808 1203 831 1218 “
846 1200 932 1240 quasi
945 1201 1392 1239 gubernator.''—-Lambinus.

806 1251 858 1280 De
872 1252 931 1281 hoc
946 1251 1099 1292 regimine
1113 1263 1170 1283 nos
1185 1255 1338 1293 superius,
1355 1255 1386 1284 ii.
1404 1259 1474 1286 814.

848 1301 923 1331 Ver.
942 1305 1012 1333 982.
1034 1308 1087 1333 tu.-
1111 1303 1156 1334 sic
1171 1304 1300 1343 optime,
1321 1305 1418 1336 Vind.
1433 1306 1470 1336 L.
1487 1307 1534 1338 M.

807 1351 845 1382 O.
862 1356 897 1383 Σ.
916 1358 960 1382 Ω.
982 1353 1090 1394 vulgo,
1110 1365 1212 1392 nunc;
1234 1355 1435 1395 impudenter
1449 1357 1535 1396 satis,

804 1407 911 1432 contra
925 1402 1030 1442 libros,
1048 1412 1204 1445 quantum
1218 1413 1351 1445 constat,
1374 1408 1534 1438 universos

802 1453 997 1484 vetustiores:
1024 1455 1061 1484 P.
1085 1460 1120 1486 Δ.
1144 1463 1226 1491 turm
1259 1463 1300 1488 n.
1330 1464 1420 1495 tunc;
1447 1470 1467 1489 a
1490 1460 1532 1490 V.

802 1503 850 1534 ed.
865 1505 997 1535 omnino
1012 1506 1106 1536 abest.
1152 1508 1291 1539 Voculas
1317 1515 1423 1540 autem
1445 1517 1479 1541 tu
1502 1516 1534 1540 et

801 1561 864 1586 tum
886 1556 984 1587 solere
1008 1558 1162 1589 confundi
1191 1559 1335 1600 librariis,
1365 1561 1534 1593 edocemur

801 1607 1070 1649 Drakenborchio,
1088 1610 1128 1641 ad
1143 1611 1210 1642 Liv.
1225 1623 1254 1644 x.
1271 1616 1323 1644 40.
1344 1617 1392 1645 11.

803 1659 970 1697 Caeterum,
993 1672 1031 1691 ex
1053 1662 1102 1692 his
1118 1661 1255 1694 Lucretii
1271 1665 1408 1696 versibus
1424 1666 1530 1696 Hora-

799 1710 881 1740 tium
896 1711 1072 1751 profecisse,
1097 1713 1138 1744 ad
1152 1720 1208 1745 art.
1224 1716 1306 1754 po'e't.
1323 1720 1372 1747 70.
1391 1717 1438 1747 vel
1453 1728 1530 1756 pue-

800 1760 862 1791 ruli
876 1762 928 1792 vix
944 1768 1036 1793 erunt
1050 1763 1255 1796 admonendi:

816 1846 900 1870 Multa
911 1851 1094 1879 renascentur,
1105 1855 1168 1880 quae
1185 1851 1242 1882 jam
1253 1851 1370 1882 cecidere,
1381 1852 1529 1885 cadentque,

816 1886 886 1915 Quae
898 1891 969 1910 nunc
981 1891 1043 1911 sunt
1054 1887 1081 1911 in
1093 1887 1205 1918 honore,
1216 1891 1388 1916 vocabula—.

842 1960 916 1990 Ver.
937 1964 1008 1992 985.
1030 1963 1114 1992 alid:
1140 1962 1181 1992 V.
1197 1962 1245 1993 ed.
1263 1963 1303 1994 Ο.
1318 1968 1355 1994 Δ.
1375 1971 1415 1995 Π.
1431 1967 1527 1997 aliud.

798 2012 972 2041 -dese'stet:
999 2018 1044 2042 Ω,
1059 2014 1185 2043 desistit.

842 2062 918 2092 Ver.
935 2066 1005 2093 984.
1029 2063 1161 2094 Publius
1179 2064 1288 2105 Syrus:

830 2139 918 2163 Homo
931 2138 996 2163 vitae
1007 2139 1207 2171 commodatus»,
1220 2147 1275 2166 non
1286 2141 1411 2172 donatus,
1422 2146 1471 2168 est.

799 2202 970 2242 Arnobius,
986 2204 1038 2235 lib.
1055 2205 1090 2236 ii.
1103 2216 1136 2245 p.
1152 2210 1204 2238 62.
1229 2211 1252 2226 “
1279 2209 1343 2239 Usu
1358 2214 1391 2239 et
1404 2209 1466 2240 illis
1480 2215 1527 2240 est

797 2258 819 2273 “
836 2255 910 2294 vita,
934 2266 999 2286 nou
1015 2260 1180 2299 mancipio,
1206 2258 1526 2301 tradita.¹’—Euripi-

797 2305 861 2343 des,
880 2307 974 2347 Supp.
989 2311 1061 2339 535.

1159 2400 1175 2416 ze
1188 2401 1212 2416 τι
1223 2401 1275 2426 γαρ
1289 2392 1437 2425 zzz-rmus&

835 2435 977 2471 Ἧμετερον,
990 2448 1051 2463 osv-ro
1064 2442 1135 2469 πλὴν,
1149 2448 1272 2469 ενοικησαι
1284 2442 1342 2471 βων.

799 2512 887 2544 Pedo
910 2513 1138 2546 Albinovanus:

797 2590 856 2615 Vita
867 2590 930 2615 data
939 2594 978 2616 est
989 2593 1103 2624 utenda;
1121 2594 1184 2618 data
1195 2598 1235 2619 est
1253 2595 1307 2619 sine
1318 2593 1425 2619 foenore
1436 2594 1510 2621 nobis

827 2632 932 2661 Mutua,
942 2637 992 2657 nec
1002 2633 1077 2659 certa
1088 2634 1262 2666 persoluenda
1273 2635 1324 2659 die.

1324 2692 1457 2723 Bmmz
1463 2703 1523 2723 ms.

795 2765 948 2796 Scribitur
962 2772 1069 2797 autem
1085 2770 1252 2809 mancipio,
1268 2779 1332 2799 non
1347 2771 1523 2809 mancupio,

793 2816 827 2846 in
846 2816 883 2847 P.
900 2817 996 2848 Vind.
1013 2818 1056 2849 V.
1073 2818 1120 2849 ed.
1138 2819 1177 2850 O.
1193 2825 1228 2851 Δ.
1245 2827 1286 2851 Π.
1302 2825 1337 2852 Σ.
1356 2827 1400 2852 Ω..
1439 2821 1522 2851 Var-

792 2878 841 2906 ro,
868 2867 943 2909 ling.
970 2869 1039 2900 Lat.
1063 2881 1091 2901 v.
1118 2875 1146 2902 8.
1169 2877 1200 2901 et
1223 2872 1316 2914 gloss.
1341 2879 1411 2904 vett.
1439 2872 1524 2904 Vide

793 2918 905 2951 Valck.
921 2920 999 2952 Eur.
1015 2921 1126 2954 Phoen.
1142 2925 1214 2955 561.
