1912 3292
474 281 708 331 LIBER
748 276 1130 335 QUARTUS.

1465 286 1560 327 299

202 418 319 467 Pars,
342 414 476 457 solidis
496 413 637 461 adlisa,
659 411 760 465 lapis
779 409 942 464 rejecta,
965 422 1156 449 sonorem

89 492 169 532 575
203 491 375 539 Reddit;
407 495 448 528 et
467 486 676 527 interdum
695 484 913 525 frustratur
932 482 1113 538 imagine
1134 482 1261 523 verbi.

262 564 385 612 Quae,
407 560 533 602 bone!
568 575 696 616 quom
714 559 867 608 videas,
889 558 1093 599 rationem
1114 556 1286 597 reddere
1306 556 1435 611 possis

203 637 313 678 Tute
332 635 422 685 tibi,
444 643 566 691 atque
586 635 688 685 aliis,
711 649 793 690 quo
813 641 951 688 pacto,
972 647 1047 687 per
1065 631 1156 672 loca
1176 629 1277 680 sola,

206 711 316 751 Saxa
333 710 466 764 pareis
485 709 637 751 formas
658 709 879 750 verborum
899 722 954 748 ex
974 706 1120 748 ordine
1139 704 1331 754 reddant,

203 783 408 824 Palanteis
429 784 597 825 comites
617 797 759 839 quom,
780 781 956 823 monteis
975 781 1083 821 inter
1103 794 1269 834 opacos,

60 946 106 972 set
119 941 200 976 locis,
217 939 287 980 quis
300 949 407 970 vocem
419 945 627 981 pervagatam,
644 950 703 970 nec
718 950 787 970 sen-

61 994 110 1024 sui
135 992 318 1031 inhabilem,
341 992 446 1023 ivisset
466 992 609 1034 unquam
630 999 788 1032 permuta-

61 1043 150 1075 tum?
185 1044 292 1074 Multa
328 1050 436 1074 autem
473 1050 547 1074 sunt
583 1044 790 1085 exquisitioris

59 1095 146 1131 usus,
169 1095 203 1125 in
217 1094 342 1134 recepta.
364 1095 453 1125 nobis
467 1095 610 1131 lectione,
635 1106 705 1136 quae
725 1105 790 1125 non

62 1152 205 1187 poterant
227 1146 360 1177 librariis
384 1146 504 1176 inscitis
528 1157 593 1176 non
619 1147 790 1186 displicere,

61 1206 93 1229 et
107 1199 233 1239 injicere
256 1198 471 1228 offensionem.
519 1199 559 1228 In
574 1199 683 1238 primis
697 1199 788 1228 haesi-

59 1256 162 1281 tarent
183 1250 222 1280 ad
244 1250 446 1280 omissionem
468 1249 628 1288 particulae
651 1249 788 1289 cujuspi-

63 1313 126 1339 am,
149 1302 349 1332 similitudini
371 1301 583 1341 praeludentis:
610 1303 669 1332 hoc
684 1308 790 1332 autem

63 1364 129 1384 non
155 1353 253 1393 po'etis
275 1353 461 1383 inusitatum
487 1363 562 1388 esse,
587 1354 680 1391 probe
702 1353 789 1382 novi·

62 1416 142 1441 mus,
159 1411 190 1435 et
204 1415 252 1435 res
267 1405 301 1434 in
313 1405 362 1434 his
375 1404 610 1434 commentariis
621 1403 694 1434 alibi
709 1410 790 1434 trac-

61 1461 126 1486 tata
140 1462 201 1486 est:
227 1455 279 1486 adi
294 1465 361 1491 nos,
383 1455 417 1484 in
433 1455 479 1485 iii.
496 1458 568 1486 495.
592 1461 624 1484 et
637 1454 707 1484 vide
722 1464 793 1494 por-

61 1518 97 1538 ro
111 1507 248 1537 similem
262 1507 461 1547 elegantiam,
483 1506 522 1536 ad
537 1516 597 1536 ver.
616 1510 687 1538 926.
704 1516 793 1536 recu-

61 1566 210 1599 peratam.
255 1559 392 1595 Deinde,
415 1561 496 1599 lapis
519 1558 553 1588 in
569 1558 724 1588 feminino
738 1569 793 1599 ge-

63 1622 139 1643 nere
153 1622 272 1642 novum
286 1612 420 1642 indoctis
434 1611 590 1641 videretur
595 1623 605 1649 3
627 1611 793 1641 nescienti-

62 1666 121 1696 bus
148 1665 272 1701 scilicet‚
306 1679 340 1696 το
364 1667 445 1705 lapis
471 1675 588 1695 nomen
613 1664 710 1695 fuisse
729 1675 794 1695 non

61 1727 203 1747 crescens
217 1717 406 1747 LatInorum
429 1716 651 1752 vetustissimis
674 1716 722 1746 uti
738 1716 792 1746 do-

62 1778 171 1799 cemur
185 1768 358 1805 Prisciano,
381 1768 434 1798 lib.
450 1768 490 1798 vi.
507 1779 537 1807 p.
554 1771 626 1798 708.
649 1768 703 1808 qui
725 1767 794 1798 lau-

64 1820 119 1850 dat
140 1821 207 1859 lapi
231 1830 269 1849 ex
293 1819 417 1856 Ennio;
441 1825 473 1849 et
497 1819 641 1848 Nonium
657 1818 794 1849 BIarcel-

65 1870 145 1906 lum,
170 1871 210 1900 xi.
228 1874 278 1901 52.
301 1880 339 1900 ex
365 1870 477 1900 eodem
502 1869 594 1908 po'e'ta
615 1871 695 1899 dura
715 1871 796 1910 Iapis

66 1921 250 1960 protulisse;
270 1921 317 1951 uti
343 1931 414 1951 vere
437 1926 613 1951 statuerunt
637 1920 795 1961 corrigen-

65 1973 143 2003 dum
159 1984 225 2003 esse
240 1973 297 2003 viri
312 1972 405 2003 docti.
453 1973 545 2004 Idem
561 1973 794 2013 grammaticus,

66 2024 110 2055 iii.
145 2028 214 2054 125.
252 2024 515 2054 luculentissime:
558 2028 580 2042 “
597 2026 733 2064 Lapides
765 2030 797 2054 et

67 2079 91 2095 ‘⁴
106 2075 260 2106 feminino
275 2086 390 2116 genere
410 2076 473 2106 dici
496 2083 639 2115 possunt;
661 2081 697 2106 ut
711 2076 797 2116 apud

67 2130 90 2146 “
106 2127 266 2158 Ennium:
293 2127 398 2157 Tanto
412 2129 540 2158 sublatoe
557 2134 631 2158 sunt
644 2128 796 2168 agmine’‘

69 2178 105 2220 (l.
121 2181 279 2219 augmine,
305 2185 342 2209 ut
364 2178 435 2218 plus
456 2179 552 2209 semel
578 2179 612 2209 in
634 2178 797 2219 Lucretio)

66 2233 90 2248 “
107 2235 182 2259 tunc
207 2231 341 2269 lapides:
378 2230 418 2260 ad
449 2230 585 2260 Homeri
613 2230 794 2261 similitudi-

67 2284 92 2301 “
107 2291 197 2318 nem;
220 2281 275 2321 qui
283 2283 304 2296 ”
328 2282 422 2322 (forte
438 2283 571 2321 respexit
587 2282 647 2312 Od.
665 2290 707 2313 Ψ.
723 2283 794 2322 56.)

68 2335 92 2351 “
109 2342 223 2372 genere
238 2332 392 2362 feminino
406 2332 524 2371 lapides
538 2330 670 2372 posuit.”
716 2334 798 2364 Haec

68 2388 158 2413 erant
172 2382 332 2418 nimirum,
356 2393 426 2423 quae
448 2383 588 2413 librarios
610 2383 650 2413 ad
666 2384 797 2423 scriptu-

69 2444 138 2464 ram
164 2434 318 2464 sinceram
344 2435 601 2465 membranarum
622 2436 797 2466 immutan-

70 2485 145 2515 dam
160 2484 306 2515 videntur
320 2485 502 2524 impulsura.

73 2545 149 2577 Jam
171 2556 254 2583 vero,
283 2546 407 2584 po'etam
429 2553 570 2577 nostrum
591 2546 798 2577 similitudine

72 2596 168 2638 longe
198 2597 357 2637 aptissima
386 2608 481 2628 usum
515 2609 587 2634 esse,
619 2598 800 2629 fatebuntur

72 2658 194 2684 omnes,
223 2649 337 2689 quibus
351 2659 441 2688 sapor
461 2649 601 2688 poeticus
623 2650 800 2690 contigerit,

73 2706 106 2731 et
118 2706 328 2737 venustatum,
352 2712 428 2741 quas
447 2712 549 2732 sermo
570 2702 704 2732 suaviter
726 2713 800 2732 con-

72 2753 219 2783 cinnatus
246 2753 433 2792 suppeditat,
458 2753 507 2784 vel
531 2754 628 2784 levior
652 2761 802 2794 gustatus.

75 2804 207 2835 Plautus
221 2815 286 2835 non
301 2805 520 2836 incommodus
534 2806 704 2845 accesserit,
727 2806 801 2837 Aul.

78 2854 110 2885 ii.
130 2858 157 2885 1.
171 2859 202 2886 5.
224 2856 279 2886 ubi
294 2856 397 2887 videas
411 2856 618 2898 Longolium:

226 2950 295 2980 Quia
304 2951 373 2975 mihi
381 2951 480 2977 misero
491 2953 634 2979 cerebrum
643 2952 789 2979 excutiunt

94 2987 155 3012 Tua
166 2987 247 3019 dicta,
259 2996 342 3015 soror:
372 2991 466 3023 Iapides
477 2991 592 3024 loqueris.

833 938 902 968 Nec
917 936 1025 966 minus
1047 934 1186 974 apposite
1208 932 1291 963 vocis
1312 934 1474 964 resilientis
1496 943 1564 964 mo-

833 989 902 1024 dus,
929 997 1025 1028 quam
1042 987 1158 1017 sonoris
1185 984 1275 1021 ratio,
1300 984 1481 1024 depingitur
1506 985 1564 1015 hac

833 1038 1181 1080 imagine—Denique,
1197 1036 1275 1066 mihi
1293 1036 1399 1065 videor
1414 1036 1499 1066 haud
1514 1036 1565 1066 in-

833 1091 1014 1131 tempestive
1030 1090 1217 1124 moniturus,
1238 1087 1438 1117 orientalium
1453 1088 1486 1117 in
1501 1087 1565 1126 pri-

834 1144 895 1174 mis
917 1141 1178 1173 consuetudinem
1208 1150 1282 1175 esse,
1313 1149 1378 1169 non
1409 1149 1566 1178 apponere

832 1194 1018 1235 particulam
1043 1192 1197 1222 venientis
1228 1191 1484 1228 comparationis;
1518 1190 1565 1220 uti

833 1247 879 1276 vir
904 1246 997 1285 longe
1023 1243 1252 1274 eruditissimus
1279 1243 1424 1281 Bryanus
1436 1241 1566 1272 XValton

833 1297 948 1332 docuit,
964 1297 998 1325 in
1013 1301 1147 1325 tractatu
1163 1293 1201 1324 de
1216 1293 1362 1323 idiotism.
1384 1293 1458 1332 ling.
1484 1293 1568 1324 Heb.

833 1359 863 1388 p.
890 1351 938 1378 45.
967 1346 1079 1377 Bibliis
1101 1344 1282 1384 polyglottis
1304 1342 1446 1382 praefixo3
1473 1353 1569 1384 quem

835 1400 986 1431 consulas.
1044 1398 1199 1429 Horatius
1236 1397 1384 1438 denique,
1422 1397 1510 1436 epist.
1548 1396 1567 1427 i.

841 1455 888 1483 10.
905 1454 934 1482 5.

899 1533 1045 1559 Annuimus
1056 1534 1157 1566 pariter
1168 1532 1254 1558 vetuli
1263 1532 1375 1563 notique
1389 1531 1505 1558 columbi.

881 1615 964 1646 Ibid.
995 1617 1101 1647 solidis
1128 1617 1238 1646 adlisa.
1294 1614 1346 1644 Sic
1375 1613 1476 1644 solent
1504 1612 1571 1642 sine

838 1668 986 1710 adjuncto
1008 1668 1137 1698 nomine
1156 1667 1251 1707 primi
1274 1666 1386 1697 census
1400 1666 1570 1704 scriptores.

838 1719 995 1759 Exemplo
1010 1719 1142 1749 sufficiat
1160 1718 1326 1759 Virgilius,
1345 1718 1420 1747 AEn.
1436 1718 1476 1747 xi.
1494 1720 1569 1748 427.

1002 1800 1067 1826 etin
1078 1799 1156 1825 solido
1167 1806 1255 1824 mrsus
1267 1800 1386 1823 Fortuna
1397 1798 1508 1823 locavit.

842 1873 959 1904 Confer
983 1873 1096 1903 Horat.
1120 1872 1151 1902 ii.
1171 1875 1197 1903 1.
1214 1874 1264 1903 78.
1288 1870 1371 1901 Flor.
1394 1870 1415 1900 i.
1439 1874 1466 1900 2.
1488 1874 1517 1902 9.
1541 1876 1571 1900 et

838 1924 923 1955 alios.
968 1924 1108 1961 Tacitus,
1125 1933 1198 1953 ann.
1215 1923 1233 1952 i.
1253 1925 1372 1953 7o.—“
1389 1931 1491 1962 neque
1506 1921 1571 1952 dis-

840 1984 863 1999 “
879 1980 964 2010 cerni
979 1985 1124 2019 poterant
1138 1979 1257 2009 incerta
1272 1979 1311 2009 ab
1327 1979 1445 2016 solidis,
1468 1978 1573 2008 brevia

841 2035 862 2051 “
881 2043 900 2062 a
915 2031 1111 2071 profundis.”

841 2091 1024 2127 Enimvero,
1052 2090 1241 2122 Plutarchus
1269 2095 1300 2119 et
1325 2090 1411 2118 hunc
1435 2088 1575 2118 Lucretii

841 2142 956 2179 locum,
979 2143 1022 2173 sic
1038 2147 1074 2172 ut
1089 2152 1146 2171 nos
1161 2139 1430 2176 concinnavimus,
1454 2145 1485 2169 et
1499 2150 1574 2170 mox

843 2195 1001 2225 venientes
1017 2204 1092 2224 verr.
1109 2196 1183 2224 581.
1202 2196 1273 2224 582.
1296 2192 1422 2232 egregie
1438 2191 1573 2221 illustra-

839 2247 894 2283 bit,
910 2247 988 2286 plac.
1004 2246 1078 2285 phil.
1097 2246 1135 2275 ἰν.
1153 2249 1204 2275 20.
1231 2250 1285 2275 Em
1302 2257 1360 2275 παν
1377 2257 1410 2274 τα
1426 2256 1574 2282 κινεμειον,

840 2311 925 2337 empta
942 2310 1012 2328 weu-
1039 2310 1157 2327 κινειται
1171 2295 1201 2326 δε
1224 2297 1239 2328 ἦ
1257 2303 1343 2335 φωνῇ,
1367 2309 1417 2325 και
1435 2307 1573 2334 epam->reta

842 2362 876 2383 εις
894 2361 944 2382 τες
962 2356 1037 2382 mm
1056 2361 1159 2385 τσπες,
1177 2361 1227 2378 και
1240 2353 1480 2382 αντανακλαται,
1497 2348 1575 2376 καθα

843 2412 893 2441 περ
909 2413 954 2430 sm
982 2413 1033 2433 της
1049 2404 1226 2431 ΣΦΑῙΡΑΣ
1256 2412 1306 2431 της
1335 2399 1516 2435 &azimam
1539 2409 1574 2430 εις

844 2464 953 2491 ΤΟΙχΟν·
974 2464 998 2481 SV
1013 2463 1068 2490 ΎΒὟ
1084 2464 1148 2484 (Γαίς
1166 2451 1236 2480 κατ’
1252 2456 1403 2488 At‘yvvr-*ov
1425 2460 1576 2488 vaoelblfflv

841 2501 908 2532 ἔνδον
933 2509 1008 2542 φωνῆ
1036 2515 1090 2541 (lla
1112 2503 1270 2543 ρἣνϋμένη
1297 2512 1454 2540 ΤΕΤΤΜΡΕΞ,
1483 2512 1499 2531 ἦ
1525 2512 1574 2528 xa}

843 2564 939 2590 πεντε,
956 2565 1032 2593 πχες
1049 2553 1264 2594 απεργαζε-ται.

887 2611 962 2642 Ver.
979 2614 1050 2642 575.
1076 2613 1208 2642 Reddit:
1239 2611 1276 2640 B.
1302 2611 1412 2640 Redit.-
1439 2608 1509 2638 vide
1534 2607 1575 2637 sis

844 2673 914 2703 quae
929 2673 1034 2702 supra,
1050 2663 1090 2694 ad
1104 2673 1165 2693 ver.
1184 2665 1255 2693 555.
1272 2661 1454 2691 notaverim.

889 2715 971 2745 Ibid.
1006 2717 1142 2755 imagine
1178 2715 1266 2745 verbi.
1311 2713 1369 2743 Uti
1406 2711 1573 2753 Virgilius,

847 2775 914 2807 geo.
929 2765 970 2796 iv.
989 2768 1038 2797 50.

1028 2838 1156 2870 vocisque
1167 2838 1278 2863 obfensa
1291 2837 1401 2862 resultat
1411 2837 1492 2869 imago
1501 2846 1510 2862 .-

847 2925 878 2950 et
900 2930 1009 2950 omnes
1023 2920 1141 2959 Latini,
1164 2925 1234 2960 post
1254 2920 1421 2960 magistros
1438 2919 1572 2950 Graecoe.

849 2973 901 3004 Ita
916 2973 1049 3005 Archias
1063 2973 1096 3005 in
1117 2973 1355 3014 epigrammate:

805 3039 874 3071 [ΤΞ
