1912 3292
485 258 715 307 LIBER
764 254 1143 311 QUARTUS.

1455 266 1548 304 223

208 412 331 453 Nunc
346 417 501 455 tamen,
532 405 575 445 id
596 417 759 459 quoque
778 402 861 443 utei
883 401 1149 451 conformem,
1182 401 1351 442 exordia
1371 418 1507 444 rerum

207 485 460 526 cunctarum
479 493 604 534 quam
624 477 705 517 sint
724 475 899 525 subtilia,
927 475 1091 529 percipe
1111 476 1263 529 paucis.

99 563 175 599 115

264 556 465 603 Primum,
497 551 687 593 animalia
707 558 801 591 sunt
814 550 900 604 jam
921 549 1073 604 partim
1092 548 1263 598 tantula,
1296 557 1341 589 ut
1361 549 1509 590 horum

205 630 348 672 Tertia
366 642 461 683 pars
479 625 590 668 nulla
610 625 737 680 possit
756 624 915 664 ratione
934 623 1074 663 videri.

202 703 372 745 Horum
391 700 628 741 intestinum
649 697 761 754 quod
781 697 841 737 vis
861 696 979 752 quale
999 711 1084 737 esse
1102 696 1333 751 putandum
1353 696 1434 737 est?

203 776 319 826 Quid
339 775 473 817 cordis
492 774 651 831 globus,
673 779 744 814 aut
764 770 894 813 oculi?
936 771 1036 827 quid
1056 770 1262 811 membra?
1295 771 1394 826 quid
1415 771 1546 812 artus?

154 916 205 942 Sed
216 916 290 948 quid,
307 915 411 940 tonitru
422 914 527 939 turbida
538 917 628 943 torvo,

152 957 287 981 concussa
295 958 418 986 repente,
434 961 535 986 aequora
546 952 600 977 coeli

153 994 286 1020 Sensimus
296 995 406 1019 sonere?

103 1083 178 1113 Ver.
195 1086 265 1114 109.
280 1082 398 1119 Locus,
407 1091 502 1122 quem
513 1091 550 1111 ex
563 1080 707 1121 Diogene
720 1080 782 1110 La-

58 1135 137 1166 {irtio
153 1135 326 1166 Lambinus
340 1135 488 1173 admovit,
515 1141 550 1165 ut
564 1136 630 1165 haec
645 1134 782 1165 Lucretii

62 1187 237 1224 illustraret,
261 1194 359 1218 exstat
382 1187 435 1217 lib.
458 1197 487 1217 x.
511 1192 581 1218 sect.
597 1190 647 1218 47.
674 1192 704 1217 et
726 1188 785 1216 hoc

64 1240 171 1278 modo,
193 1239 307 1279 partim
333 1239 372 1270 de
396 1238 553 1270 anecdotis
582 1238 700 1269 Graecis
714 1237 785 1267 Vil-

60 1289 172 1321 loisoni
187 1290 401 1321 emendandus
418 1296 477 1320 est:
517 1296 655 1332 Χρησιμαν
677 1289 710 1322 δη
736 1303 787 1320 και

62 1353 135 1372 ’πετο
151 1354 316 1381 κατασχειν
332 1355 365 1372 το
380 1354 530 1380 στοιχειον·
547 1342 606 1377 219¹,
628 1341 671 1371 ὅτι
687 1353 727 1370 eroe
750 1353 785 1370 ει-

61 1390 144 1422 ὂωλω
161 1405 223 1425 ταις
240 1398 414 1424 λεπτοτησιν
437 1393 656 1433 ανυπερέλητως
680 1404 786 1431 κεχρη-

65 1455 126 1480 vm,
148 1447 288 1473 ΟΤΘΕΝ
312 1454 507 1484 αντιμαρτυρει
534 1455 589 1472 των
615 1449 788 1481 φαινομενων.

63 1493 153 1524 Illud
171 1493 402 1533 ineptissimum
425 1505 555 1534 χρηστα,
579 1492 663 1533 quod
688 1491 790 1523 ειδωλοε

63 1543 210 1585 praecedit
223 1544 258 1574 in
272 1543 410 1574 editione
426 1542 604 1580 Meibomii‚
629 1549 789 1582 arreptum

63 1602 111 1628 est
122 1596 216 1627 oculo
229 1596 356 1633 librarii,
372 1596 407 1626 in
418 1608 556 1638 χρησιμον
571 1595 683 1635 prioris
697 1595 789 1626 lineae

66 1655 225 1689 evagante.

62 1699 229 1731 Lucretius
254 1705 361 1731 autem
385 1699 518 1730 minime
541 1699 651 1738 incipit
681 1698 790 1730 docere

63 1751 131 1792 jam
155 1763 253 1791 nunc,
275 1752 359 1794 quod
385 1752 560 1782 Lambinus
585 1751 790 1789 existimabat,

65 1801 221 1843 imagines
235 1813 300 1833 esse
313 1801 491 1834 tenuissima
507 1801 621 1833 natura
637 1801 789 1841 praeditas3

65 1856 128 1886 hoc
142 1856 228 1886 enim
241 1861 320 1886 esset
333 1861 439 1886 actum
453 1866 559 1896 agere:
585 1855 639 1885 sed
654 1855 790 1895 accingi-

67 1912 131 1946 tur,
146 1913 183 1938 ut
193 1907 335 1938 ostendat
345 1919 436 1948 quam
446 1909 533 1938 tenui
546 1908 609 1937 sint
622 1907 684 1937 illae
698 1913 790 1937 natu-

66 1959 116 1996 τὲ;
141 1965 172 1989 et
185 1965 371 2000 argumenta
385 1960 511 1998 profert,
527 1959 612 1990 unde
627 1969 716 1989 mens
729 1959 791 1989 lec-

67 2009 144 2040 toris
172 2009 405 2050 quodammodo
433 2010 533 2040 valeat
561 2010 625 2040 suis
651 2010 793 2039 sensibus

68 2061 216 2101 effingere
230 2061 445 2091 inenarrabilis
466 2061 644 2092 subtilitatis
665 2061 793 2101 hujusce

69 2113 233 2143 notionem
256 2113 419 2149 tantulam,
445 2113 659 2152 imperfectam
685 2113 793 2143 saltem

70 2170 163 2204 atque
185 2164 377 2194 crassiorem:
404 2174 473 2204 quae
492 2164 586 2204 longe
601 2163 660 2194 alia
676 2174 723 2193 res
738 2169 793 2199 est,

71 2225 130 2245 nec
144 2225 378 2254 supervacanea.

114 2267 190 2297 Ver.
207 2270 276 2297 1152.
298 2278 383 2306 qzcce:
410 2267 450 2297 V.
467 2267 514 2297 ed.
530 2278 604 2306 que5
630 2267 667 2297 B.
683 2277 795 2306 quo.—

67 2319 205 2356 prz'mum
227 2319 342 2348 oculei:
369 2323 403 2348 Δ.
428 2320 509 2348 oculi
527 2320 794 2357 primum—ccep-

75 2373 160 2398 tant:
189 2373 233 2397 Ω.
247 2374 379 2407 raptant.

118 2418 198 2449 Ibid.
223 2419 306 2449 Cum
330 2419 380 2448 his
401 2429 568 2458 componas
582 2419 601 2449 i.
618 2421 795 2450 595—596.

76 2477 107 2501 et
122 2470 197 2500 ibid.
213 2480 274 2501 ver.
291 2473 468 2502 750—754.

120 2521 194 2551 Ver.
214 2524 282 2551 115.
305 2522 504 2562 conformem:
522 2523 565 2553 sic
580 2522 683 2553 Vind.
693 2522 733 2552 V.
751 2522 798 2552 ed.

78 2572 119 2603 Ο.
136 2578 171 2603 Δ.
189 2579 229 2603 Π.
244 2578 278 2605 Σ.
294 2573 522 2614 elegantissime
534 2574 673 2615 quidem,
690 2574 801 2614 siquid

75 2628 123 2653 est
138 2623 172 2653 in
187 2634 238 2653 me
250 2623 374 2664 judicii,
391 2631 422 2655 et
432 2625 612 2665 longissime
621 2636 715 2665 supra
731 2635 800 2655 sen-

76 2684 148 2704 sum
164 2675 290 2705 narium
304 2677 477 2712 obesarum‚
500 2687 569 2717 quae
583 2676 666 2716 plebi
681 2676 801 2707 librari-

73 2736 172 2756 orum
186 2727 396 2768 contigissent.
423 2727 543 2768 Vulgo,
559 2730 748 2771 confirmatu
768 2735 803 2758 ut

80 2777 192 2817 reliqui
206 2777 276 2808 libri
288 2784 412 2808 veteres.
443 2781 512 2810 Utei
526 2779 707 2820 confirmem
723 2790 804 2816 vero,

828 915 850 930 “
866 911 969 942 sunt.’'
1013 912 1079 942 Hic
1094 917 1201 942 autem
1216 921 1322 942 sensus
1337 911 1376 942 ad
1391 913 1550 952 sequentia.

827 963 1068 1003 pulcherrimam
1083 965 1175 994 habet
1189 969 1220 993 et
1233 964 1423 1003 aptissimam
1439 974 1548 994 conve-

828 1015 994 1045 nientiam:
1021 1015 1064 1053 id,
1086 1015 1170 1055 quod
1186 1015 1291 1045 statim
1312 1015 1407 1046 lector
1430 1017 1548 1046 sentiet.

827 1065 916 1096 Huic
932 1067 1025 1096 verbo
1040 1068 1208 1109 conjuncta
1231 1072 1304 1096 sunt
1320 1079 1359 1096 m
1374 1072 1550 1102 Aorowmm,

828 1122 982 1153 Εκτυποω,
1005 1123 1035 1147 et
1057 1119 1247 1152 “ra-aetuorom,
1280 1117 1478 1154 Graecorum3
1505 1123 1551 1146 at-

828 1179 888 1209 que
910 1179 1003 1199 usum
1025 1168 1160 1198 similem
1185 1167 1268 1206 apud
1290 1168 1452 1206 scriptores
1471 1168 1550 1207 opti-

828 1230 896 1250 mos
910 1219 1023 1249 sortita.
1069 1219 1110 1248 In
1133 1223 1279 1258 sequente
1295 1227 1393 1252 versu,
1421 1219 1458 1248 Β.
1473 1224 1553 1248 sunt.

831 1271 996 1305 Caeterum,
1027 1268 1067 1299 ad
1093 1269 1271 1308 frequentes
1292 1268 1554 1298 commutationes

829 1323 994 1352 verborum
1000 1322 1098 1362 firmo
1114 1325 1144 1350 et
1149 1320 1252 1361 jbrmo
1267 1319 1448 1358 probandas,
1471 1330 1553 1350 unus

830 1373 962 1404 sufficiet
977 1372 1066 1403 nobis
1081 1371 1367 1410 Drakenborchius,
1383 1371 1423 1402 ad
1435 1371 1504 1402 Liv.
1515 1372 1553 1402 iv.

834 1426 862 1455 7.
877 1428 908 1455 5.

875 1484 950 1514 Ver.
964 1486 1032 1515 115.
1051 1483 1105 1514 Ad
1120 1484 1205 1513 hunc
1219 1482 1350 1513 modum
1365 1482 1397 1512 hi
1412 1482 1475 1513 duo
1489 1492 1555 1512 ver-

835 1546 887 1567 sus
901 1536 934 1566 in
950 1535 1040 1566 editis
1055 1535 1235 1576 vulgaribus
1250 1535 1479 1574 exprimuntur:

831 1627 961 1656 Primum,
972 1626 1098 1651 animalia
1107 1627 1230 1657 suntjam
1241 1626 1339 1658 partIm
1350 1625 1465 1655 tantula,
1473 1631 1558 1650 eorum

832 1666 926 1691 Tertia
937 1673 996 1697 pars
1007 1665 1079 1690 nulla
1091 1669 1119 1690 ut
1130 1666 1211 1697 possit
1221 1666 1325 1690 ratione
1335 1665 1428 1690 videri.

834 1754 857 1785 J
859 1764 910 1784 am
925 1764 998 1784 vero
1021 1753 1101 1784 illud
1125 1760 1157 1784 ut
1173 1753 1302 1783 secundi
1317 1753 1421 1783 versus
1435 1752 1559 1783 editori-

833 1806 892 1835 bus
907 1805 1047 1842 debetur‚
1075 1810 1106 1834 et
1120 1806 1159 1834 ab
1174 1804 1319 1834 omnibus
1334 1803 1561 1843 exemplaribus

834 1857 961 1887 vetustis
976 1856 1105 1886 exsulat.
1144 1856 1208 1886 Pro
1222 1865 1336 1893 eorum,
1360 1855 1440 1885 Pius
1452 1855 1487 1885 in
1502 1865 1558 1885 no-

835 1909 881 1944 tis,
905 1908 964 1944 sui,
987 1914 1023 1938 ut
1037 1908 1167 1943 videtur,
1190 1907 1314 1943 oblitus,
1337 1912 1368 1937 et
1381 1907 1508 1946 scriptos
1521 1907 1559 1937 li.

834 1961 905 1990 bros
926 1969 980 1999 per
1004 1958 1241 1999 incogitantiam
1263 1957 1407 1993 referem,
1429 1967 1487 1987 nec
1506 1968 1559 1987 vo-

834 2010 998 2046 luntarius,
1025 2011 1115 2052 (nam
1140 2020 1241 2040 eorum
1265 2014 1410 2048 posuerat
1430 2007 1463 2037 in
1485 2018 1559 2038 con-

835 2061 938 2101 textu)
963 2061 1078 2101 praebet
1094 2062 1217 2095 Izorum;
1246 2059 1286 2090 O.
1316 2064 1351 2090 Δ.
1375 2065 1409 2089 ut
1435 2061 1541 2089 horum
1549 2075 1561 2097 ‚-

839 2119 882 2143 Ω.
897 2123 1000 2142 eorum
1016 2118 1060 2142 ut.
1108 2111 1190 2141 Sane
1207 2110 1310 2140 hiatus
1333 2116 1378 2140 est
1393 2109 1432 2140 ad
1455 2110 1560 2140 statio-

837 2174 910 2194 nem
927 2163 1049 2194 solitam
1074 2176 1111 2193 ers
1134 2169 1168 2193 ut
1192 2163 1225 2192 in
1251 2169 1290 2192 Π.
1314 2161 1367 2192 sed
1382 2172 1444 2200 me,
1468 2162 1511 2191 sic
1526 2168 1561 2191 ut

837 2214 929 2250 edidi,
952 2214 1122 2254 prudenter
1143 2213 1273 2244 edidisse
1288 2212 1376 2243 valde
1399 2213 1507 2247 sentio,
1531 2219 1562 2242 et

838 2267 968 2297 lectores
992 2272 1118 2296 nasutos
1144 2266 1326 2295 habiturum
1352 2275 1418 2294 esse
1443 2263 1559 2294 collau-

839 2318 947 2348 dantes
961 2318 1120 2357 ambigere
1134 2317 1183 2346 vix
1199 2316 1296 2347 valeo.

839 2369 951 2406 Porro,
981 2369 1078 2398 fateor
1100 2378 1152 2398 me
1176 2378 1241 2398 non
1275 2367 1356 2397 clare
1384 2367 1562 2405 perspicere,

841 2430 904 2460 quo
924 2420 1020 2450 modo
1040 2419 1174 2449 rationes
1198 2419 1259 2450 loci
1280 2419 1344 2450 sint
1365 2413 1563 2457 explicandae.

841 2472 960 2503 Utrum
980 2473 1040 2501 hoc
1062 2481 1171 2502 sensu:
1197 2475 1218 2489 “
1236 2470 1357 2501 Partim
1378 2469 1564 2500 animalium

843 2526 866 2541 ‘⁶
881 2528 954 2552 sunt
968 2521 1005 2552 ea
1019 2522 1177 2557 tenuitate,
1200 2526 1244 2557 ut,
1267 2522 1292 2551 si
1316 2520 1434 2551 dividas
1455 2521 1489 2550 in
1504 2526 1565 2550 tres

845 2577 867 2593 “
883 2573 1080 2605 solummodo
1094 2580 1202 2613 partes,
1225 2583 1266 2603 ne
1291 2583 1356 2602 una
1377 2572 1504 2612 quidem
1527 2582 1564 2602 ex

846 2628 868 2644 ‘⁵
884 2625 933 2654 his
961 2625 1100 2664 partibus
1130 2623 1275 2653 contenta
1311 2623 1475 2653 oculorum
1503 2623 1567 2653 acie

847 2682 869 2697 “
885 2677 1026 2717 contingi
1044 2676 1178 2716 possit:'’
1202 2686 1272 2716 quae
1294 2676 1383 2714 ratio,
1409 2682 1568 2716 utcunque

847 2728 972 2769 longius
994 2727 1090 2766 petita
1111 2726 1208 2757 videri
1230 2732 1341 2766 potest,
1364 2727 1428 2757 vim
1450 2727 1569 2758 nullam

848 2780 948 2810 verbis
962 2778 1069 2809 infert:
1095 2788 1136 2807 an
1151 2788 1256 2808 rursus
1269 2777 1309 2808 ad
1323 2779 1408 2809 hunc
1423 2777 1566 2808 modum:

80 2826 164 2861 valet
184 2831 207 2846 “
223 2830 377 2869 utjbrmz's
392 2830 579 2870 quibusdam
593 2831 690 2871 quasi,
707 2838 738 2861 et
748 2841 807 2871 ope
851 2834 873 2849 ‘⁶
892 2831 972 2860 Sunt
999 2828 1146 2859 animalia
1167 2834 1232 2858 tam
1254 2839 1347 2868 parva
1366 2829 1392 2859 si
1417 2830 1450 2859 in
1475 2829 1572 2859 frusta

82 2880 106 2896 “
122 2877 367 2910 similitudinum
381 2887 566 2920 apertarum,
588 2882 646 2912 tibi
661 2882 807 2912 manifes-

852 2886 874 2901 “
890 2892 985 2920 seces,
1001 2887 1038 2912 ut
1051 2891 1165 2921 magna
1179 2891 1249 2920 pars
1276 2880 1310 2923 (i.
1325 2891 1353 2912 e.
1366 2881 1471 2921 tertia)
1497 2881 1570 2911 isto-

79 2930 103 2946 ⁶‘
120 2934 196 2968 tem,
238 2940 333 2971 quam
361 2932 486 2964 subtilia
508 2933 677 2973 primordia
704 2943 809 2964 rerum
853 2938 875 2955 “
891 2944 963 2965 rum
985 2933 1179 2970 animalium,
1202 2933 1246 2965 ita
1269 2933 1385 2971 habita,
1410 2931 1507 2964 videri
1532 2933 1570 2963 ob
