1912 3292
502 236 755 292 LIBER
786 243 1139 294 TERTIUS.

32 195 35 217 Ι

30 274 34 302 r

30 334 32 351 l

29 369 32 423 l
195 379 283 421 Nec
301 375 476 433 repentis
495 375 599 416 itum
617 373 764 430 quoius
783 374 844 415 vis
863 388 1072 431 quomque
1091 377 1310 419 animantis

28 520 30 535 l

1483 254 1538 297 61

83 458 165 496 390
197 453 419 500 Sentimus3
450 464 526 491 nec
545 448 663 504 priva
681 447 842 503 pedum
854 449 1026 506 vestigia
1045 465 1234 508 quaeque,

194 528 378 581 Corpore
395 538 490 580 quae
510 524 554 564 in
573 530 716 564 nostro
736 522 897 573 culices,
919 531 960 564 et
980 532 1143 576 caetera,
1163 533 1339 581 ponunt.

192 601 333 656 Usque
353 599 456 640 adeo
479 598 592 653 prius
612 605 672 638 est
691 598 735 638 in
754 597 874 639 nobis
893 597 1022 640 multa
1041 599 1250 650 ciendum,

188 675 329 724 Quam
347 673 575 729 primordia
596 672 816 714 sentiscant
836 687 1033 714 concussa
1052 673 1223 724 animai,

25 766 29 804 ς
189 747 632 803 Semina‚-corporibus
652 747 802 788 nostris
822 747 998 788 inmixta
1017 762 1092 802 per
1112 755 1222 789 artus
1229 766 1242 797 3

25 826 28 839 l

25 855 28 883 Ι

46 924 178 956 sweep,
222 922 322 960 Libri,
337 935 476 965 aupas‘rm,
495 933 565 964 quae
580 933 639 953 vox
653 929 699 953 est
714 923 761 952 ni-

41 975 107 1013 hffi,
121 981 215 1017 atque
229 975 400 1016 analogicis
413 975 562 1005 orationis
579 975 698 1005 Graecae
713 985 762 1005 ra·

39 1028 177 1059 tionibus
204 1028 396 1059 adversatur:
423 1033 454 1058 et
478 1030 608 1070 ευριττοι.
655 1028 762 1058 Philo-

38 1080 118 1122 logis
131 1086 238 1111 autem
259 1080 426 1111 lectoribus
451 1079 651 1117 vocabulum,
674 1081 762 1110 scho-

37 1130 133 1162 liastae
148 1137 364 1162 conservatum
378 1137 409 1160 et
424 1131 569 1171 ignotum
591 1130 761 1170 lexicogra-

38 1184 120 1222 phis,
146 1182 256 1213 sedulo
279 1181 590 1212 animadvertendum
605 1188 666 1219 est3
689 1182 763 1212 hinc

40 1234 126 1264 enim
136 1233 219 1264 mlus
229 1233 390 1273 desperato
406 1232 557 1273 Hesychii
572 1232 760 1273 glossemati,

34 1295 131 1326 quam
155 1284 270 1314 frustra
291 1284 459 1323 speraveris
477 1283 618 1313 aliunde:
646 1289 756 1314 ΓΗΡΛ-

0 1331 6 1378 ᾖ
35 1341 126 1367 MON·
150 1340 313 1365 ΓΗΡΑΜΑ.
350 1334 468 1373 Vulgo,
485 1340 656 1363 monstrose
671 1333 755 1371 satis,

2 1384 7 1397 Ι

0 940 8 952 h

0 981 9 1010 t

0 1038 11 1074 l

0 1090 10 1116 ι

0 1398 8 1424 l
93 1401 227 1433 Quodque
237 1399 365 1424 coronati
376 1399 481 1423 lustran·
491 1399 588 1424 debeat
599 1399 679 1430 agni,

0 1455 7 1499 l
31 1475 176 1512 τημμω-
201 1467 487 1511 wrm—Interea,
505 1466 635 1507 Virgilii
648 1466 757 1497 edoce-

0 1503 5 1570 ξ
31 1531 104 1553 mur
117 1532 222 1552 veram
236 1520 534 1560 interpretationem,
550 1521 585 1550 ni
596 1519 699 1559 fallor,
717 1520 758 1551 ad

0 1574 221 1627 {gesti-569.

0 1640 6 1670 l
48 1643 114 1673 Ant,
124 1642 231 1668 simma
244 1643 331 1668 nantis
340 1644 367 1668 in
378 1643 458 1675 aqui,
469 1641 614 1668 conludere
620 1641 735 1675 plumas.-

0 1694 4 1740 l
25 1709 148 1748 plumas
162 1718 288 1748 nempe,
304 1709 408 1740 albam
422 1709 617 1750 lanuginem,
640 1709 688 1739 vel
704 1718 754 1739 ca-

0 1770 6 1797 !
30 1760 151 1797 niuem,
176 1760 444 1791 deflorescendum
469 1761 661 1800 plantarum:
688 1770 754 1791 uno

0 1811 5 1849 ζ
28 1811 133 1849 verbo,
143 1821 273 1851 pappos,
295 1811 438 1852 denique.
484 1812 572 1842 Hinc
590 1811 755 1848 Horatius,

0 1862 3 1886 Ι
28 1859 132 1891 od.'iv.
148 1864 197 1892 10.
213 1864 242 1891 2.
264 1861 403 1892 multum
422 1862 535 1892 criticis
547 1868 689 1901 vexatus,
705 1862 753 1892 in-

0 1918 5 1954 ξ
27 1911 215 1953 tegerrimus
229 1917 274 1942 est
288 1918 320 1942 et
334 1912 530 1952 purissimus:

58 1980 195 2011 Insperata
205 1983 263 2005 tuae
275 1986 339 2004 cum
353 1980 444 2005 veniet
451 1981 541 2013 pluma
552 1982 693 2013 superbiae.

0 2024 8 2095 'f
26 2041 139 2072 Pluma
155 2050 270 2080 nempe
290 2041 488 2081 generaliter,
513 2052 606 2072 comoe
620 2044 732 2081 lanugo
738 2057 749 2077 ,-

25 2101 110 2122 nunc
123 2093 266 2122 senilium
284 2094 476 2132 capillorum,
493 2094 750 2132 nuncpubescen-

24 2144 64 2174 tis
77 2143 206 2187 barbaeq
221 2153 316 2184 quam
325 2145 462 2183 primam
476 2151 601 2175 senectoe
623 2146 748 2185 lanugi-

23 2205 91 2226 nem
106 2194 219 2225 alicubi
233 2195 256 2226 J
257 2195 397 2226 uvenalis
412 2196 532 2227 vocitat.
572 2196 747 2236 Ineptiunt,

26 2246 81 2288 qui
94 2247 129 2277 in
143 2248 224 2277 hanc
243 2257 310 2277 rem
332 2247 468 2278 afferunt
490 2248 616 2278 Nemes.
639 2259 747 2289 cyneg.

45 2301 76 2328 7.
115 2297 196 2328 Haec
207 2298 285 2328 mihi
300 2298 371 2329 ideo
387 2299 489 2340 magis
503 2306 577 2330 sunt
591 2310 747 2339 persuasa,

0 2381 3 2390 Ι
23 2347 109 2389 quod
125 2348 251 2385 Graecis,
269 2349 456 2380 Latinorum
471 2350 544 2380 solis
559 2351 747 2388 auctoribuS,

0 2396 4 2453 ἓ
24 2412 134 2441 πτερω,
148 2398 198 2429 vel
206 2401 324 2439 pluma,
340 2407 386 2431 est
400 2402 473 2443 θριξ,
490 2403 629 2441 capillus.
661 2402 748 2433 Testi

0 2457 4 2478 ι
23 2450 62 2482 sit
77 2450 256 2494 AEschylus,
273 2452 410 2492 Cho‘e'ph.
427 2456 440 2482 1
450 2456 498 2483 72.

95 2523 148 2548 Koea
160 2532 212 2556 μην
222 2522 258 2548 ὅδ’
267 2532 320 2549 εστι
331 2523 408 2560 κιρτ’
417 2525 472 2552 ιὸειι
483 2525 627 2562 ὁμοπτερεςε

63 2594 117 2615 em
143 2591 268 2617 secutus
293 2593 339 2618 est
353 2588 529 2628 Euripides,
553 2590 655 2622 Elect.
672 2594 744 2623 530.

0 2634 3 2674 l
23 2636 92 2667 Nos
104 2636 194 2676 plura
208 2648 302 2678 super
312 2639 360 2670 his
375 2640 488 2672 alicubi
509 2642 544 2672 in
567 2642 651 2673 Silva
674 2643 744 2674 Cri-

21 2687 91 2719 Εἰώ-
128 2689 272 2720 Avienus
283 2690 318 2720 in
332 2691 441 2728 Arato,
457 2693 587 2734 vestigia
602 2694 745 2725 Maronis

0 2750 1 2765 2
23 2737 141 2780 legens,
170 2741 416 2782 interpretationi
441 2755 521 2776 meae
545 2745 743 2788 suffiagatur,

23 2798 85 2821 m.
100 2794 190 2824 1684.

57 2858 169 2891 Jamque
176 2865 251 2895 super
259 2863 442 2896 laticesstorum
453 2867 566 2895 volitare
575 2873 707 2895 senectam.

30 2915 192 2950 Consentit
206 2921 299 2954 etiam
314 2924 556 2968 Theophrastus,
582 2929 621 2960 de
645 2926 744 2972 'signis

807 921 931 962 pluviae,
962 922 1002 953 ad
1031 921 1237 954 finemz—soev
1273 936 1297 954 εν
1327 935 1364 965 τῃ
1394 923 1537 967 saian„

809 986 929 1004 παῖσαι
955 981 1089 1015 ceptam-ou
1117 981 1236 1012 πολλοι,
1265 975 1290 1005 οἱ
1318 987 1451 1014 γινομενοι
1477 989 1538 1006 mro

808 1040 863 1057 των
880 1031 1020 1058 ananiam.

850 1079 925 1109 Ver.
941 1083 1013 1110 588.
1042 1082 1136 1114 Quei:
1164 1086 1208 1111 Ω.
1229 1081 1532 1120 Quia-gravatim.-

807 1135 843 1160 Δ.
865 1138 997 1170 gravata
1005 1147 1016 1166 ‚·
1045 1138 1085 1162 Π.
1111 1138 1142 1161 et
1165 1132 1295 1172 quidam
1321 1132 1404 1172 apud
1427 1133 1536 1173 Pium,

803 1186 935 1221 gravati.
982 1183 1165 1223 Aliquando
1179 1183 1356 1223 cogitabam
1368 1184 1407 1214 de
1418 1187 1535 1224 grada-

803 1235 876 1264 tim:
917 1234 937 1264 i.
962 1244 986 1263 e.
1019 1234 1145 1272 sensim,
1177 1234 1279 1272 tarde;
1312 1235 1367 1265 sed
1396 1236 1533 1274 poenitet.

808 1286 966 1316 Grumum
985 1295 1109 1324 nempe,
1135 1297 1225 1326 aegre,
1241 1286 1421 1326 dfffflllw;
1445 1287 1534 1327 quasi

800 1345 921 1375 graves,
938 1341 969 1366 et
980 1336 1120 1367 motibus
1131 1337 1458 1376 inepti—Caeterum,
1469 1348 1535 1369 non

801 1392 847 1416 est
855 1386 1026 1417 venustatis
1035 1397 1144 1427 expers
1154 1387 1235 1418 illud
1242 1391 1367 1428 gravati
1372 1404 1382 1424 ,·
1397 1395 1533 1420 etmem-

801 1439 906 1469 branae
921 1440 1038 1478 pariter
1051 1442 1179 1471 turbant
1193 1441 1233 1471 ad
1249 1441 1387 1481 Livium,
1403 1442 1446 1473 iii.
1462 1446 1491 1473 4.
1504 1447 1533 1474 6.

801 1490 856 1520 ubi
870 1490 976 1521 videas
991 1491 1263 1523 animadversores.

845 1540 926 1572 Ibid.
949 1541 1067 1573 nimici:
1104 1542 1122 1573 i.
1147 1553 1173 1573 e.
1205 1544 1396 1586 permagna:
1422 1551 1531 1577 notam

800 1593 918 1633 inspice
939 1594 979 1624 ad
1008 1594 1027 1624 i.
1051 1597 1124 1626 520.
1174 1594 1301 1627 Tullius
1329 1596 1363 1627 in
1394 1598 1530 1637 Arateis,

799 1655 859 1676 ver.
875 1649 947 1677 514.

829 1714 943 1738 Lacteus
953 1713 996 1738 hic
1006 1713 1085 1739 nimio
1095 1715 1201 1747 fulgens
1212 1716 1334 1742 candore
1344 1719 1465 1741 notatur.

802 1769 852 1800 Sic
867 1770 963 1801 etiam
978 1771 1147 1812 Virgilius,
1163 1783 1231 1813 geo.
1247 1773 1280 1803 ii.
1292 1776 1364 1804 458.

861 1847 884 1871 O
894 1847 1046 1873 fortunatos
1057 1849 1176 1879 nimium,
1187 1849 1264 1874 suasi
1275 1850 1344 1875 bona
1355 1849 1458 1880 norint,

859 1887 1010 1918 Agricolas!

796 1953 814 1983 i.
843 1964 868 1984 e.
893 1958 915 1973 “
929 1956 1068 1986 maxime
1097 1956 1235 1994 felices,”
1258 1957 1307 1988 vel
1330 1963 1350 1976 “
1365 1967 1429 1998 prae
1457 1957 1526 1988 aliis

797 2012 817 2024 “
833 2007 1058 2040 felicissimos.”
1104 2011 1254 2051 Nugatur
1271 2012 1405 2050 Servius,
1430 2017 1463 2042 et
1476 2011 1525 2042 in-

795 2063 943 2098 terpretes
957 2060 1024 2091 alii:
1051 2061 1106 2092 sed
1121 2062 1156 2092 in
1171 2073 1205 2093 re
1219 2063 1294 2094 nota
1302 2064 1395 2104 piget
1408 2063 1523 2094 immo-

793 2111 865 2147 rari,
883 2117 914 2141 et
928 2123 1096 2154 congerere
1111 2115 1327 2155 exemplorum
1342 2116 1415 2147 vim.

838 2163 909 2194 Ver.
925 2168 998 2196 389.
1020 2169 1153 2206 repentis
1166 2170 1262 2199 itum:
1288 2168 1386 2200 Vind.
1410 2169 1451 2200 V.
1474 2169 1523 2199 ed.

794 2213 833 2245 Ο.
851 2220 885 2246 Δ.
903 2222 943 2246 Π.
961 2221 995 2248 Σ.
1015 2223 1059 2248 Ω..
1074 2226 1196 2258 repente
1209 2222 1301 2251 situm
1307 2236 1318 2256 ;
1345 2221 1383 2257 Q.
1404 2223 1523 2261 repenti

791 2267 900 2303 sz'tum,·
925 2268 1022 2298 literis
1048 2272 1271 2302 tantummodo
1288 2272 1375 2303 male
1390 2272 1520 2313 disposi-

790 2318 845 2349 tis:
872 2330 930 2350 nec
956 2321 1073 2352 mirum
1095 2330 1144 2354 est
1157 2334 1269 2355 vocem
1279 2325 1470 2356 rarissimam
1485 2325 1521 2355 in

792 2379 908 2402 errores
925 2374 1040 2404 scribas
1062 2376 1242 2416 conjecisse;
1266 2376 1329 2418 qua
1351 2383 1422 2417 post
1446 2387 1518 2407 nos-

790 2425 875 2452 trum
889 2433 946 2462 pro
961 2434 1049 2456 more
1063 2436 1141 2457 usus
1156 2433 1203 2458 est
1217 2428 1390 2466 Arnobius,
1411 2427 1464 2458 lib.
1480 2427 1520 2459 vi.

789 2482 818 2511 p-
847 2476 916 2505 203.
939 2476 1098 2509 Lambino
1119 2489 1184 2509 non
1210 2480 1398 2518 praeteritus:
1426 2484 1447 2497 “
1462 2480 1519 2509 An

790 2526 812 2541 “
827 2524 963 2556 habeant
976 2527 1039 2558 itus
1052 2528 1178 2568 liberos,
1204 2540 1279 2560 curn
1293 2530 1418 2561 libuerit
1432 2529 1519 2561 abire

790 2577 812 2592 “
827 2578 1098 2619 quocunque—?''
1132 2581 1325 2611 Ammianus
1354 2580 1515 2611 Marcelli-

787 2636 858 2663 nuS,
868 2629 952 2660 xxiii.
961 2633 1060 2661 3.—“
1075 2634 1154 2663 itum
1166 2632 1302 2670 felicem,
1318 2632 1516 2674 reditumque

789 2681 812 2697 “
827 2678 1010 2720 gloriosum,
1027 2683 1208 2722 exoptans.”
1241 2683 1316 2714 Alia
1329 2684 1414 2724 apud
1428 2695 1514 2715 com-

787 2730 899 2760 munia
914 2731 1012 2763 lexica
1027 2744 1158 2774 quaeraS,
1174 2740 1205 2764 et
1221 2735 1365 2766 Nonium
1376 2736 1513 2767 Marcel-

787 2779 863 2811 lum.
911 2782 1108 2814 Glossarium
1129 2790 1231 2816 vetus:
1262 2790 1284 2805 “
1300 2789 1382 2826 Itus,
1409 2800 1514 2831 oropmae.

789 2835 811 2850 “
827 2835 950 2873 —Icus‚
980 2835 1048 2874 itio,
1079 2837 1204 2879 mpemffl
1248 2838 1293 2869 Et
1323 2840 1515 2871 Ammianus

787 2883 869 2914 alibi.

833 2936 906 2967 Ver.
927 2941 1001 2970 390.
1023 2941 1190 2972 Sentimus:
1217 2942 1265 2973 M.
1289 2945 1514 2974 Sentiamns.——
