1912 3292
448 247 681 298 LIBER
728 247 1082 297 TERTIUS.

172 388 270 430 Hoc
289 384 424 426 anima
443 388 565 436 atque
585 379 746 421 animus
759 379 917 435 junctei
938 389 1033 421 sunt
1051 379 1204 435 foedere
1224 394 1393 436 semper.

228 460 352 501 Nunc
372 471 463 513 age,
484 455 644 496 nativos
663 454 939 496 animantibus
959 462 1000 494 et
1019 454 1224 496 mortaleis

174 534 273 575 Esse
292 531 465 580 animos,
487 530 724 585 animasque
742 529 879 579 leveis,
899 536 947 569 ut
965 543 1133 570 noscere
1151 528 1299 584 possis;

61 613 142 649 420
175 605 418 661 Conquisita
436 605 523 654 diu,
545 603 734 660 dulcique
753 612 914 659 reperta
932 603 1087 653 labore,

173 681 319 738 Digna
337 679 409 722 tua
427 693 598 736 pergam
617 678 836 734 disponere
855 679 1038 719 carmina
1056 677 1151 718 vita.

173 755 242 797 Tu
262 754 351 796 face
371 762 591 809 utrumque
611 767 696 794 uno
716 752 936 809 subjungas
955 752 1123 793 nomine
1142 766 1304 802 eorum3

169 830 308 884 Atque
332 828 529 877 animam,
552 826 668 867 verbi
688 826 845 876 caussa,
867 841 992 881 quom
1012 826 1148 867 dicere
1167 840 1354 883 pergam,

174 902 402 944 Mortalem
421 916 508 943 esse
529 901 697 952 docens,
717 900 902 942 animum
922 915 1085 956 quoque
1104 900 1241 941 dicere
1260 900 1420 951 credas3

33 1069 284 1108 reclamantibus,
303 1069 468 1100 unanimes
485 1075 515 1100 et
540 1068 759 1109 patientissimi

33 1123 214 1162 receperint.
260 1122 393 1152 Factum
408 1128 454 1152 est
467 1121 696 1162 indignissime!

74 1175 149 1205 Ver.
165 1177 235 1204 414.
254 1184 361 1213 peresa
377 1179 438 1205 est:
463 1173 482 1203 i.
498 1184 524 1203 e.
552 1183 608 1213 per
633 1173 757 1203 abusio-

34 1235 118 1262 nem,
134 1235 190 1265 pro
205 1231 348 1265 corrupta
368 1231 422 1263 est,
445 1235 505 1255 ver.
530 1229 602 1256 411.
625 1225 674 1256 vel
689 1236 760 1256 con-

34 1283 153 1317 sumpta
167 1284 219 1312 est,
233 1276 342 1316 quovis
351 1275 481 1306 demum
491 1285 571 1306 casu.
595 1275 762 1316 Virgilius,

38 1330 114 1359 AEn.
129 1328 169 1359 vi.
184 1331 257 1358 442.

70 1407 134 1415 —
145 1400 211 1426 quos
221 1393 303 1418 durus
313 1400 391 1418 amor
401 1393 474 1419 letali
482 1394 544 1418 tabe
551 1393 688 1426 peredit—.

82 1453 156 1483 Ver.
178 1455 251 1484 415.
274 1452 349 1483 Hoc
364 1452 473 1483 ordine
487 1453 637 1494 leguntur
651 1453 684 1484 hi
699 1452 764 1484 duo

35 1514 141 1535 versus
154 1504 188 1534 in
202 1503 238 1535 P.
250 1503 347 1535 Vind.
359 1504 398 1535 V.
411 1504 457 1534 ed.
471 1505 508 1536 B.
521 1505 560 1536 Ο.
572 1506 611 1542 Q.
626 1510 660 1538 Δ.
671 1510 706 1537 Σ.
718 1511 763 1537 Ω.

40 1555 84 1587 In
112 1555 291 1597 vulgaribus
316 1555 520 1595 editionibus,
548 1557 602 1598 qui
627 1557 767 1598 sequitur

37 1616 142 1638 versus
155 1608 229 1638 huic
244 1607 382 1647 praeponi
397 1607 485 1645 solet,
500 1618 556 1647 per
577 1614 766 1639 structuram

37 1659 144 1690 minus
159 1658 352 1690 artificialem
367 1665 459 1700 atque
473 1660 592 1699 po‘e'tice
612 1660 765 1691 solertem.

40 1712 210 1750 Caeterum,
225 1711 357 1752 hujusce
368 1711 474 1742 versus
485 1711 658 1742 locutiones
669 1712 768 1743 solem

38 1763 203 1794 cadentem
217 1761 427 1802 pulcherrime
442 1762 622 1801 respiciunt,
641 1763 768 1802 quando

37 1824 144 1845 rerum
157 1814 252 1844 facies
274 1813 407 1854 caligine
428 1814 611 1844 involvitur:
639 1820 669 1844 et
691 1825 764 1845 nos-

40 1871 125 1897 trum
140 1876 220 1905 pene
235 1865 348 1896 dixeris
364 1866 562 1895 Homereum
580 1875 704 1896 versum
719 1876 768 1896 re-

41 1922 227 1957 praesentare
240 1917 384 1956 voluisse,
398 1917 455 1958 qui
469 1917 584 1958 legitur
598 1917 633 1948 in
649 1917 710 1948 Od.
735 1924 765 1949 Β.

43 1972 116 2000 388.

87 2041 184 2068 Aona-o
195 2041 217 2068 τ’
228 2046 312 2072 noan,
324 2050 440 2068 amoma-o
450 2050 477 2068 τε
487 2051 571 2068 :raa-ou
582 2051 672 2074 αγωοιι
680 2053 690 2070 .·

46 2102 96 2134 'vel
109 2101 220 2141 alium,
236 2102 276 2133 ad
293 2102 331 2133 Il.
347 2109 382 2134 A.
399 2105 471 2135 475.

244 2180 320 2205 ηελιος
331 2176 436 2206 κατ-εδει,
448 2187 495 2202 zm
508 2186 544 2203 sm
561 2184 651 2210 κνεφας
664 2177 726 2207 ηλθε.

86 2233 163 2265 Ver.
186 2238 257 2266 416.
282 2237 439 2276 alioquin:
465 2237 508 2268 sic
535 2237 574 2268 V.
604 2237 652 2269 ed.
679 2243 774 2279 atque

47 2285 172 2322 rectius,
187 2292 223 2316 ut
237 2286 356 2326 opinor.
400 2287 522 2328 Vulgo,
537 2290 663 2329 alioqui.

92 2335 171 2367 Ibid.
194 2338 289 2369 orbis:
314 2338 335 2369 i.
350 2349 376 2369 e.
400 2340 515 2376 oculus,
541 2340 581 2369 ob
599 2339 772 2370 rotundita÷

50 2392 132 2424 tem;
158 2387 242 2418 unde
257 2389 352 2420 etiam
367 2400 423 2429 pro
445 2391 545 2430 capite
568 2390 774 2430 Prudentius,

51 2438 215 2478 peristeph.
235 2449 264 2470 x.
279 2443 349 2471 843.

93 2512 229 2536 venarum
240 2515 272 2537 ut
282 2513 383 2538 undam
395 2514 528 2546 profluam
539 2516 720 2546 manantium,

94 2553 128 2576 Et
139 2552 294 2584 palpitantis
304 2553 369 2579 orbis
379 2555 518 2588 exciperet
529 2556 651 2588 globum.

54 2621 144 2655 Male
159 2624 299 2666 plerique
314 2627 458 2666 editores,
473 2630 543 2660 oris.
567 2629 688 2660 Verum
703 2628 780 2659 vidit

23 2673 32 2679 ‘
53 2674 109 2727 Jso
137 2676 300 2717 glossator:
334 2682 356 2698 “
374 2679 473 2716 Quasi
501 2683 644 2721 spiritum
673 2681 780 2713 volens

51 2729 80 2747 *θ
93 2728 228 2767 recipere
243 2728 334 2760 filii:”
358 2740 433 2760 nam
447 2733 574 2771 spiritus
589 2739 635 2763 est
648 2733 683 2763 in
705 2744 778 2764 san-

53 2781 164 2818 guine‚·
190 2780 260 2811 vide
283 2792 387 2821 supra,
410 2793 471 2813 ver.
488 2787 537 2814 45.
577 2785 686 2816 Globus
707 2795 781 2815 vero

54 2832 106 2858 ‘est
130 2839 230 2861 massa
254 2833 429 2873 sanguiniS‚
459 2834 604 2877 σφαιρηδον
626 2835 780 2874 cadentis;

57 2879 184 2921 δρομέων
199 2893 311 2923 agmen
327 2885 545 2917 orbiculatum.

102 2930 176 2963 Ver.
191 2937 264 2967 417.
279 2938 407 2969 vz'nctez':
426 2937 462 2969 P.
475 2938 516 2969 V.
529 2939 576 2970 ed.
595 2944 628 2970 Δ.
643 2940 780 2979 Σ.]ἰιηε·-

801 1071 844 1107 ei,·
861 1079 963 1100 errore
978 1073 1136 1109 perpetuo,
1153 1069 1193 1099 ob
1207 1067 1435 1099 elementorum
1450 1065 1537 1100 duc--=

803 1128 854 1152 tus
867 1132 993 1161 prorsus
1012 1121 1138 1158 similes,
1170 1121 1214 1150 ita
1235 1127 1272 1150 ut
1294 1130 1364 1150 raro
1388 1119 1529 1161 dignosci

803 1179 935 1213 queant;
958 1178 1050 1212 atque
1072 1171 1200 1201 interest
1228 1180 1296 1200 raro
1322 1171 1470 1206 multum,
1493 1177 1530 1201 ut

804 1223 1036 1263 dignoscantur.
1081 1222 1203 1251 Verum
1226 1221 1312 1251 enim
1326 1231 1410 1259 vero,
1433 1232 1466 1252 re
1481 1232 1528 1252 se-

806 1273 917 1304 cundis
939 1272 1179 1313 cogitationibus
1206 1271 1347 1310 tractata,
1373 1286 1406 1303 ero
1421 1272 1531 1312 juncti

806 1324 1047 1366 relinquendum
1059 1334 1125 1354 esse
1137 1324 1171 1354 in
1183 1329 1331 1355 contextu
1340 1324 1519 1355 censuimus
1526 1337 1535 1363 ;

804 1379 844 1408 ob
858 1378 939 1406 hanc
959 1386 1102 1406 caussam
1125 1375 1252 1413 scilicet,
1276 1375 1359 1416 quod
1377 1375 1532 1417 Virgilius

806 1429 944 1469 phrasim
949 1428 1051 1468 jungo
1060 1428 1181 1469 foedere
1196 1437 1332 1467 persaepe
1347 1427 1532 1467 adhibuerit,

796 1481 917 1521 soedere
940 1485 1048 1510 contra
1076 1481 1177 1510 vincio
1207 1489 1249 1508 ne
1274 1478 1370 1509 semel
1395 1479 1532 1519 quidem.

810 1532 858 1562 M.
874 1537 980 1562 autem
994 1532 1087 1561 habet
1102 1532 1223 1569 vinctis,
1239 1529 1354 1560 omisso
1367 1536 1448 1561 sunt.
1480 1530 1534 1560 An

808 1582 962 1622 scripserit
976 1581 1160 1613 Lucretius?

839 1656 896 1681 Hoc
912 1656 1002 1681 anima
1020 1659 1102 1687 atque
1121 1654 1225 1680 animus
1244 1654 1345 1680 vinctei
1365 1654 1410 1680 sibi
1431 1654 1536 1681 foedere

935 1701 1051 1726 semper.

814 1759 929 1790 Graevii
945 1757 1113 1788 consilium
1128 1768 1191 1788 non
1214 1757 1321 1797 probo,
1347 1757 1401 1797 qui
1423 1758 1457 1787 in
1477 1757 1536 1788 hoc

811 1811 880 1841 loco
898 1810 1066 1845 Ciceronis,
1082 1810 1121 1840 de
1136 1810 1226 1840 amic.
1242 1813 1339 1840 7.-“
1350 1809 1375 1839 si
1387 1810 1539 1840 exemeris

814 1865 836 1880 “
853 1871 890 1892 ex
906 1860 1018 1891 natura
1032 1871 1138 1891 rerum
1162 1860 1385 1891 benevolentiae
1396 1861 1539 1900 junctio-

815 1916 837 1931 “
850 1923 916 1943 nem
924 1913 957 1949 ;’'
975 1925 1017 1953 τῳ
1025 1913 1205 1943 vinctionem
1217 1911 1251 1942 id
1262 1911 1443 1951 praetulerit:
1464 1922 1540 1942 nam

814 1964 988 2002 Arnobius,
1006 1964 1059 2004 qui
1075 1973 1166 1994 voces
1180 1963 1396 2003 exquisitiores
1409 1962 1539 2003 scripto-

814 2025 887 2046 rum
912 2015 1048 2047 delibare
1073 2015 1162 2053 solet,
1187 2024 1252 2045 non
1277 2025 1366 2045 secus
1390 2014 1542 2056 loquitur,

816 2067 857 2098 ad
872 2067 924 2098 lib.
939 2068 970 2098 ii.
986 2078 1018 2107 p.
1034 2071 1152 2099 68.--“
1168 2069 1319 2099 vinctione
1334 2067 1368 2097 in
1393 2067 1542 2107 perpetua

818 2122 839 2138 “
853 2120 1045 2151 contineri:’'
1068 2126 1100 2150 et
1122 2119 1195 2150 ibid.
1221 2130 1250 2159 p.
1266 2122 1317 2150 87.
1334 2119 1456 2151 im.—-“
1472 2120 1542 2160 quis

817 2175 839 2190 “
855 2178 963 2204 auctor
976 2174 1139 2203 vinctionis
1153 2170 1325 2202 istius—-?‘'

859 2224 934 2255 Ver.
950 2228 1024 2255 420.
1048 2226 1134 2255 dulci
1156 2230 1275 2264 reperta
1298 2224 1408 2254 labore.
1453 2224 1540 2255 Ean-

816 2276 889 2307 dem
903 2286 972 2307 rem
989 2276 1142 2318 Virgilius
1157 2276 1247 2306 aliter
1261 2275 1414 2314 exhibuit,
1430 2276 1484 2306 ecl.
1500 2277 1540 2307 ix.

817 2331 867 2359 64.

833 2394 980 2419 Cantantes
990 2394 1053 2420 licet
1063 2402 1158 2427 usque,
1174 2396 1263 2421 minus
1274 2396 1317 2421 via
1329 2396 1422 2426 laedat,
1433 2403 1542 2422 eamus:

819 2461 850 2486 et
864 2456 1020 2486 consimili
1034 2463 1196 2488 venustate
1211 2458 1354 2497 Placenti,
1379 2463 1435 2488 sat.
1462 2458 1495 2489 ii.
1512 2463 1540 2490 2.

823 2511 837 2539 1
845 2513 873 2540 2.

862 2567 979 2594 Molliter
987 2573 1125 2595 austerum
1132 2570 1222 2594 studio
1232 2569 1342 2595 fallente
1353 2569 1482 2596 laborem.

824 2616 916 2647 Idem
946 2619 1072 2658 insuper
1103 2620 1301 2649 Mantuanus
1329 2619 1404 2650 alibi
1432 2630 1546 2652 novam

823 2670 910 2710 quasi
925 2671 1056 2710 hujusce
1078 2670 1183 2701 versus
1204 2671 1377 2712 imaginem
1399 2671 1546 2712 reddidit,

822 2731 890 2762 geo.
906 2722 925 2752 i.
943 2725 1014 2754 197.

865 2779 935 2811 Vidi,
944 2780 1013 2805 lecta
1024 2780 1080 2811 diu,
1091 2785 1119 2806 et
1130 2780 1219 2806 multo
1229 2784 1351 2813 spectata
1359 2781 1483 2808 labore—.

867 2830 944 2861 Ver.
961 2834 1034 2862 421.
1059 2831 1213 2863 Codicum
1230 2832 1269 2863 Ο.
1287 2837 1322 2863 Δ.
1344 2832 1424 2863 ratio
1438 2832 1472 2862 in
1487 2833 1548 2862 hoc

824 2893 915 2913 versu
930 2883 1146 2915 constituendo
1160 2884 1292 2915 minime
1306 2884 1385 2915 mihi
1396 2884 1547 2924 displicet:

856 2951 942 2981 Digna
953 2950 1012 2981 tufi,
1024 2951 1138 2982 Memmi,
1148 2959 1259 2984 pergam
1271 2952 1410 2984 disponere
1420 2950 1490 2975 vita:
