1912 3292
504 241 739 289 LIBER
786 241 1136 290 TERTIUS.

1481 254 1570 300 187

213 372 385 414 Mortua
403 371 500 426 quoi
520 372 604 412 vita
623 377 683 411 est
703 384 837 426 prope
848 371 938 426 jam
957 371 1066 422 vivo,
1088 380 1213 429 atque
1232 373 1413 438 videnti?

74 451 180 487 1060
213 448 299 496 Qui
320 460 463 488 somno
483 453 646 500 partem
667 446 867 501 majorem
888 447 1065 488 conteris
1086 448 1184 498 aevi;

69 602 226 642 Denique,
265 600 399 640 figuram
428 600 651 632 Lucretianam
685 601 797 642 Dictys

65 652 161 682 etiam
191 651 348 682 Cretensis
384 651 609 690 speciosissime
643 654 794 692 tractavit,

65 703 110 734 iii.
124 707 154 734 5.
177 706 200 722 “
215 703 291 734 Jam
308 713 433 734 summa
455 714 561 735 rerum
583 705 795 745 Trojanarum

67 758 89 772 ‘⁶
104 763 202 793 prope
215 764 352 784 occasum
369 755 466 785 erat.'’

103 804 185 834 Ibid.
208 806 332 835 decurso
346 807 464 836 lumine
478 808 565 837 vz'tae:
591 806 611 837 i.
628 816 653 837 e.
677 810 700 825 “
722 817 793 837 cur-

65 857 89 874 “
103 854 203 885 riculo
223 855 294 885 vitae
316 866 382 886 non
409 864 674 896 praeproperanter
694 857 792 888 inter-

66 909 88 924 “
103 912 204 945 cepto,
228 906 281 937 sed
291 907 378 947 juste
393 906 483 938 finito
497 918 554 946 per
567 914 724 939 maturam
739 919 791 939 ve-

64 960 86 975 “
101 957 288 988 tustatem;”
313 968 413 998 quum
435 958 516 989 duos
539 965 571 989 et
595 960 793 1000 septuaginta

59 1019 158 1039 annos
173 1009 348 1049 impleverit
370 1010 537 1050 Epicurus,
560 1018 687 1042 auctore
710 1012 790 1043 Dio-

60 1071 142 1102 gene
156 1062 291 1099 Lakirtio,
315 1073 344 1093 x.
364 1065 412 1094 15.

102 1114 178 1144 Ver.
198 1117 289 1146 1057.
314 1117 486 1146 Restinaeit:
511 1116 556 1146 sic
575 1115 790 1147 emendatissi-

58 1174 123 1203 me,
141 1165 238 1196 Vind.
254 1167 292 1196 Β.
308 1166 346 1197 L.
362 1167 411 1197 M.
429 1166 469 1197 O.
489 1172 525 1198 A.
542 1172 577 1199 Σ.
593 1173 639 1198 Ω.
655 1173 687 1197 et
701 1167 790 1198 codd.

56 1216 224 1256 Lactantii‚
246 1218 290 1248 iii.
316 1221 366 1250 17.
390 1221 560 1251 Restrinz'it
582 1226 702 1258 autem,
725 1229 790 1254 non

57 1269 144 1300 aliud
166 1270 251 1301 haud
276 1271 372 1301 dubie
394 1272 544 1310 volentes,
567 1273 604 1303 P.
621 1273 662 1303 V.
679 1273 726 1304 ed.
747 1279 789 1303 n.

58 1324 200 1360 Quidam
228 1325 348 1364 volunt,
388 1328 580 1361 Praestz'naez't,
618 1326 668 1356 vel
699 1328 788 1356 Prae-

57 1378 196 1413 strz'nrit;
213 1376 462 1412 mendosissime,
478 1382 515 1407 ut
527 1381 618 1406 acute
626 1375 705 1406 vidit
720 1375 788 1405 Da-

57 1426 163 1465 visius,
186 1427 226 1457 ad
243 1427 367 1457 Minue.
383 1426 448 1457 Fel.
464 1437 494 1466 p.
514 1429 583 1458 117.
610 1428 659 1456 hae
674 1425 788 1467 quoni-

55 1491 108 1511 am
123 1491 211 1511 voces
226 1480 307 1510 nihil
329 1479 416 1510 aliud
438 1486 580 1519 possunt,
604 1490 700 1521 quam
714 1481 786 1510 levi-

55 1539 102 1563 ter
115 1534 286 1570 obscurare,
301 1531 355 1562 illa
372 1531 501 1572 quidem
507 1543 518 1569 3
534 1537 566 1562 et
580 1534 612 1562 in
628 1533 788 1574 superficie

46 1584 158 1626 ferire,
189 1585 271 1614 haec:
312 1583 383 1614 vide
408 1593 466 1614 nos
492 1583 533 1614 ad
561 1583 581 1613 i.
611 1586 684 1614 487.
715 1586 787 1614 667.

56 1637 235 1675 Perstringo
253 1640 361 1665 autem
376 1634 470 1673 valet,
492 1636 593 1665 valide
607 1640 640 1664 et
654 1633 786 1664 efficaci-

53 1692 101 1717 ter
103 1688 216 1728 ferire.
250 1687 274 1718 J
274 1696 327 1717 am
341 1695 427 1724 vero,
442 1686 477 1715 in
491 1691 640 1725 tyronum
654 1685 790 1726 gratiam

53 1738 128 1769 huic
142 1744 330 1779 argumento
345 1736 514 1776 paullisper
535 1736 697 1766 immorari
712 1736 786 1766 lice-

51 1795 102 1827 at;
124 1799 200 1819 nam
214 1789 376 1819 veritatem
403 1787 437 1817 in
458 1787 509 1817 his
529 1787 623 1816 rebus
645 1796 710 1816 non
724 1787 787 1817 nisi

53 1851 109 1881 per
124 1840 274 1871 nebulam
288 1840 346 1870 viri
367 1839 417 1869 vel
439 1839 610 1869 doctissimi
631 1838 785 1869 viderunt.

56 1893 210 1924 Conferas
224 1898 330 1923 tamen
353 1891 440 1931 prius
459 1891 563 1931 ipsum
588 1891 719 1928 Carum,
744 1891 785 1921 ad

54 1944 92 1974 iv.
115 1947 187 1974 871.
207 1947 297 1974 1080.
314 1952 341 1974 v.
361 1943 431 1973 12⁴1.
456 1952 527 1982 quae
541 1942 610 1973 loca
624 1948 698 1972 sunt
712 1952 784 1982 pro-

51 1995 154 2036 posito
183 1995 321 2025 maxime
351 1999 574 2024 consentanea:
612 2004 688 2024 nam
711 1994 803 2031 solis,

53 2045 222 2077 exorientis
237 2045 308 2075 luce
322 2045 423 2075 sidera
437 2044 572 2083 minora,
595 2045 683 2085 quasi
697 2044 782 2075 infu-

52 2097 94 2128 sis
107 2097 206 2138 aquis,
222 2107 347 2136 prorsus
361 2096 520 2136 exstingui
534 2095 644 2127 solent.
689 2096 783 2127 Hen-

50 2148 134 2179 ricus
150 2148 398 2189 Cannegieterus
412 2148 452 2178 de
465 2148 514 2177 his
529 2148 656 2179 vocibus
671 2148 783 2188 ampli-

51 2199 115 2231 avit
129 2199 170 2230 ad
186 2199 299 2230 Avian.
326 2200 388 2230 fab.
414 2199 487 2230 xvii.
513 2199 567 2230 sed
588 2200 783 2230 infructuose

51 2251 194 2291 penitus3
217 2256 249 2280 et
272 2250 438 2281 infeliciter
459 2251 575 2291 attigit,
598 2250 681 2281 inter
705 2251 783 2282 alios

51 2308 182 2340 veteres,
218 2302 412 2333 Lucretium.
457 2303 574 2333 Aviani
603 2313 709 2333 versus
738 2303 783 2334 ita

53 2359 128 2385 sunt
141 2353 308 2384 certissime
322 2354 462 2394 legendi:

82 2444 117 2467 Et
127 2443 206 2467 simul
217 2443 313 2467 emisso
323 2444 460 2474 transjecit
469 2443 570 2468 viscera
581 2443 664 2473 ferro,

115 2482 334 2513 Praestn'nxitque
343 2483 410 2507 citos
421 2482 497 2507 hasta
507 2486 619 2508 cruenta
629 2483 723 2515 pedes:

50 2565 70 2596 i.
86 2575 111 2595 e.
122 2567 297 2606 proepediz't,
320 2571 353 2596 et
377 2575 493 2596 cessare
517 2566 606 2604 fecit;
628 2566 779 2598 secunda-

51 2616 98 2647 ria
108 2616 253 2647 dictionis
268 2617 510 2658 significatione:
529 2628 615 2657 nam,
631 2619 781 2660 quicquid

49 2667 198 2699 violenter
223 2669 385 2708 percutiat,
415 2669 486 2709 plus
509 2669 615 2700 minus
637 2670 778 2709 impedit,

49 2720 239 2762 cohibetque.
284 2721 390 2762 Nugae
418 2727 505 2760 sunt,
537 2732 607 2763 quae
637 2722 712 2753 dicit
733 2723 778 2753 vir

49 2771 245 2803 doctissimus
263 2772 302 2803 de
326 2777 348 2792 “
365 2773 532 2804 visceribus
546 2779 578 2804 et
592 2774 722 2813 pedibus
737 2774 776 2804 si-

51 2827 74 2842 “
91 2824 160 2866 mul
193 2825 392 2856 vulneratis.'’
438 2826 541 2857 Vetus
577 2826 777 2867 glossarium,

48 2877 71 2892 “
91 2876 291 2916 Praestrz'ngo‚
307 2877 522 2920 περιστελλω·”
545 2887 664 2908 morem
682 2878 779 2918 respi-

50 2927 89 2956 cit
107 2927 337 2961 involucrorum
352 2929 530 2970 corporibus
546 2930 702 2961 defunctis
717 2929 776 2960 cir-

747 2986 817 3019 {Nl-¹3

842 602 1132 643 cumligandorum:
1169 612 1245 633 nam
1273 603 1435 643 proprium
1461 610 1508 635 est
1537 606 1570 636 in

839 654 898 684 hoc
913 664 974 684 usu
988 653 1177 684 vocabulum
1192 661 1382 696 περιστελλω,
1406 665 1480 685 cum
1496 666 1568 697 cog-

838 704 928 735 natis.
973 705 1110 742 Nonius,
1133 704 1174 734 ad
1194 705 1214 735 i.
1241 708 1309 737 149.
1326 710 1357 735 et
1372 705 1499 745 iv.,575.
1520 717 1571 737 ac-

838 755 977 786 curatius
999 755 1226 786 administravit
1246 766 1325 792 rem,
1349 767 1444 796 quam
1467 756 1508 787 ad
1530 758 1570 789 iv.

837 811 858 837 5
863 810 910 838 76.
926 818 1021 847 quem
1036 807 1132 838 lector
1146 807 1305 846 consulat3
1327 818 1449 839 memor
1463 815 1571 840 tamen

838 859 887 889 his
900 860 1116 899 grammaticis
1133 870 1198 890 non
1220 870 1285 890 esse
1307 867 1425 891 temere
1439 860 1568 891 creden·

837 910 923 941 dum.
969 912 1123 949 Avienus,
1149 912 1238 942 Arat.
1260 913 1361 951 phaen.
1387 916 1459 944 958.
1482 913 1569 943 evul-

836 962 904 1002 gari
919 962 998 992 solet
1012 962 1196 993 castissime:

1123 1046 1183 1072 heic
1194 1046 1286 1071 celeris
1294 1047 1405 1079 vestigia
1415 1054 1523 1072 summa

867 1085 1089 1117 Praestringzmtur
1099 1086 1171 1116 equi,
1185 1086 1377 1118 praestringitur
1387 1086 1439 1111 ales
1450 1087 1483 1111 ab
1495 1088 1552 1119 ipso

867 1124 979 1149 verticis
988 1129 1130 1150 extremo:

833 1197 854 1228 i.
870 1208 896 1228 e.
918 1198 952 1227 in
976 1198 1139 1236 superficie
1159 1198 1322 1228 raduntur.
1367 1199 1492 1229 Eadem
1507 1210 1566 1230 vox

835 1247 970 1288 Virgilio
985 1247 1150 1277 asserenda
1164 1255 1219 1284 est,
1243 1248 1283 1278 ad
1299 1248 1376 1278 AEn.
1392 1258 1424 1279 x.
1441 1253 1514 1280 544.

1013 1317 1160 1348 magnique
1168 1316 1259 1342 femur
1266 1317 1431 1349 praestrinxit
1441 1318 1564 1343 Achatis:

833 1373 853 1404 i.
869 1384 896 1403 e.
921 1376 1025 1405 leviter
1039 1377 1180 1412 strinxit;
1205 1386 1281 1406 nam
1305 1375 1345 1406 de
1368 1376 1498 1407 vulnere
1521 1376 1566 1407 fe-

832 1435 906 1456 mur
916 1433 1109 1466 permeante,
1125 1427 1173 1458 vel
1182 1430 1421 1468 perstringente,
1438 1434 1566 1459 contex-

832 1483 884 1507 tus
902 1488 960 1508 nos
985 1489 1051 1509 non
1074 1478 1150 1509 sinit
1174 1479 1326 1519 cogitare:
1353 1490 1455 1520 neque
1477 1480 1566 1511 aliter

832 1528 935 1559 multo
949 1529 1054 1569 plures
1063 1530 1143 1560 libri.
1188 1531 1267 1560 Vim
1283 1530 1368 1560 vocis
1377 1534 1564 1572 praescrlngo

832 1581 1000 1612 LucretIus
1015 1587 1121 1612 noster
1136 1582 1254 1621 optime
1269 1581 1445 1619 declaravit,
1469 1583 1510 1613 ad
1524 1584 1563 1614 iv.

832 1635 905 1664 250.
921 1636 996 1664 278.
1022 1632 1226 1672 Prudentius,
1243 1633 1409 1674 Psychom.
1426 1638 1499 1666 507.

1182 1732 1232 1757 vix
1244 1732 1271 1756 in
1283 1737 1347 1757 cute
1357 1733 1467 1758 summa

861 1770 1056 1802 Praeslrirtgens‚
1074 1778 1173 1802 paucos
1183 1772 1260 1797 tenui
1271 1772 1304 1797 de
1315 1772 1427 1798 vulnere
1438 1773 1515 1798 laedit

861 1809 954 1841 Cuspis
964 1810 1104 1835 Avaritiae.

831 1892 882 1922 Sic
895 1891 967 1922 libri
992 1892 1150 1930 meliores,
1172 1897 1324 1923 accurate.
1369 1892 1445 1923 Non
1459 1903 1561 1924 acces.

829 1944 924 1975 serim
938 1945 1130 1975 membranis
1145 1945 1422 1984 consentientibus,
1437 1946 1478 1976 ad
1494 1946 1558 1976 Va-

827 1995 941 2025 lerium
958 1996 1150 2032 RIaximum,
1174 1996 1205 2026 ii.
1229 1999 1278 2027 10.
1303 2000 1401 2026 6.-“
1417 1998 1558 2028 claritate

829 2050 851 2065 “
867 2046 924 2076 viri
938 2048 1115 2085 obcoecatus,
1137 2047 1257 2087 abjecto
1281 2047 1373 2086 ferro,
1400 2048 1560 2079 adtonitus

829 2102 852 2117 “
867 2099 953 2135 inde,
977 2109 1012 2129 ac
1028 2105 1175 2136 tremens,
1197 2099 1290 2140 fugit.
1336 2100 1494 2131 Cimbrica
1509 2102 1558 2131 ni·

828 2153 850 2169 “
866 2150 985 2180 mirum
1008 2150 1168 2181 calamitas
1197 2151 1306 2182 oculos
1328 2153 1466 2183 hominis
1486 2164 1558 2193 per-

827 2206 850 2221 “
866 2202 1017 2233 strz'7n·z't.'’
1064 2203 1150 2233 Ferri
1165 2209 1265 2243 potest
1291 2205 1359 2234 haec
1374 2204 1477 2243 lectio,
1501 2216 1557 2244 pro

826 2256 849 2272 “
865 2253 1089 2284 violentissimo
1103 2254 1234 2285 luminis
1244 2255 1380 2292 incussu,
1396 2263 1499 2296 partes
1507 2257 1556 2286 in-

827 2309 849 2325 “
864 2305 957 2336 timas
971 2307 1190 2345 penetrante;”
1214 2308 1269 2338 sed
1290 2318 1366 2338 usus
1380 2308 1499 2348 linguae
1521 2310 1555 2338 in

825 2357 874 2386 his
889 2368 925 2388 ac
948 2358 1162 2389 consimilibus
1184 2359 1260 2390 locis
1274 2360 1397 2390 videtur
1419 2374 1453 2391 *ro
1469 2371 1554 2400 prce-

824 2409 950 2448 strz‘ngit
977 2409 1141 2447 postulare.
1188 2411 1229 2440 In
1253 2411 1376 2448 eodem,
1402 2411 1441 2441 vi.
1467 2415 1495 2441 8.
1527 2415 1555 2441 2.

824 2459 994 2490 certissime
1009 2460 1189 2500 legendum,
1214 2465 1236 2480 “
1252 2461 1312 2491 levi
1333 2461 1462 2491 vulnere
1470 2473 1555 2501 proe-

826 2513 848 2528 “
863 2511 1037 2549 strz'ccum,'’
1051 2522 1114 2542 non
1121 2514 1317 2552 perstrictum
1325 2528 1336 2548 ,·
1354 2512 1441 2542 mille
1453 2522 1554 2542 mern-

823 2562 927 2592 branis
942 2562 1013 2592 licet
1034 2564 1284 2595 reclamantibus.
1330 2564 1443 2605 Neque
1465 2564 1555 2595 aliter

822 2620 970 2652 statuam,
993 2615 1031 2645 de
1057 2616 1098 2646 ix.
1122 2616 1141 2647 i.
1169 2619 1266 2647 5.—“
1282 2626 1357 2646 cum
1381 2617 1555 2655 praesertim

824 2673 846 2688 “
862 2669 1030 2699 acerrimus
1045 2671 1142 2700 hostis
1163 2669 1317 2700 Sertorius
1333 2670 1554 2701 Romanorum

824 2725 845 2740 “
862 2722 1057 2753 exercituum
1072 2722 1180 2752 oculos
1202 2721 1363 2752 Lusitanis
1382 2721 1452 2752 telis
1467 2734 1554 2763 prae-

824 2777 845 2792 “
861 2773 1058 2814 stringerec.”
1093 2774 1162 2804 Nec
1177 2773 1216 2804 de
1226 2773 1388 2811 Suetonio,
1403 2774 1444 2804 ad
1456 2783 1483 2805 v.
1505 2778 1552 2805 15.

821 2829 888 2849 ——“
905 2831 941 2855 ut
955 2834 1071 2865 genam
1094 2835 1158 2855 non
1173 2824 1282 2856 leviter
1295 2827 1553 2866 praeserinxerit.”

824 2877 941 2918 Vulgo,
960 2879 1194 2917 perstrinaeerc't;
1226 2886 1298 2918 quae
1325 2876 1422 2907 dictio
1443 2887 1498 2915 per
1521 2886 1552 2906 se

821 2930 888 2961 sine
905 2943 946 2970 τῳ
960 2931 1064 2961 leviter
1080 2928 1260 2968 suffecisset,
1283 2939 1384 2970 neque
1396 2928 1460 2960 unzi
1476 2928 1548 2958 ferri
