1912 3292
498 218 729 271 LIBER
776 221 1155 279 QUARTUS.

1463 238 1556 283 217

212 347 366 391 Omnia
385 351 613 400 conrident,
636 351 830 406 conrepta
850 352 942 394 luce
958 353 1054 395 diei.

212 419 327 479 Ergo
345 422 482 472 lintea,
504 422 556 463 de
575 438 736 465 summo
755 439 881 481 quom
901 440 1075 482 corpore
1094 428 1237 471 fiicum

213 494 403 545 Mittunt,
425 495 586 553 ecfigias
607 508 770 554 quoque
789 499 940 541 debent
959 501 1124 543 mittere
1144 504 1299 544 tenueis

211 568 293 608 Res
312 582 499 624 quaeque3
532 585 584 612 ex
603 587 764 614 summo
783 575 978 630 quoniam
991 575 1224 630 ¹iaculantur
1243 585 1439 634 utraeque.

65 726 208 751 stateram
220 722 294 753 recti
304 723 416 763 judicii
431 727 556 764 exactis,
571 729 650 759 bene
660 739 785 760 mecum

62 782 128 802 esse
142 778 247 803 actum
260 774 453 813 existimabo,
476 777 502 807 si
523 778 669 810 lautiores
684 782 784 811 homi-

62 833 117 853 nes
145 823 316 864 ignoscant,
342 827 427 867 quod
448 833 514 859 tam
536 838 699 862 venustam
722 833 784 864 lec-

61 873 180 904 tionem
195 885 268 906 cum
290 878 412 917 recepta
437 890 502 909 non
526 884 726 914 mutaverim:
753 891 784 915 et

61 930 141 955 certe
155 925 295 964 libenter,
310 928 372 959 illis
386 930 618 972 impulsoribus,
634 936 783 966 mutavis-

61 986 125 1006 sem
131 988 141 1014 ;
164 984 195 1008 et
219 980 325 1020 gustui
354 991 422 1011 rem
451 990 573 1023 gratam
597 985 722 1024 faciens,
752 994 784 1019 et

60 1029 195 1060 auribus.

60 1079 227 1117 Caeterum,
240 1092 297 1122 pro
306 1086 499 1126 deorumque,
515 1088 613 1119 Vind.
627 1090 674 1121 M.
687 1089 725 1121 O.
740 1098 781 1122 Π.

58 1135 93 1160 Σ.
107 1133 239 1164 deorum.
284 1135 449 1177 Virgilius,
466 1139 541 1169 AEn.
556 1140 588 1170 ii.
604 1143 675 1172 745.

88 1218 177 1249 Quem
188 1227 242 1245 non
253 1222 373 1248 incusavi
392 1231 486 1251 amens
501 1226 708 1260 hominumque,
724 1229 780 1254 deo-

181 1263 301 1292 rumque?

87 1297 142 1322 Aut
152 1299 217 1329 quid
227 1300 254 1324 in
264 1302 434 1329 eversa—2

60 1374 124 1404 Ubi
137 1376 253 1414 pariter
267 1377 345 1409 liber
359 1390 443 1411 unus
456 1382 573 1414 omittit
587 1396 652 1424 que.

100 1425 174 1457 Ver.
193 1430 242 1459 78.
264 1440 336 1461 suo:
362 1431 402 1462 V.
418 1432 466 1463 ed.
488 1436 715 1469 sica—colore.-
742 1438 780 1469 Β.

56 1477 180 1508 colorem
186 1494 197 1515 ,-
210 1482 405 1520 transpositis
416 1484 513 1514 etiam
522 1488 690 1526 vocabulis,
695 1491 747 1530 flu
752 1491 778 1520 ἰ-

58 1532 121 1558 lare
135 1539 188 1559 suo
202 1532 523 1574 coleram—fluitare.-
547 1543 588 1568 Π.
595 1540 756 1578 flum'tare.

99 1578 180 1610 Ibid.
202 1583 352 1624 Inficiunt
366 1586 470 1616 colore.
518 1587 608 1619 Hinc
629 1590 779 1622 mendam

56 1630 144 1661 tollas
159 1642 197 1661 ex
207 1635 322 1664 vetusti
335 1636 488 1674 poematis
501 1637 678 1679 fragmento
693 1642 778 1681 apud

58 1681 188 1714 Anthol.
203 1684 272 1716 Lat.
287 1686 398 1718 Burm.
413 1687 434 1718 i.
450 1691 501 1720 59.
519 1693 568 1726 10,
586 1694 635 1722 12.

87 1761 202 1786 Aurora?
211 1763 343 1788 ostrinum
354 1765 424 1790 hicc’
434 1766 544 1792 indutus
554 1776 699 1802 supparum

86 1800 222 1826 Coronam
232 1810 269 1828 ex
279 1811 346 1829 auro
356 1809 385 1831 et
395 1807 509 1838 gemmis
520 1808 672 1841 fulgentem
683 1812 762 1843 gerit,

85 1841 150 1864 Luce
158 1840 249 1866 locum
259 1841 381 1874 inficiens.

53 1914 141 1945 Libri
160 1918 308 1957 qfficiens,
333 1926 365 1951 et
386 1923 532 1960 Ani-ort&
557 1925 661 1956 Illusis
681 1927 778 1958 recla-

53 1968 221 2000 mantibus.
268 1971 436 2012 Caeterum‚
464 1985 560 2006 novas
573 1978 689 2017 gratias
703 1980 777 2010 huic

53 2019 203 2052 locutioni
214 2024 391 2056 conciliavit
405 2027 606 2066 Prudentius,
629 2031 732 2069 perist.
748 2043 776 2063 x.

56 2075 146 2104 1025.
168 2073 207 2104 de
221 2074 416 2107 immolando
430 2082 534 2109 tauro:

113 2154 168 2179 Nec
180 2161 234 2180 non
243 2158 271 2180 et
282 2163 347 2182 auro
355 2156 429 2183 frons
439 2164 563 2186 coruscat
574 2161 682 2194 hostiae,

113 2197 238 2228 Setasque
239 2198 332 2231 fulgor
340 2199 478 2226 bractealis
487 2201 576 2234 inficit.

55 2269 192 2310 Majores
206 2273 354 2304 orationis
367 2274 508 2307 deficatae
530 2284 625 2319 atque
637 2281 775 2313 maxime

50 2322 292 2354 accommodatae
315 2335 442 2357 veneres
463 2328 578 2359 frustra
599 2331 775 2370 quaesiveris

50 2374 135 2412 apud
163 2376 295 2414 optimos
323 2379 381 2409 aevi
409 2381 566 2419 purissimi
604 2384 774 2424 scriptores.

51 2425 171 2457 Videas
184 2428 388 2469 epigramma,
403 2432 444 2462 ad
458 2443 487 2464 v.
504 2437 576 2466 699.
591 2436 773 2468 exhibitum.

52 2475 143 2507 Hinc
159 2478 322 2518 Apuleius,
338 2488 410 2513 met.
427 2494 453 2513 v.
468 2495 497 2523 p.
512 2487 588 2516 577.
605 2496 699 2526 quem
714 2488 773 2518 im-

50 2529 272 2567 portunissime
299 2531 489 2565 discruciant
513 2536 571 2566 viri
593 2536 773 2579 doctissimi,

50 2580 138 2610 nihil>
152 2582 372 2624 intelligentes,
396 2585 487 2618 facile
508 2588 773 2628 explicabitur:—

49 2635 73 2650 “
87 2632 209 2672 pinnas,
225 2645 301 2675 quas
310 2646 381 2667 meo
392 2639 516 2678 gremio
529 2642 664 2672 nectarei
678 2642 773 2673 fontis

49 2685 73 2701 “
88 2684 192 2725 infeci,
209 2688 479 2725 praetotonderit:”
502 2691 521 2721 i.
546 2702 574 2722 e.
599 2702 676 2732 quas
691 2705 771 2733 pur-

45 2743 158 2772 lmeas
180 2736 251 2774 feci,
276 2739 319 2769 sic
338 2740 536 2781 intingendo.
582 2743 671 2774 Nihil
685 2744 772 2776 dubii

50 2783 224 2826 relinquent
244 2790 377 2821 consulti
404 2792 548 2832 Ovidius,
575 2804 671 2826 amor.
693 2796 724 2827 ii.
742 2801 770 2828 9.

51 2837 101 2866 54.
117 2847 190 2869 rem.
216 2851 276 2872 am.
299 2845 371 2874 701.
397 2850 428 2875 et
451 2845 622 2884 Homerus,
647 2848 710 2879 Od.
736 2854 769 2879 E.

49 2889 97 2918 93.
141 2889 163 2920 J
165 2899 216 2921 am
231 2902 309 2930 vero,
324 2906 386 2926 meo
400 2898 640 2939 gremiofmtz‘s,
653 2900 771 2939 phrasis

829 736 874 760 est
889 731 1173 768 Lucretianissima‚
1191 732 1285 763 vicies
1299 734 1333 763 in
1348 735 1398 764 his
1412 735 1494 765 notis
1514 735 1551 766 il-

829 781 968 820 lustrata,
985 793 1040 822 pro
1052 786 1167 823 gremio
1186 786 1246 815 mei
1250 784 1362 825 fontis.

872 833 953 864 Ibid.
965 836 1100 875 fluitare
1115 836 1220 866 colore.
1265 835 1489 873 Tertullianus,
1514 838 1554 868 de

828 885 923 916 anim.
945 892 1016 917 sect.
1041 891 1071 918 9.
1095 890 1118 905 “
1136 887 1221 917 Nam
1244 893 1275 917 et
1289 889 1448 919 cerauneis
1463 900 1551 930 gem-

828 940 849 955 “
865 937 925 967 mis
939 947 1004 968 non
1019 938 1090 970 ideo
1105 939 1276 970 substantia
1286 939 1385 980 ignita
1398 946 1452 977 est,
1468 942 1554 982 quod

827 991 849 1006 ‘⁴
865 995 1027 1020 coruscent
1051 990 1178 1021 rutilato
1204 992 1333 1029 rubore;
1356 1002 1414 1023 nec
1428 993 1554 1033 beryllis

827 1042 849 1057 “
865 1039 936 1070 ideo
951 1051 1067 1081 aquosa
1081 1042 1212 1072 materia
1227 1048 1284 1081 est,
1303 1043 1387 1083 quod
1395 1046 1555 1085 fluctuent

827 1092 849 1108 “
865 1091 965 1122 colato
984 1092 1117 1123 nz'tore.’'
1163 1094 1244 1129 Quae
1256 1093 1385 1132 pulchre
1394 1104 1554 1125 commen-

825 1141 902 1173 dant
915 1143 1081 1174 lectionem
1091 1145 1181 1174 nobis
1193 1144 1290 1175 modo
1300 1145 1432 1183 positam
1441 1146 1481 1175 ad
1491 1156 1553 1178 ver.

826 1195 875 1223 75.
921 1193 1010 1224 Hinc
1034 1194 1240 1225 vindicandus
1267 1200 1313 1224 est
1337 1200 1429 1235 atque
1455 1196 1552 1235 expli-

824 1243 942 1274 candus
957 1243 1112 1284 Virgilius
1127 1254 1224 1279 meuS,
1239 1244 1279 1274 ad
1294 1244 1349 1274 ecl.
1364 1255 1391 1275 v.
1408 1249 1436 1276 5.

855 1309 916 1335 Sive
925 1310 972 1334 sub
983 1309 1102 1340 incertas,
1114 1309 1243 1342 Zephyris
1254 1310 1417 1342 motantibus,
1427 1313 1550 1339 umbras:

823 1370 843 1399 i.
859 1379 884 1400 e.
902 1373 924 1389 “
940 1371 1074 1407 umbras
1091 1373 1313 1412 quaefluitam,
1329 1371 1407 1402 dum
1421 1382 1550 1404 moven-

825 1423 847 1438 “
864 1427 915 1450 tur
929 1421 1048 1452 aurae.’'
1094 1421 1168 1458 Quo
1184 1422 1265 1452 nihil
1276 1422 1448 1464 elegantius
1459 1425 1551 1456 scribi

823 1477 952 1510 poterat,
968 1478 1023 1503 aut
1037 1472 1122 1513 quod
1132 1472 1226 1503 lautis
1236 1474 1417 1505 hominibus
1427 1475 1550 1515 impen-

823 1523 887 1554 sius
902 1524 1044 1564 placebit.
1088 1526 1236 1563 Incertas,
1254 1526 1423 1558 fluitantes:
1448 1533 1485 1558 ut
1501 1529 1552 1559 Si-

823 1575 892 1613 lius,
910 1587 936 1607 v.
950 1581 1023 1609 495.

1044 1640 1170 1663 nutantes
1181 1638 1274 1663 incerto
1284 1639 1404 1671 pondere
1413 1646 1511 1665 ramos.

823 1694 941 1724 Confer
963 1695 1140 1732 Lucanum,
1171 1697 1210 1728 iv.
1239 1700 1310 1729 725.
1363 1699 1550 1730 Praestiterit

821 1751 927 1776 tamen
941 1746 1070 1778 fortasse
1085 1758 1228 1778 amovere
1243 1754 1361 1787 puncta
1382 1749 1415 1779 in
1439 1751 1548 1781 Maro·

820 1797 870 1827 nis
883 1808 974 1828 versu
988 1805 1058 1837 post
1080 1802 1211 1830 incertas
1235 1805 1267 1830 et
1294 1803 1488 1840 motantibus,
1512 1809 1549 1833 ut

821 1847 855 1878 in
880 1859 978 1879 unam
1001 1849 1165 1889 periodum
1189 1850 1364 1882 coalescant
1388 1851 1547 1891 dictiones,

821 1905 852 1930 et
867 1913 901 1931 «ro
917 1903 1100 1933 motantibus
1113 1902 1248 1942 pendeat
1262 1913 1300 1933 ex
1315 1906 1461 1936 incertas:
1481 1905 1502 1936 i.
1520 1917 1546 1937 e.

822 1954 844 1969 “
860 1954 993 1983 incertas
1007 1953 1103 1983 factas
1115 1956 1264 1994 Zephyris
1275 1965 1308 1985 se
1318 1956 1547 1987 moventibus.”

822 2002 897 2033 Non
912 2003 1074 2035 invenuste
1091 2005 1244 2045 Rutilius,
1258 2006 1326 2037 itin.
1341 2007 1363 2038 i.
1381 2011 1453 2038 283.

883 2077 933 2101 Sed
943 2083 1084 2102 nemorosa
1094 2078 1162 2103 viret
1173 2078 1260 2104 densis
1269 2079 1367 2104 vicinia
1377 2080 1453 2111 lucis,

913 2116 1048 2149 pineaque
1056 2119 1187 2144 extremis
1189 2118 1303 2149 fluctuat
1313 2120 1403 2145 umbra
1413 2120 1498 2147 fretis.

819 2179 978 2221 Denique,
994 2180 1168 2212 adscribam
1184 2181 1324 2220 Florum,
1340 2182 1381 2214 ad
1396 2183 1438 2215 iii.
1455 2188 1502 2216 11.
1514 2189 1544 2217 8.

818 2235 887 2254 -“
903 2231 1003 2272 signa,
1015 2242 1092 2262 auro
1103 2233 1268 2274 sericisque
1278 2235 1430 2266 vibrantia
1439 2235 1470 2266 :’‘
1487 2236 1507 2267 i.
1517 2247 1543 2268 e.

819 2281 982 2319 fluitantia,
999 2288 1030 2313 et
1047 2283 1244 2323 splendorem
1256 2285 1445 2325 jaculantia;
1469 2297 1545 2317 nam

817 2338 982 2374 utramque
996 2334 1158 2366 notionem
1173 2335 1317 2367 dictionis
1331 2337 1382 2368 hic
1396 2338 1543 2368 commis-

817 2384 882 2414 ceri
898 2384 1047 2415 Dukerus
1060 2387 1189 2426 pulchre
1200 2388 1367 2428 perspexit:
1385 2395 1544 2428 praeterea,

817 2434 921 2465 videas
935 2441 1083 2467 annotata
1097 2438 1186 2470 nobis
1200 2439 1241 2469 ad
1255 2439 1287 2469 ii.
1308 2442 1376 2471 195.
1399 2450 1500 2478 supra.

860 2487 936 2518 Ver.
954 2491 973 2519 7
977 2492 1005 2519 9.
1020 2491 1156 2521 inclusa:
1174 2490 1218 2521 sic
1230 2491 1279 2521 M.
1294 2491 1321 2521 si
1330 2491 1406 2521 fides
1419 2492 1542 2522 Haver-

817 2548 935 2578 campo,
960 2545 991 2570 et
1006 2541 1105 2579 prisca
1127 2542 1179 2572 Pii
1201 2543 1404 2582 exemplaria:
1430 2543 1543 2584 reliqui

816 2600 935 2626 omnes,
946 2593 1114 2623 inclaustra
1121 2608 1132 2628 ;
1149 2593 1197 2623 vel
1206 2594 1385 2632 separatim,
1398 2596 1431 2624 in
1441 2596 1542 2626 claus-

815 2646 880 2671 tra:
900 2651 996 2681 quam
1010 2642 1213 2682 locutionem,
1226 2650 1263 2674 ut
1277 2650 1313 2674 ut
1323 2644 1424 2684 specie
1435 2644 1541 2676 durio-

815 2701 892 2727 rem,
915 2702 971 2731 pro
994 2696 1016 2711 ‘⁴
1032 2693 1065 2723 in
1080 2694 1212 2726 modum
1233 2695 1472 2733 claustrorum,”
1494 2696 1543 2727 vel

815 2746 1038 2787 angustiarum,
1067 2753 1114 2778 tot
1133 2748 1220 2779 libris
1233 2759 1386 2781 consensu
1401 2761 1458 2781 suo
1474 2751 1542 2781 vin-

815 2798 999 2835 dicantibus,
1036 2799 1087 2829 vix
1116 2800 1217 2831 audeo
1249 2801 1395 2842 equidem
1425 2808 1542 2833 temere

814 2848 980 2879 damnare:
1003 2859 1061 2880 nec
1086 2855 1192 2881 tamen
1205 2851 1364 2893 vulgarior
1389 2853 1541 2893 scriptura

814 2902 953 2933 inclausa
967 2911 1030 2934 non
1039 2901 1133 2934 facile
1141 2903 1287 2945 migraret
1297 2905 1330 2935 in
1340 2905 1432 2937 istam
1441 2905 1539 2937 varie·

752 2967 816 2999 Pe
