1912 3292
296 259 388 305 ΒΩ

795 253 854 300 Τ.
908 251 1287 301 LUCRETII

442 386 547 428 Inde
567 393 689 435 statu,
715 385 829 439 prior
848 384 939 425 heic
959 392 1119 441 gestum
1139 392 1315 425 mutasse
1335 382 1507 424 videtur.

445 460 606 502 Scilicet
625 459 669 500 id
688 458 777 499 fieri
797 458 916 500 celeri
936 459 1096 499 ratione
1114 457 1345 512 putandum
1366 465 1439 499 est:

443 534 582 576 Tanta
601 542 661 575 est
681 532 899 583 mobilitas,
932 540 972 573 et
996 547 1135 573 rerum
1155 533 1275 587 copia
1295 539 1424 582 tanta,

443 608 662 663 Tantaque
683 605 858 648 sensibili
879 621 962 660 quo
982 606 1041 645 vis
1061 614 1120 646 est
1140 613 1326 659 tempore
1345 606 1388 645 in
1409 620 1493 646 uno

445 681 579 736 Copia
597 679 907 734 particularum,
930 686 976 719 ut
995 679 1123 732 possit
1143 678 1416 733 subpeditare.

502 753 722 807 Multaque
741 753 785 792 in
805 751 883 792 hiis
903 751 1024 792 rebus
1045 761 1302 807 quaeruntur,
1323 751 1532 807 multaque
1552 752 1670 793 nobis

447 826 702 869 Clarandum
724 833 800 875 est,
831 824 953 879 plane
973 825 1006 866 si
1026 840 1090 866 res
1111 841 1318 882 exponere
1338 841 1515 867 avemus.

304 987 356 1017 Ibi
372 986 450 1016 liber
463 994 556 1020 unus,
561 984 667 1024 jactat
675 998 685 1018 ;
705 982 761 1013 sed
769 985 853 1014 ducit
866 983 950 1014 facili
965 994 1033 1014 ma·

301 1040 349 1080 gis
364 1037 510 1069 convenit
523 1042 555 1067 et
569 1035 655 1066 culto
676 1036 786 1072 motui,
799 1036 905 1077 jactat
926 1042 1035 1066 contra

302 1088 478 1120 violentiori
491 1094 521 1118 et
537 1087 705 1126 inco'mpto.

344 1143 421 1173 Ver.
438 1146 509 1173 774.
534 1143 639 1172 Nam:
665 1141 704 1171 V.
723 1140 770 1171 ed.
794 1141 832 1171 B.
857 1142 940 1177 Jam,·
965 1141 1034 1171 vide

302 1205 363 1225 ver.
379 1199 452 1225 608.
476 1194 588 1231 Porro,
610 1195 675 1223 haec
691 1203 755 1222 non
770 1192 1033 1222 reformidavisse-

303 1257 376 1277 mus
405 1247 465 1276 hac
495 1245 656 1275 occasione
681 1244 793 1274 saltem
818 1254 968 1284 reponere
997 1255 1035 1274 ex

302 1295 495 1338 conjectura,
517 1295 746 1334 exemplaribus
767 1295 863 1325 nullis
889 1295 1034 1326 addicen-

303 1348 405 1384 tibus;
424 1352 527 1387 atque,
544 1346 603 1376 nisi
612 1345 766 1384 fallimur,
782 1347 956 1376 rationibus
966 1357 1036 1387 gra-

307 1398 441 1428 vissimis
456 1397 596 1435 adducti,
619 1397 725 1437 cisque
739 1407 823 1433 sane,
850 1407 920 1437 quae
942 1397 1036 1427 lecto-

305 1461 373 1480 rem
386 1449 547 1480 h'beralem
556 1455 587 1478 et
602 1448 761 1478 eruditum
773 1448 807 1478 in
818 1454 957 1478 nostram
966 1459 1036 1478 sen-

306 1502 438 1533 tentiam
464 1501 575 1540 procul
605 1500 702 1530 dubio
732 1500 905 1540 coegissent
927 1510 1036 1530 conce-

306 1555 389 1585 dere.
433 1553 520 1583 Nam
547 1553 599 1582 vix
621 1552 769 1582 credibile
791 1558 836 1582 cst
851 1552 895 1582 ita
915 1552 1039 1591 po‘e'tam

305 1605 455 1645 posuisse,
470 1615 569 1645 quum
579 1604 618 1634 de
630 1610 718 1634 motu
733 1603 994 1642 totius·c0rporis,
1009 1609 1040 1633 et

307 1656 346 1687 de
376 1655 544 1687 numerosa⁴
567 1656 767 1686 brachiorum
797 1660 1040 1694 caeterorumque

303 1708 474 1748 jactatione
490 1708 719 1744 membrorum,
742 1706 812 1745 plus
827 1705 892 1736 una
907 1716 940 1735 re
959 1705 1040 1735 scili-

307 1765 368 1796 cet,
395 1758 555 1799 loquatur:
583 1757 708 1795 deinde,
733 1767 793 1787 vox
808 1757 918 1788 eadem
934 1757 1039 1787 statim

307 1810 466 1851 sequitur;
489 1815 520 1839 et
544 1808 665 1839 librarii
690 1808 864 1847 scriptores,
891 1807 1039 1849 denique,

307 1862 433 1892 voculas
446 1863 511 1892 Izoec
534 1867 627 1902 atque
645 1863 700 1891 lzoc
722 1860 919 1900 plurifariam
941 1860 1041 1890 solent

308 1919 517 1945 commutare:
545 1913 583 1943 de
607 1912 670 1954 qua
696 1923 730 1942 re
759 1912 863 1942 videas
894 1912 1039 1942 Draken-

307 1966 480 2000 borchium,
509 1964 549 1994 ad
571 1965 639 1995 Liv.
661 1975 687 1994 ν.
703 1968 753 1994 54.
774 1968 801 1994 1.
828 1970 859 1994 et
881 1974 941 1994 var.
959 1964 1040 1995 lectt.

309 2016 349 2047 ad
367 2015 458 2046 Ovid.
474 2021 548 2046 met.
571 2015 635 2045 xiii.
654 2019 724 2045 5205.
769 2015 842 2045 Hac
857 2022 963 2045 autem
978 2015 1041 2045 leni

310 2066 512 2106 castigatione
528 2065 675 2105 periodus
697 2065 799 2095 multo
814 2066 987 2105 expolitior,
1011 2072 1041 2096 et

311 2117 507 2155 concinnior,
530 2117 687 2154 evasisset3
712 2116 767 2147 sed
787 2117 973 2157 ambiguum
989 2127 1038 2148 ve-

312 2171 468 2200 rebamur.

355 2213 430 2243 Ver.
450 2214 521 2244 775.
546 2214 633 2243 Hoc:
659 2212 702 2242 ita
725 2212 845 2242 codices
869 2217 903 2243 Δ.
921 2219 961 2243 Π.
986 2223 1040 2252 op-

312 2265 401 2302 time,
429 2271 534 2305 atque,
558 2270 595 2294 ut
609 2264 652 2294 ita
668 2264 778 2300 dicam,
806 2264 1042 2294 Lucretianissi-

312 2326 365 2347 me
391 2316 531 2357 quidem:
559 2316 665 2346 redeas
696 2316 735 2346 ad
751 2327 811 2346 ver.
827 2320 898 2347 626.
934 2317 1043 2347 Unde·

314 2378 390 2398 nam
404 2378 477 2398 vero
500 2368 553 2398 hic
575 2368 664 2407 lepor
685 2367 836 2399 librariis?
860 2375 892 2399 et
905 2369 974 2409 quis
989 2379 1045 2399 na-

315 2423 415 2453 sutior
431 2423 488 2453 sibi
505 2423 583 2462 eripi
598 2423 732 2462 patietur
748 2423 988 2461 persuasionem,
1013 2437 1046 2454 ero

318 2477 436 2515 Quippe
458 2475 654 2515 reliquorum
675 2475 901 2514 exemplarium
920 2474 999 2505 nihil
1012 2486 1045 2505 a-

314 2526 382 2556 liud
399 2537 478 2564 esse,
494 2537 588 2567 quam
601 2526 734 2567 glossam
751 2537 768 2556 e
778 2527 921 2568 margine
931 2527 1046 2566 impor-

315 2577 434 2609 tatam?
460 2577 635 2618 Nunquam
650 2577 689 2608 de
711 2577 778 2608 ulla
800 2578 934 2608 lectione
948 2578 1046 2618 majo-

314 2639 381 2658 rem
397 2629 546 2660 fiduciam
560 2631 740 2667 habuimus,
763 2636 818 2659 aut
838 2630 985 2660 libentius
1005 2629 1044 2660 ad

315 2680 509 2720 elegantium
532 2682 700 2713 hominum
722 2682 842 2722 judicia
866 2682 1043 2721 provocavi-

314 2735 548 2771 mus—periit:
576 2733 615 2764 V.
632 2734 678 2764 ed.
694 2734 732 2763 B.
747 2733 939 2772 exemplaria
947 2735 1043 2772 parit.

360 2783 433 2812 Ver.
457 2787 527 2814 776.
551 2787 648 2816 Inde:
674 2785 694 2815 i.
721 2796 746 2815 e.
770 2791 885 2824 postea,
914 2788 985 2816 ενθαι-
1009 2790 1044 2815 ut

317 2834 444 2872 passim:
474 2835 606 2865 editores
628 2843 741 2872 tamen,
768 2836 857 2867 nulla
878 2836 975 2867 coacti
997 2836 1045 2866 vel

319 2885 510 2923 necessitate,
529 2886 574 2916 vel
591 2887 725 2917 utilitate
740 2888 858 2924 saltem,
885 2887 969 2928 quod
991 2887 1044 2917 fla-

320 2939 448 2980 gitium!
496 2939 641 2971 Lambini
683 2941 906 2982 conjecturam,
952 2943 1044 2973 Eudo

1077 987 1204 1024 scilicet,
1219 986 1560 1016 intruserunt-stam.-
1587 988 1622 1015 Δ.
1639 990 1805 1014 statum.—

1077 1040 1154 1073 heic,
1169 1037 1217 1067 vel
1231 1040 1298 1074 laic,·
1322 1037 1342 1067 ἰ.
1357 1047 1383 1066 e.
1407 1035 1507 1074 ενέιιδε,
1528 1037 1660 1072 ενταυθα,
1675 1035 1735 1066 ὦδε·
1757 1036 1806 1066 uti

1078 1090 1173 1128 probe
1197 1088 1349 1129 glossator
1371 1087 1534 1127 antiquus;
1567 1085 1666 1121 etsie
1689 1085 1807 1125 optime

1077 1139 1276 1179 respondent,
1303 1145 1340 1169 ut
1368 1138 1444 1168 alibi
1475 1137 1654 1176 saepissime,
1684 1138 1750 1168 heic
1776 1142 1808 1166 et

1078 1193 1165 1222 inde:
1199 1190 1331 1220 editores
1361 1195 1478 1225 tamen,
1513 1187 1692 1227 contempta
1713 1187 1809 1218 libro-

1078 1252 1151 1271 rum
1177 1240 1322 1271 omnium
1343 1241 1481 1278 veritate,
1503 1239 1542 1270 de
1574 1249 1632 1270 suo
1656 1238 1811 1270 dederunt

1079 1297 1161 1326 haec:
1187 1304 1275 1332 nam,
1298 1293 1370 1323 licet
1391 1293 1430 1323 de
1451 1292 1556 1323 codice
1571 1293 1608 1323 B.
1624 1291 1760 1328 sileatur,
1785 1290 1812 1321 is

1081 1347 1276 1388 negligenter
1291 1352 1336 1375 est
1352 1355 1507 1380 excussus,
1519 1350 1551 1374 et
1560 1344 1646 1374 haud
1661 1349 1810 1375 cunctan-

1081 1405 1128 1429 ter
1143 1398 1233 1428 sociis
1248 1397 1315 1437 ejus
1329 1395 1540 1427 accensendus
1554 1401 1607 1426 est.

1126 1449 1207 1479 Ibid.
1231 1450 1309 1479 Inde
1335 1453 1426 1478 statu.
1475 1447 1559 1477 Heic
1589 1452 1619 1477 et
1645 1447 1720 1477 alibi
1745 1456 1810 1477 non

1081 1501 1234 1531 deterritoe
1250 1505 1323 1529 sunt
1337 1509 1428 1529 aures
1442 1498 1580 1529 Lucretii
1595 1499 1654 1529 hac
1667 1498 1811 1530 scabritie

1082 1561 1303 1582 numerorum:
1330 1550 1414 1591 quod
1431 1550 1514 1579 aetati
1529 1550 1640 1590 magis,
1666 1551 1811 1581 nondum

1084 1602 1122 1632 ad
1145 1603 1201 1632 has
1223 1601 1414 1632 delicatiores
1438 1601 1483 1630 rei
1509 1601 1636 1631 musicae
1661 1602 1811 1642 percepti-

1083 1663 1159 1683 ones
1175 1652 1318 1690 excultae,
1337 1662 1432 1691 quam
1447 1651 1578 1688 homini,
1596 1652 1703 1694 (bello,
1719 1653 1812 1692 Jupi-

1085 1704 1144 1735 ter!
1171 1709 1202 1734 et
1229 1703 1372 1743 venusto)
1400 1709 1547 1742 putamus
1575 1703 1810 1743 imputandum.

1085 1755 1239 1787 Consulas
1266 1760 1414 1785 annotata
1439 1755 1529 1785 nobis
1550 1755 1591 1785 ad
1604 1765 1665 1786 ver.
1681 1758 1732 1786 77.
1760 1766 1812 1786 su-

1083 1807 1194 1846 perius.

1121 1860 1195 1891 Ver.
1209 1863 1279 1890 777.
1291 1859 1378 1896 Tres,
1385 1859 1438 1900 qui
1448 1866 1629 1900 sequuntur,
1638 1870 1744 1891 versus
1749 1860 1810 1890 im-

1084 1911 1196 1942 merito
1209 1911 1431 1941 communibus
1451 1911 1641 1942 editionibus
1657 1911 1812 1950 exsulant,

1085 1973 1183 2004 quum
1206 1962 1366 1993 codicibus
1388 1963 1540 1992 universis
1554 1968 1585 1992 et
1601 1962 1814 1993 vetustissimis

1084 2014 1240 2053 impressis
1261 2019 1478 2054 agnoscantur.
1524 2013 1592 2044 Nos
1613 2013 1743 2044 omnino
1757 2013 1812 2044 ad-

1084 2065 1254 2096 mittendos
1275 2076 1341 2095 esse
1372 2065 1568 2102 ceusuimus;
1597 2064 1651 2095 sed
1673 2075 1711 2095 ex
1737 2066 1815 2095 serie

1085 2126 1290 2147 numerorum
1313 2116 1513 2154 exclusimus,
1536 2126 1576 2146 ne
1598 2116 1685 2146 fieret
1704 2116 1815 2147 indicis

1085 2170 1151 2200 sine
1165 2170 1280 2200 idoneo
1294 2170 1399 2200 fructu
1415 2170 1508 2210 longe
1525 2169 1814 2200 incommodissima

1085 2222 1282 2261 perturbatio.
1329 2222 1493 2251 Horumce
1516 2221 1654 2260 profecto
1669 2230 1816 2251 versuum

1087 2283 1188 2303 sermo
1203 2279 1305 2303 castus
1321 2278 1375 2307 est,
1403 2278 1433 2302 et
1457 2282 1564 2302 sensus
1587 2271 1718 2302 omnino
1741 2281 1816 2302 con-

1088 2331 1264 2361 sentaneus,
1283 2330 1374 2365 atque
1390 2323 1560 2363 expeditus.
1606 2324 1733 2354 Absunt
1746 2323 1817 2364 qui·

1089 2377 1162 2407 dem
1174 2376 1427 2406 Vindobonensi:
1455 2375 1508 2406 sed
1523 2374 1613 2404 istius
1623 2373 1738 2406 codicis
1753 2373 1817 2404 col-

1090 2429 1192 2467 latori,
1208 2429 1255 2459 vel
1270 2429 1413 2469 diligenti
1429 2438 1548 2467 parum,
1565 2427 1614 2457 vel
1627 2426 1820 2457 diversitates

1091 2481 1231 2518 minoris,
1248 2490 1343 2521 quam
1358 2490 1414 2519 par
1429 2485 1502 2515 erat,
1524 2478 1663 2516 facienti,
1686 2488 1750 2508 non
1764 2487 1819 2517 per

1092 2532 1198 2562 omnia
1218 2538 1334 2563 temere
1356 2530 1548 2562 credendum
1570 2539 1648 2568 esse,
1675 2535 1819 2569 expertus

1091 2584 1175 2614 novL

1090 2635 1130 2664 In
1147 2634 1284 2665 secundo
1310 2634 1511 2675 rejiculorum
1536 2642 1696 2670 versuum,
1723 2631 1818 2671 longe

1088 2686 1197 2716 malim
1219 2689 1351 2726 quoivis;
1376 2686 1460 2716 “rei
1490 2685 1605 2715 scilicet
1634 2682 1817 2722 unicuique,

1089 2741 1111 2754 “
1127 2747 1234 2766 sensus
1256 2736 1420 2774 ferienti;”
1444 2736 1499 2767 sed
1513 2741 1622 2766 contra
1636 2733 1730 2763 libros
1752 2743 1816 2764 non

1090 2788 1290 2817 necessariam
1321 2794 1397 2827 puto
1432 2787 1518 2817 illam
1555 2784 1817 2815 emendationem.

1087 2839 1163 2870 Jam
1178 2849 1250 2869 vero
1265 2839 1298 2868 in
1323 2838 1532 2877 superioribus
1558 2838 1688 2867 verbum
1707 2847 1817 2876 suppe-

1088 2892 1198 2926 ditare,
1229 2896 1372 2920 neutram
1394 2895 1576 2929 potestatem
1598 2889 1746 2924 retinens,
1769 2886 1816 2918 of-

1088 2941 1256 2978 fendimus,
1281 2942 1321 2972 ad
1337 2942 1355 2972 i.
1374 2945 1465 2973 1039.
1490 2948 1520 2972 et
1546 2941 1632 2972 alibi:
1660 2940 1815 2981 dictioque
