1912 3292
434 228 665 277 LIBER
712 225 1065 274 TERTIUS.
1435 232 1494 275 57

34 369 112 408 365
144 363 324 406 Lumina
342 360 560 402 luminibus
579 358 675 413 quia
694 356 813 397 nobis
831 354 1013 410 praepedi
1021 362 1162 404 untur3

146 437 272 488 Quod
291 435 443 477 foribus
462 447 548 474 non
567 432 628 473 fit:
660 445 794 492 neque
812 430 939 480 enim,
962 429 1042 485 qua
1062 429 1267 471 cernimus
1287 428 1403 484 ipsei,

146 512 264 554 Ostia
283 508 533 563 subscipiunt
552 505 679 547 ullum
698 504 854 546 reclusa
872 503 1067 544 laborem.

22 597 27 645 ι
148 586 365 633 Praeterea,
388 582 420 623 si
440 596 517 637 pro
536 579 690 622 foribus
711 586 805 621 sunt
823 577 980 620 lumina
999 586 1154 628 nostra,

3 751 5 754 ’
44 743 110 781 icit;
147 741 185 772 de
213 741 309 772 altero
342 740 470 779 scilicet,
507 739 728 772 mortalitatem

1 805 8 828 i
28 799 118 828 nimoe
133 799 299 834 spectante,
313 795 384 824 satis
395 793 599 833 ampliaturus
611 793 651 824 ad
667 803 728 824 ver.

4 888 6 890 v
34 851 78 878 18.
93 852 124 878 et
138 847 170 876 in
186 847 394 887 sequentibus.

51 907 122 938 Ver.
145 910 217 937 560.
251 906 349 942 Quasi
374 905 468 936 dicat:
508 911 527 924 ‘⁸
544 906 609 942 Qui
638 915 730 945 porro

3 970 11 993 ι
46 959 200 990 affirmant
225 969 243 988 e
268 958 432 994 contrario,
462 968 574 997 corpus
599 958 632 988 in
663 957 730 988 effi-

0 1004 13 1050 }
46 1010 155 1042 ciendo
175 1020 268 1041 sensu
290 1020 354 1041 non
369 1010 551 1049 participare
572 1020 647 1040 cum
661 1009 729 1039 ani-

0 1054 14 1103 }
45 1073 109 1101 mo,
124 1073 189 1093 non
203 1062 308 1093 minus
323 1062 489 1099 falluntur,
507 1067 600 1103 atque
614 1071 730 1100 praece-

4 1107 13 1125 ³
45 1114 163 1152 dentes,
185 1114 240 1154 qui
255 1124 309 1153 per
325 1123 357 1144 se
372 1113 484 1143 sentire
499 1122 611 1151 corpus
625 1111 729 1142 existi-

13 1154 15 1158 Α
44 1165 164 1195 mant.”
210 1165 317 1195 Sentio
345 1170 452 1194 tamen
479 1173 530 1193 me
559 1173 634 1193 cum
662 1162 732 1193 loco

43 1216 95 1247 lde
109 1215 311 1256 perplexabili
336 1225 404 1245 rem
428 1216 558 1251 habere;
580 1219 611 1244 et
632 1213 732 1243 nolim

65 1267 178 1298 talibus
199 1267 258 1297 sibi
279 1266 376 1296 nimis
399 1265 607 1296 confidentem
628 1275 728 1305 agere.

37 1330 92 1350 um
108 1319 249 1349 Varrone
263 1318 370 1358 igitur,
393 1318 433 1347 de
454 1327 488 1347 re
502 1323 576 1346 rust.
592 1316 624 1346 ii.
640 1318 668 1347 5.
691 1316 731 1345 li.

31 1376 113 1402 „nter
127 1369 278 1400 caverim:
305 1373 327 1387 ‘⁴
347 1368 379 1399 Si
404 1369 474 1408 quis
496 1367 573 1408 quid
594 1367 730 1407 ignorat,

6 1458 13 1463 .
44 1421 155 1458 discat;
177 1420 203 1450 si
218 1419 287 1460 quis
302 1420 370 1458 scit,
385 1429 483 1457 nunc,
499 1418 553 1448 ubi
564 1417 659 1453 labar,
676 1419 731 1447 ob-

0 1458 17 1507 ll
45 1471 392 1509 servet-'’—Caeterum,
413 1476 495 1501 recte
506 1470 649 1511 judicant
665 1469 730 1500 edi-

0 1510 18 1563 ἱ
39 1534 86 1555 res
107 1523 290 1554 Lucretium
318 1522 369 1553 hic
393 1521 531 1554 alludere
555 1520 595 1551 ad
618 1526 730 1551 notum

8 1563 10 1568 ,
38 1575 187 1615 picharmi
201 1584 334 1610 versum,
352 1573 495 1613 pluribus
508 1578 648 1603 veterum
663 1582 730 1602 me-

0 1621 4 1640 ²
40 1633 173 1666 oratum,
200 1632 232 1658 et
253 1627 296 1658 sic
319 1627 353 1657 in
375 1636 522 1657 numeros
539 1635 611 1656 suos
626 1624 728 1655 distri-

0 1753 19 1812 ἢ,
50 1772 78 1792 ες
90 1762 136 1799 'pff
150 1773 197 1789 nm
210 1765 262 1792 Νυς
274 1768 356 1790 annea·
373 1762 464 1789 τάλλω
474 1768 556 1796 κωφα,
568 1771 614 1787 και
627 1765 716 1794 τυφλα.

51 1680 181 1712 endum:

49 1828 122 1860 Ver.
136 1832 209 1861 562.
229 1831 386 1871 ,Βξθῗεὶἰεε
412 1829 430 1859 ἰ.
446 1840 472 1860 e.
497 1834 517 1847 ‘⁶
532 1839 580 1859 res
594 1830 660 1859 haec
675 1834 732 1866 est,

48 1880 138 1921 cujus
150 1881 288 1920 probatio
303 1880 441 1910 multum
452 1881 543 1910 habet
558 1879 592 1909 in
604 1889 636 1909 se
651 1879 732 1909 diffi-

0 1923 21 1959 ἣ-
49 1931 181 1967 cuhatis,
203 1931 343 1972 quamvis
364 1937 429 1960 tam
451 1930 585 1960 celebres
600 1929 734 1969 philoso-

47 1982 101 2022 phi
130 1983 189 2012 hoc
218 1981 399 2012 affirment.'’
442 1981 587 2011 Editores
615 1987 733 2020 tamen,

48 2039 80 2064 et
93 2043 202 2064 sensus
216 2033 294 2063 adeo
304 2032 470 2073 probabilis
483 2032 644 2073 facilisque
659 2033 732 2063 hinc

47 2093 161 2126 surgat,
186 2085 225 2116 de
244 2096 301 2116 suo
315 2086 472 2125 Decipere,
498 2095 555 2124 pro
580 2086 730 2126 Dgfficile,

0 2132 2 2135 ’
37 2137 157 2168 ucretio
182 2142 288 2166 nostro
308 2146 364 2176 per
377 2136 500 2166 facinus
514 2135 608 2177 longe
633 2135 729 2166 auda-

66 2187 166 2218 'mum
187 2188 518 2218 obtrusae—sensus.-
545 2187 583 2223 Q.
605 2199 732 2219 sensum.

72 2247 145 2271 ucat
169 2251 281 2276 sensus,
311 2239 437 2270 vocibus
463 2240 666 2279 transpositis,
694 2240 733 2270 Ο.

0 2295 10 2320 ‘a
43 2314 50 2322 .
65 2293 150 2323 dicat
165 2297 282 2330 autem,
298 2291 451 2322 consimili
466 2292 649 2331 temeritate,
665 2283 738 2322 vul-⁸

74 2349 121 2374 est
141 2343 271 2381 editum,
294 2349 402 2375 contra
416 2343 568 2375 librorum
590 2344 734 2375 omnium

0 2400 6 2418 t
53 2394 236 2426 ctoritatem.

2 2475 3 2478 =
53 2454 128 2485 Ver.
153 2457 226 2486 565.
260 2456 311 2486 Sic
337 2456 533 2496 interpretor:
572 2461 592 2474 ‘⁶
609 2456 736 2496 Sensus,

47 2516 142 2547 quem
157 2507 274 2537 habent
287 2507 379 2544 oculi,
405 2510 496 2539 rebus
519 2509 653 2539 externis
668 2519 736 2548 per-

0 2560 3 2577 5
48 2558 139 2594 cussi,
165 2564 272 2589 evocat
297 2559 439 2590 animum
460 2560 501 2591 ad
522 2570 632 2591 eorum
647 2561 737 2599 acies,

0 2611 4 2630 ³
49 2610 94 2640 ita
107 2615 152 2646 ut,
175 2610 360 2641 consociatis
373 2612 471 2642 animi
488 2617 519 2643 et
539 2613 621 2643 oculi
635 2619 738 2652 potes-

0 2662 7 2681 ⁵
51 2659 177 2697 tatibus,
221 2661 347 2692 videndi
386 2662 516 2693 facultas
551 2664 738 2695 exoriatur.’'

44 2712 198 2751 ambinus,
227 2713 406 2753 Creechius,
443 2720 474 2744 et
501 2714 565 2752 alii,
595 2729 738 2757 συντομως

103 2765 162 2796 hoc
176 2774 267 2795 versu
282 2771 425 2806 egerunt,
441 2771 472 2796 et
485 2767 619 2797 recisum
633 2767 739 2798 volue-

56 2819 103 2845 nt:
127 2815 218 2846 nobis
232 2826 270 2847 ea
284 2816 363 2847 ratio
377 2827 441 2848 non
456 2817 567 2857 placet,
585 2829 656 2859 quae
670 2829 738 2849 om-

15 2885 21 2914 3
43 2863 85 2901 ia,
105 2873 168 2896 non
183 2867 286 2898 statim
301 2868 426 2908 penitus
443 2868 609 2907 intellecta,
632 2881 650 2901 e
664 2881 739 2902 con-

0 2920 22 2939 Η
54 2919 109 2946 xtu
129 2916 262 2951 tollenda
280 2921 474 2961 pronunciat.
518 2924 668 2955 Detrudit
683 2934 739 2954 au-

770 745 836 771 tem
849 737 920 771 ideo
935 737 1022 774 dixit,
1048 736 1133 778 quod
1148 735 1188 767 ad
1202 735 1329 766 ultimas
1351 735 1495 765 extremi-

770 797 849 822 tates
871 790 1008 829 corporis
1032 789 1115 819 oculi
1141 788 1280 828 jaceant:
1307 792 1338 817 et
1363 786 1499 817 similem

772 843 865 872 habet
879 839 1142 872 constructionem
1155 844 1260 869 noster
1275 837 1315 868 ad
1330 838 1368 869 vi.
1385 841 1457 870 439.

906 919 1043 952 gravidam
1056 918 1162 943 detrusit
1172 918 1207 942 ad
1222 924 1333 949 aequora
1344 917 1435 950 ponti:

773 995 859 1026 unde
879 994 987 1024 nullus
1001 993 1133 1031 dubites,
1153 992 1325 1033 Virgilium
1347 992 1441 1022 etiam
1456 992 1500 1023 sic

774 1045 929 1084 scripsisse
944 1044 984 1075 ad
1000 1045 1074 1074 AEn.
1090 1044 1139 1074 vii.
1157 1046 1175 1074 7
1180 1047 1228 1076 75.

785 1130 907 1156 Fulmine
917 1130 1111 1163 Phoebigenam
1123 1130 1226 1162 Stygias
1237 1130 1342 1155 detrusit
1352 1129 1387 1154 ad
1399 1130 1497 1155 undas:

775 1194 814 1224 de
828 1193 979 1224 librorum
992 1193 1183 1232 optimorum
1198 1192 1268 1223 fide.
1315 1192 1410 1222 Silius
1424 1194 1501 1224 item

776 1246 816 1275 ad
850 1247 930 1275 hanc
966 1245 1132 1275 lectionem
1169 1244 1390 1274 adstruendam
1427 1254 1502 1275 cum

775 1296 965 1327 membranis
988 1301 1019 1326 et
1041 1296 1188 1326 Lucretio
1213 1296 1381 1335 conspirat,
1405 1296 1500 1335 respi-

774 1348 859 1378 ciens
874 1347 1001 1387 Virgilii
1016 1347 1213 1383 versiculum,
1237 1348 1270 1377 in
1287 1347 1370 1377 Pun.
1387 1357 1434 1377 xv.
1451 1349 1501 1377 43.

820 1425 887 1449 Haec
898 1424 992 1449 Decios
1003 1425 1100 1456 Stygias
1112 1424 1188 1449 Erebi
1199 1423 1304 1447 detrusit
1314 1425 1348 1448 ad
1359 1424 1453 1449 undas.

816 1496 891 1526 Ver.
906 1498 979 1527 564.
996 1497 1188 1536 praesertim:
1213 1495 1233 1526 i.
1256 1506 1283 1526 e.
1307 1499 1329 1514 “
1345 1496 1419 1526 hinc
1441 1497 1502 1526 im-

775 1552 798 1566 “
813 1547 924 1587 primis
953 1547 1062 1588 liquet,
1099 1547 1206 1578 oculos
1242 1547 1276 1577 in
1305 1549 1503 1588 exsequendo

775 1602 882 1632 “visu
910 1612 975 1633 non
1006 1613 1097 1643 agere
1129 1602 1224 1639 nihil;
1262 1612 1387 1641 nempe,
1417 1603 1503 1643 quod

775 1655 798 1671 “
814 1653 914 1683 nimio
942 1653 1066 1694 fulgore
1095 1654 1139 1684 ita
1169 1654 1437 1695 praestringantur‚
1467 1660 1504 1684 ut

776 1707 799 1722 ‘⁶
815 1704 941 1735 videndi
970 1710 1104 1744 potestas
1133 1704 1264 1734 omnino
1293 1704 1503 1744 elanguescat,

777 1760 800 1774 “
817 1763 910 1797 atque
924 1756 1116 1795 debilitetur:
1143 1757 1169 1787 si
1184 1757 1301 1794 minus,
1324 1767 1412 1796 aeque
1429 1767 1504 1787 acu-

778 1816 801 1831 “
817 1815 850 1840 to
875 1809 942 1840 visu
968 1815 1143 1847 uteremur3
1166 1819 1265 1850 quum
1292 1809 1400 1839 anima
1422 1809 1503 1839 inte-

779 1865 802 1880 “
817 1870 882 1898 rea,
906 1861 957 1891 cui
972 1860 1031 1890 soli
1046 1871 1083 1891 ea.
1099 1860 1230 1890 facultas
1252 1859 1408 1900 obtigerit,
1431 1859 1505 1890 nul-

778 1915 801 1930 “
817 1912 882 1942 lam
906 1912 1055 1953 injuriam
1080 1922 1116 1943 ex
1138 1912 1209 1943 luce
1233 1912 1435 1952 praepollente
1448 1922 1504 1951 pa-

779 1969 801 1984 “
818 1964 939 1995 tiatur.”

819 2017 892 2046 Ver.
908 2019 982 2048 565.
1004 2018 1162 2048 Lumina:
1201 2022 1242 2047 n.
1267 2017 1431 2052 Numina‚·
1465 2016 1505 2046 de

776 2067 838 2108 qua
852 2068 1098 2099 commutatione
1112 2068 1288 2103 verborum,
1303 2078 1361 2098 nos
1376 2067 1504 2098 monui-

774 2130 846 2150 mus
859 2120 899 2150 ad
914 2121 945 2151 ii.
964 2124 1054 2151 1102.

819 2172 894 2202 Ver.
909 2176 982 2203 566.
1004 2171 1083 2212 quei:
1114 2172 1152 2202 Ο.
1178 2176 1213 2202 Δ.
1229 2174 1505 2212 qum—cernimus

778 2226 871 2265 z'psez':
901 2231 941 2255 Π.
959 2227 1059 2261 cernis
1083 2224 1200 2254 caeteris
1214 2224 1437 2255 deficientibus.

821 2276 896 2306 Ver.
924 2279 997 2306 567.
1035 2276 1117 2307 Ostia
1127 2289 1138 2306 .·
1175 2281 1210 2306 Δ.
1241 2277 1359 2312 Extra;
1397 2282 1439 2306 Π.
1470 2281 1505 2308 Σ.

779 2328 901 2358 Hostia.

820 2378 902 2409 Ibid.
927 2380 1074 2410 laborem:
1109 2378 1129 2409 i.
1155 2388 1181 2409 e.
1203 2378 1506 2417 incommoditatem,

779 2433 927 2466 dolorem;
955 2430 1026 2461 vide
1047 2440 1134 2469 mox,
1157 2430 1198 2461 ad
1213 2441 1272 2461 ver.
1289 2434 1361 2462 461.
1384 2441 1421 2460 ex
1443 2429 1508 2470 qua

780 2482 918 2513 nominis
932 2483 1059 2513 notione
1073 2483 1240 2523 progressi,
1255 2492 1312 2513 nos
1322 2482 1398 2512 olim
1413 2481 1507 2512 veris-

782 2533 859 2564 sime
880 2534 1116 2564 emendavimus
1135 2533 1264 2564 Horatii
1287 2533 1335 2563 od.
1363 2533 1394 2563 ii.
1412 2537 1439 2564 9.
1458 2536 1507 2563 ll.

782 2585 823 2618 ad
839 2585 913 2616 Silv.
934 2586 1009 2616 Crit.
1024 2586 1044 2616 i.
1060 2596 1089 2625 p.
1108 2589 1177 2617 152.

1163 2672 1212 2691 nec
1223 2664 1283 2695 tibi,
1294 2665 1409 2696 Vespero

906 2707 1047 2737 surgente,
1058 2705 1194 2730 decedunt
1205 2704 1310 2734 labores,

938 2746 993 2770 Nec
1003 2745 1127 2776 rapidum
1137 2744 1260 2776 fugiente
1269 2743 1363 2768 solem.

783 2819 922 2850 Pulchra
938 2817 1101 2858 oppositio.
1145 2819 1169 2835 ‘⁶
1187 2818 1341 2854 Querceta
1369 2816 1508 2857 Gargani

784 2874 808 2890 ‘⁸
823 2881 888 2901 non
903 2879 1024 2909 semper
1033 2870 1185 2909 laborant,
1200 2874 1234 2901 tu
1246 2873 1351 2900 autem
1363 2868 1510 2907 semper.'’

784 2922 902 2964 Vulgo,
919 2933 1042 2954 amores.
1483 2917 1485 2919 ¹

712 2983 785 3013 Ee
