1912 3292
482 295 714 344 LIBER
748 292 1130 350 QUARTUS.

1462 299 1553 340 385

215 432 302 473 Aut
322 444 446 487 quom
464 427 650 469 conscius
669 427 758 480 ipse
778 424 938 465 animus
959 438 1001 463 se
1020 422 1123 464 forte
1147 424 1367 474 remordet,

213 504 427 548 Desidiose
446 514 567 557 agere
587 506 765 546 aetatem,
789 496 1004 550 lustrisque
1024 497 1175 550 perire3

76 585 183 622 1130
214 579 302 621 Aut
321 575 433 633 quod
451 575 496 615 in
516 572 711 629 ambiguo
731 569 902 612 verbum
915 568 1094 625 jaculata
1113 571 1293 625 reliquit3

109 740 235 768 Ἧδιττον,
255 745 340 766 marat,
360 735 459 765 τὰπον,
485 739 594 766 aaz-semor
607 733 636 759 ,Ψ
649 734 728 766 ‘aqum

73 799 262 834 Ubividaes,
275 807 344 838 quae
355 796 547 827 adnotaverit
558 793 794 835 elegantissima,

72 852 128 893 qui
139 851 183 881 de
198 860 279 881 novo
293 858 393 888 nuper
408 848 500 878 istam
517 847 657 877 fabulam
671 845 797 885 evulga-

73 904 128 941 vit,
144 904 177 934 F.
192 903 236 933 H.
254 902 440 941 Egertonus‚
452 904 483 930 et
499 898 702 929 Valckena'elri
715 907 800 938 quae-

72 954 155 986 dam.
201 954 367 987 Caeterum,
384 951 560 991 praecedens
574 960 678 980 versus
689 948 800 989 tragici

73 1016 198 1037 crucem
213 1005 285 1035 viris
299 1003 516 1035 eruditissimis
533 1002 612 1039 fixit,
637 1008 728 1042 atque
758 1000 802 1030 ita

73 1057 244 1098 capiendus
259 1062 306 1086 est
320 1061 352 1085 et
373 1053 626 1094 distinguendus:

153 1131 189 1155 Τι
200 1127 265 1158 «πεῖθ’,
277 1128 289 1154 ὁ
301 1128 331 1157 δη
342 1133 451 1159 λεγκσιν,
471 1126 597 1161 ανθρωσες
609 1135 680 1161 mcv,-

75 1194 100 1211 “
113 1190 281 1228 'Quidnam
305 1196 351 1220 est
375 1190 446 1227 boc,
473 1188 512 1219 de
536 1198 598 1229 quo
621 1188 804 1228 loquuntur,

77 1246 101 1262 “
116 1254 202 1273 amor
216 1245 249 1272 in
266 1243 398 1272 homines
413 1239 623 1271 mulierum?”
650 1238 732 1269 Vide
742 1248 804 1268 ver.

77 1297 152 1326 553.
188 1293 276 1324 Nihil
291 1293 404 1323 certius
413 1298 469 1323 aut
482 1292 604 1322 clarius.
640 1291 680 1321 In
695 1290 805 1321 eadem

77 1355 170 1386 porro
185 1344 386 1375 translatione
400 1342 583 1374 suavissima
591 1342 723 1372 feliciter
737 1342 804 1372 Iso-

78 1402 177 1427 crates
191 1401 336 1431 versatur,
352 1395 379 1425 si
394 1394 488 1425 modo
499 1394 582 1424 Diva
599 1393 712 1423 Critice
726 1391 807 1422 mihi

79 1447 200 1483 faverit,
228 1453 320 1487 atque
349 1447 521 1476 scribarum
541 1445 807 1485 inquinatissimas

80 1497 294 1537 corruptiones
307 1497 366 1526 rite
381 1496 573 1533 deterserim,
587 1494 627 1525 ad
641 1494 806 1525 Demonic.

81 1551 139 1581 sub
153 1549 261 1579 fidem:
283 1553 320 1578 Eu
334 1559 385 1587 μεν
401 1560 459 1589 γαρ
474 1560 516 1586 τῳ
529 1548 668 1588 patenum,
686 1560 735 1576 και
753 1559 807 1579 τας

81 1609 252 1641 affines-coms
269 1611 405 1640 oe‘yoeorqtv,
424 1600 497 1632 ευδυς
514 1598 546 1628 αἱ
561 1605 655 1628 >turm
671 1611 734 1631 ταις
748 1597 808 1630 ἡδο-

81 1667 138 1688 ναις
155 1655 544 1683 ΠΑΡΑΠΕΠΗΓΑΚΑΣΙ·
568 1651 699 1690 (vicinas
707 1655 810 1680 scatu-

79 1707 197 1745 rigines
212 1705 305 1735 solent
318 1702 467 1741 eminere)
485 1715 518 1732 «ro
533 1700 560 1732 δε
573 1714 632 1743 περι
650 1714 701 1734 -την
713 1714 812 1743 αρε-την

81 1764 247 1797 φιλοπονειν,
264 1768 314 1785 και
327 1761 465 1796 σωφρονως
479 1766 526 1783 τον
542 1753 630 1782 {ava-8
646 1754 699 1782 Cum
711 1766 809 1782 otxovo-

82 1820 154 1847 μειν,
164 1820 207 1837 oasa
219 1820 274 1840 τας
288 1807 400 1846 τερψεις
415 1811 560 1845 ειλικρινεις
573 1817 623 1833 και
637 1804 811 1844 Getam-spa,

85 1861 318 1890 ΑΝΑΔΙΔΩΣῙ
337 1855 483 1896 (ebullit).
529 1854 611 1884 Haec
633 1864 704 1884 vera
726 1859 811 1892 sunt,

81 1917 122 1947 et,
137 1911 164 1941 si
178 1909 254 1952 quid
268 1919 411 1953 usquam,
438 1909 496 1939 rite
510 1908 690 1949 excogitata.
714 1906 812 1947 Edid,

87 1975 325 2006 παραπεπηγασι
355 1969 386 1992 et
407 1961 568 1992 ammam·
595 1971 665 2001 quae
681 1961 814 1991 minime

86 2015 249 2046 toleranda
277 2014 355 2051 dico,
391 2014 587 2054 nitoremque
609 2013 669 2044 loci
691 2013 815 2053 penitus

87 2067 290 2104 obumbrare3
307 2065 447 2106 quamvis
456 2075 567 2104 parum
579 2065 730 2105 discrepet
747 2064 815 2094 Sto-

87 2120 185 2156 baeus,
201 2118 258 2148 ecl.
276 2128 352 2148 mor.
369 2128 397 2157 p.
415 2120 464 2148 67.
510 2118 703 2158 Exquisitius
717 2116 813 2147 nimi-

89 2180 163 2200 rum
185 2168 309 2200 dicendi
331 2179 432 2209 genus
454 2168 594 2198 librarios
619 2167 813 2198 ludificatum

90 2227 145 2253 est.

133 2273 208 2304 Ver.
225 2276 316 2304 1127.
340 2279 455 2313 angat:
483 2273 522 2303 V.
539 2272 585 2303 ed.
601 2283 637 2303 ac
654 2278 687 2304 Σ.
710 2278 816 2312 angat.

90 2324 180 2355 Num
195 2323 392 2354 scribendum
402 2325 546 2364 pungat?
571 2324 590 2354 i.
605 2335 631 2354 e.
648 2327 758 2364 pz‘cgat.

135 2375 216 2405 Ibid.
239 2377 347 2414 Surgit
373 2377 452 2414 quod
487 2377 520 2405 in
537 2376 672 2415 floribus
708 2383 814 2415 angat.

93 2425 210 2456 Delabi
224 2431 324 2465 potest
345 2425 442 2455 videri
468 2431 571 2455 noster
597 2425 638 2455 ad
653 2436 766 2456 novam
781 2426 817 2456 fi-

93 2489 222 2519 guram3
245 2479 265 2509 i.
288 2489 315 2510 e.
340 2480 452 2519 anguis
475 2479 555 2509 inter
578 2478 668 2509 flores
695 2479 818 2510 delites-

94 2530 200 2565 centis,
227 2530 296 2560 loco
317 2530 413 2569 spinae
435 2530 468 2559 in
491 2529 580 2560 caula
601 2529 724 2560 rosacea
745 2532 817 2561 sub-

93 2586 199 2618 rectae3
222 2581 323 2620 priore
338 2580 456 2611 deserta
471 2581 682 2611 translatione:
710 2581 765 2612 sed
780 2592 812 2612 re

93 2632 166 2662 vetii
180 2643 244 2662 non
260 2639 306 2663 est
313 2633 443 2673 hujusce
458 2633 587 2663 inscitiae
599 2633 814 2672 postulandus;

93 2684 177 2725 quod
192 2684 248 2714 tibi
263 2685 337 2714 satis
351 2684 540 2715 declaratum
551 2685 636 2715 dabit
645 2695 705 2716 ver.
720 2689 810 2716 1124.

95 2745 169 2765 cum
193 2735 238 2765 iii.
255 2739 326 2767 926.
352 2735 550 2766 commissus:
578 2736 634 2772 vel,
662 2735 686 2766 si
713 2737 819 2772 mavis,

96 2796 160 2816 non
175 2786 282 2816 minus
298 2786 456 2827 eleganter
473 2787 681 2826 interpreteris
696 2798 714 2817 a
729 2788 760 2818 ii.
780 2791 820 2820 29

96 2839 189 2868 -54,
211 2838 310 2877 quasi,
327 2848 381 2877 per
395 2838 477 2877 ripas
488 2838 636 2874 reclinati,
651 2846 822 2879 γλυκυπικ-

97 2899 142 2929 ρες
178 2887 284 2919 latices
314 2889 398 2920 fluvii
427 2891 641 2929 praetereuntis
669 2891 820 2923 biberent.

98 2939 223 2969 Verum
242 2940 304 2971 alia
317 2942 398 2972 ratio
412 2942 533 2972 videtur
548 2942 775 2982 anteponenda,
787 2948 824 2974 ut

95 2990 215 3029 po'e'tica
229 2993 328 3033 magis
355 2999 386 3023 et
407 2994 571 3034 exquisita:
597 2993 687 3034 spina
708 2994 824 3027 scilicet

841 727 974 758 subinde
988 727 1182 765 vulnerante,
1208 736 1278 767 quae
1300 726 1334 755 in
1356 725 1443 755 sertis
1460 725 1563 756 relicte⁴

842 786 1002 821 gerentem
1017 779 1168 810 fefellerit.
1215 779 1265 809 Sic
1280 777 1388 808 omnia
1401 778 1563 808 cohaerent.

889 830 962 861 Ver.
974 833 1066 860 1128.
1088 841 1194 870 quom:
1220 829 1317 860 Vind.
1343 830 1432 869 quod,
1448 835 1484 858 ut
1499 828 1565 858 edi·-

842 882 943 913 tiones
968 880 1094 918 multae3
1116 881 1171 911 sed
1193 880 1321 911 collator
1344 879 1478 919 vapulet,
1501 889 1566 910 non

843 934 1159 964 codex—remordet:
1187 932 1234 962 M.
1251 933 1411 962 demordet.

889 985 967 1016 Ibid.
989 986 1135 1016 remordet
1147 997 1156 1014 .·
1193 982 1300 1012 redeas
1333 982 1426 1011 velim
1455 981 1495 1011 ad
1525 980 1568 1012 iii.

845 1043 917 1071 839.
962 1038 1080 1069 Pariter
1096 1036 1271 1074 Juvena1is,
1286 1035 1317 1065 ii.
1333 1037 1384 1066 55.

878 1113 972 1136 Nonne
982 1110 1131 1141 igiturjure
1144 1115 1175 1133 ac
1187 1108 1284 1132 merito
1296 1107 1360 1131 vitia
1371 1105 1467 1130 ultima
1477 1105 1554 1130 fictos

878 1153 1067 1177 Contemnunt
1079 1152 1198 1179 Scauros,
1212 1152 1241 1173 et
1252 1148 1380 1179 castigata
1391 1146 1545 1170 remordent?

847 1207 867 1238 i.
884 1219 910 1238 e.
932 1212 1168 1243 convertuntur,
1192 1210 1227 1235 ut
1249 1204 1383 1234 vicissim
1398 1202 1569 1233 mordeant.

848 1260 899 1290 Ibi
913 1260 1088 1299 Grangaeus
1099 1256 1236 1296 apposite
1247 1254 1381 1286 contulit
1391 1254 1571 1289 Horatium,

848 1310 938 1351 epod.
946 1310 991 1340 vi.
1008 1313 1037 1340 4.

1003 1378 1036 1402 Et
1048 1383 1094 1401 me
1106 1381 1276 1400 remorsurum
1288 1374 1371 1407 petis?

895 1436 967 1467 Ver.
988 1439 1078 1467 1129.
1102 1437 1206 1466 lustris
1216 1435 1330 1474 perire.
1364 1431 1486 1467 Cicero,
1499 1429 1574 1460 Phi-

851 1489 907 1528 lip.
939 1488 970 1518 ii.
999 1491 1029 1518 3.
1064 1490 1087 1505 “
1102 1496 1218 1516 —cum
1247 1495 1356 1515 omnes
1384 1482 1576 1521 impuritates

855 1543 877 1557 “
893 1538 1006 1578 pudica
1017 1539 1050 1568 in
1064 1537 1159 1567 domo
1168 1535 1306 1576 quotidie
1316 1534 1494 1573 susciperes,
1507 1533 1580 1561 vino

855 1593 877 1608 “
894 1591 1060 1628 lustrisque
1076 1586 1266 1618 confectus.‘'
1312 1587 1429 1616 Lustra
1452 1582 1581 1624 quidem

854 1642 978 1682 proprie
1008 1646 1082 1671 sunt
1100 1640 1246 1681 ferarum
1277 1639 1462 1668 habitacula.
1508 1635 1580 1665 Vir-

856 1693 958 1733 gilius,
975 1702 1042 1732 geo.
1058 1691 1088 1720 ii.
1106 1694 1177 1722 471.

1048 1757 1101 1782 illic
1112 1756 1202 1786 saltus,
1216 1763 1247 1780 ac
1258 1755 1477 1786 lustraferarum:

856 1820 911 1850 ubi
925 1818 994 1849 vide
1016 1818 1166 1848 Servium.
1212 1815 1318 1847 Facile
1334 1820 1439 1845 autem
1466 1813 1504 1843 ad
1525 1812 1582 1843 de-

859 1870 1014 1912 signanda
1040 1871 1210 1910 lupanaria
1244 1878 1303 1898 vox
1332 1876 1493 1907 progressa
1521 1869 1582 1901 est;
1612 1864 1614 1866 ’

856 1923 1054 1963 plerumque,
1070 1927 1105 1951 ut
1124 1919 1268 1951 credibile
1283 1924 1340 1957 est,
1355 1919 1395 1948 ob
1410 1918 1521 1947 harum
1533 1925 1583 1945 re-

857 1985 929 2006 rum
943 1975 1095 2015 pudorem
1111 1971 1297 2009 naturalem,
1314 1971 1348 2000 in
1360 1969 1497 2000 obscuris
1507 1968 1584 1998 locis

859 2029 897 2058 ab
921 2026 1110 2065 inspectione
1132 2023 1239 2063 populi
1262 2021 1428 2053 recondita.
1468 2019 1584 2050 Confer

860 2078 1003 2109 Nonium
1020 2075 1220 2112 illm-cellum,
1238 2074 1275 2104 iv,
1293 2076 1364 2103 272.

900 2133 975 2163 Ver.
1010 2134 1104 2161 1150.
1138 2130 1278 2168 reliquit:

861 2185 1042 2219 Gassendus
1068 2184 1163 2214 etiam
1183 2183 1316 2223 jactata,
1354 2189 1410 2219 pro
1429 2179 1586 2219 jaculata,

859 2239 953 2279 longe
975 2238 1131 2278 longeque
1153 2232 1347 2273 ineptissimo
1372 2235 1486 2261 conatu
1514 2237 1584 2267 pro-

860 2289 971 2330 posuit.

905 2341 986 2371 Ibid.
1008 2339 1293 2379 verbumjaculam:
1313 2333 1377 2364 redi
1389 2332 1428 2363 ad
1440 2341 1499 2361 ver.
1515 2333 1587 2361 580.

862 2398 894 2422 et
907 2391 951 2422 ibi
970 2391 1063 2421 dicta.
1109 2388 1281 2424 Arnobius,
1302 2386 1352 2415 lib.
1369 2384 1411 2414 iii.
1427 2393 1455 2422 p.
1474 2385 1587 2412 110.—

866 2445 1100 2485 “jacularique
1116 2442 1149 2471 in
1164 2451 1217 2470 vos
1232 2449 1278 2476 ea,
1295 2447 1364 2477 quae
1380 2435 1468 2466 dolor
1481 2438 1589 2464 suetus

1318 2133 1358 2156 Π.
1382 2126 1585 2165 relinquit.—

864 2500 886 2516 “
905 2502 950 2526 est
955 2495 1098 2537 jacere:”
1123 2503 1246 2532 nempe,
1263 2490 1474 2522 contumeliosa
1489 2487 1588 2517 verba.

865 2549 1040 2586 Homerus,
1058 2547 1096 2577 Il.
1113 2553 1142 2577 B.
1159 2548 1230 2576 275.

883 2622 927 2651 ’ος
941 2633 980 2648 τιν
997 2619 1131 2656 λωζκτκρα
1140 2617 1348 2644 ΕΠΕΣΒΟΛΟΝ
1361 2613 1413 2648 εσχ’
1427 2622 1540 2648 αγοραων
1550 2621 1559 2637 .·

864 2684 885 2715 i.
902 2694 928 2714 e.
953 2691 1052 2723 λαγοις
1070 2683 1233 2712 &azzor-rot·
1257 2676 1441 2707 scholiastes.
1485 2673 1592 2712 Atque

866 2746 905 2766 ex
920 2733 1122 2764 translatione
1138 2730 1260 2766 dicitur,
1275 2734 1312 2758 ut
1330 2733 1450 2767 putem,
1466 2734 1590 2763 serpen-

866 2787 907 2817 tis
922 2787 1066 2827 linguam
1080 2783 1239 2820 vibrantis,
1264 2781 1312 2811 vel
1335 2790 1373 2810 ex
1387 2789 1447 2809 usu
1462 2777 1592 2808 fortasse

865 2838 1079 2872 militantium,
1095 2835 1145 2866 vel
1167 2833 1247 2865 saxis
1261 2830 1489 2872 impetentium.
1538 2828 1591 2858 Se-

865 2900 951 2926 neca,
968 2888 1048 2928 epig.
1064 2897 1091 2917 ν.
1108 2890 1136 2918 6.

915 2966 1007 2995 thue
1017 2963 1109 2988 furens
1118 2964 1189 2987 totas
1199 2959 1311 2985 immittit
1320 2964 1387 2983 saxa
1397 2963 1445 2989 per
1455 2955 1543 2985 urbes,

951 3006 980 3028 In
992 3002 1121 3036 populum
1131 3001 1167 3026 sic
1180 3005 1211 3026 tu
1222 3000 1304 3025 verba
1315 2998 1432 3029 maligna
1442 2994 1518 3028 jacis.
