1912 3292
470 273 702 322 LIBER
744 270 1124 328 QUARTUS.

82 406 166 446 780

255 403 466 453 Quaeritur
485 401 529 440 in
549 401 706 454 primis,
739 399 819 453 qua
840 413 900 448 re,
932 398 1044 453 quod
1064 399 1241 455 quoique
1260 399 1400 440 lubido

191 477 376 526 Venerit,
399 488 451 515 ex
470 472 624 527 templo
643 486 760 512 mens
781 472 933 527 cogitet
952 471 1036 524 ejus
1056 471 1098 512 id
1119 473 1266 526 ipsum.

194 553 318 593 Anne
337 548 587 589 voluntatem
606 553 791 586 nostram
811 544 1026 585 simulacra
1043 552 1230 595 tuentur3

191 626 261 674 Et,
293 622 412 664 simul
431 637 479 663 ae
498 621 700 670 volumus,
731 620 853 661 nobis
873 619 1058 660 obcurrit
1076 619 1239 676 imago?

190 699 235 740 Si
253 712 381 746 mare,
414 697 446 737 si
466 704 634 745 terram,
666 694 782 736 cordi
802 702 877 744 est,
910 694 943 734 si
963 693 1140 749 denique
1160 693 1325 743 coelum,

73 776 153 815 785
187 772 424 813 Conventus
445 771 678 820 hominum,
709 784 922 824 pompam,
955 768 1159 818 convivia,
1187 782 1349 825 pugnas
1357 785 1370 818 ς

187 846 342 888 Omnia
367 846 441 887 sub
461 845 641 887 verbone
660 853 772 886 creat
792 843 970 895 Natura,
992 842 1216 898 paratque?

43 1005 192 1035 sensibilis
220 1003 354 1034 occurrit
389 1003 423 1033 In
455 1003 583 1040 Seneca,
615 1003 770 1040 Vitruvio,

47 1055 166 1094 solino,
205 1055 351 1094 Apuleio,
390 1062 421 1085 et
457 1055 626 1095 glossatore
661 1062 772 1086 vetere.

46 1109 202 1149 Denique,
219 1108 258 1138 de
273 1108 449 1138 sinceritate
464 1108 595 1138 tristichi
610 1108 715 1144 totius,
739 1108 772 1137 in

43 1171 106 1200 quo
135 1160 275 1190 nativam
306 1160 443 1189 Lucretii
482 1170 538 1189 nos
570 1160 773 1199 perspicimus

45 1220 181 1252 αφελειαιν
209 1218 240 1242 et
263 1211 433 1242 candidum
459 1212 592 1242 nitorem
614 1212 771 1247 orationis,

46 1275 120 1294 cum
135 1263 227 1295 solita
248 1274 452 1293 numerorum
469 1263 629 1300 facilitate,
653 1274 695 1293 ne
710 1263 770 1293 du-

44 1317 155 1348 bitatio
169 1317 297 1358 quidem
312 1316 465 1346 levissima
480 1316 712 1355 nobismetipsis*
722 1316 770 1345 in-

46 1371 127 1402 sidit.

89 1429 162 1459 Ver.
179 1431 250 1459 778.
273 1435 474 1469 quaerzmtur:
501 1429 537 1458 Ρ.
555 1431 752 1468 quarendum
762 1444 773 1464 ,-

44 1492 82 1511 ex
96 1482 285 1511 correctione
299 1480 462 1520 cujusdam
488 1481 672 1519 importuni,
695 1490 772 1519 vpro-

44 1533 220 1572 portionem
235 1531 446 1562 clausularum
460 1531 622 1570 cupientis.

85 1591 160 1621 Ver.
183 1594 222 1622 77
227 1596 257 1622 9.
284 1593 396 1631 plane:
433 1596 467 1621 Δ.
493 1593 768 1622 nobis-avemus.-

44 1642 142 1673 Vind.
154 1642 195 1672 V.
211 1642 259 1673 ed.
278 1643 314 1673 B.
332 1643 371 1673 O.
389 1647 423 1673 Δ.
441 1649 482 1673 Π.
499 1647 533 1673 Σ.
551 1649 595 1672 Ω.
612 1644 769 1678 Ιιαὸεῃηις,·

44 1694 82 1724 L.
98 1695 237 1730 abemus;
260 1693 304 1724 ita
327 1693 442 1733 passim
471 1693 505 1722 in
527 1703 602 1723 voce
616 1705 686 1724 aveo
702 1703 771 1732 pec-

43 1751 145 1783 catur3
169 1746 208 1775 ob
225 1745 393 1785 aspiratam
414 1745 537 1774 literam
556 1743 638 1773 male
653 1754 771 1782 praepo-

44 1797 147 1835 sitam,
173 1798 276 1834 lzaveo,
303 1803 397 1836 atque
422 1795 649 1826 elementorum
672 1796 688 1824 b
704 1800 735 1824 et
756 1806 772 1825 v

43 1850 332 1881 commutationem.

87 1909 162 1940 Ver.
179 1912 250 1940 780.
272 1910 392 1940 lubido:
417 1908 513 1949 vulgo
527 1908 681 1946 scribitur,
701 1909 770 1938 libi-

44 1965 98 1997 1l0;
125 1968 156 1992 et
175 1961 228 1997 sic,
255 1967 292 1991 ut
315 1961 448 1999 videtur,
475 1971 584 1991 omnes
608 1961 693 1991 libri:
720 1960 774 1990 sed

46 2024 103 2044 nos
118 2013 264 2043 volumus
278 2013 519 2052 nobismetipsis,
542 2012 605 2053 qua
622 2012 687 2042 fieri
702 2022 772 2051 pos-

45 2065 94 2100 sit,
125 2069 281 2101 constare3
318 2069 349 2094 et
377 2065 437 2094 hoc
467 2069 558 2102 pacto
594 2064 773 2093 veterrimos

45 2115 213 2154 scripsisse,
244 2115 370 2155 ignorat
398 2125 505 2145 nemo:
543 2114 613 2145 vide
642 2114 773 2144 Velium

46 2168 204 2207 Longum,
221 2166 260 2197 de
274 2167 339 2197 diff.
356 2177 436 2197 voce.
452 2177 481 2206 p.
498 2170 591 2197 2216.

88 2229 161 2259 Ver.
177 2231 248 2260 781.
271 2231 323 2259 id:
350 2229 391 2259 V.
411 2228 459 2259 ed.
483 2229 520 2259 B.
543 2228 677 2259 in.—Et
698 2228 774 2258 ordo

43 2282 209 2311 verborum
224 2279 275 2309 hic
290 2286 348 2310 est:
376 2283 399 2298 “
416 2279 489 2315 Qua
502 2289 535 2309 re
550 2289 640 2309 mens
655 2280 771 2319 cogitet

44 2337 67 2351 “
83 2332 116 2362 id
130 2332 245 2370 ipsum,
260 2334 438 2367 secundum,
456 2331 504 2360 vel
520 2345 615 2368 κατα,
638 2333 717 2371 quod
733 2331 770 2360 li-

46 2387 69 2402 “
85 2382 159 2413 bido
174 2382 286 2422 cuique
301 2381 449 2412 venerit.’'
486 2382 591 2412 Locus
606 2382 699 2411 etiam
718 2382 771 2412 Ci-

46 2434 174 2469 ceronis
198 2439 261 2462 nat.
278 2432 360 2463 deor.
377 2433 395 2462 i.
418 2443 512 2473 quem
529 2432 704 2462 Lambinus
718 2443 772 2471 ap-

45 2487 159 2525 posuit,
203 2487 392 2516 Lucretiano
436 2493 482 2517 est
516 2486 766 2516 consimillimus:

45 2540 66 2555 “
85 2538 167 2567 Haec
183 2537 323 2578 quaestio,
355 2537 421 2572 Qud
437 2548 482 2574 re,
507 2539 586 2577 quod
609 2539 718 2577 cuique
731 2538 770 2566 [ι’-

46 2592 69 2606 “
85 2590 193 2624 buerit,
220 2591 254 2619 id
276 2590 395 2628 cogitet,
423 2599 495 2618 cum
512 2588 659 2628 cogitatio
674 2588 771 2617 simu-

43 2645 64 2659 “
85 2640 175 2671 lacris
201 2641 363 2677 excitetur,
389 2640 503 2679 pendet
532 2651 570 2670 ex
599 2641 771 2680 superiore3

42 2696 66 2712 “
84 2694 190 2729 Quam
213 2695 253 2723 οἱ)
268 2704 334 2724 rem
362 2693 528 2723 simulacra
549 2693 668 2723 moveri
689 2693 773 2723 vide-

44 2748 66 2763 “
83 2750 176 2775 antur
184 2744 219 2776 ?’'

85 2804 161 2834 Ver.
191 2807 262 2835 785.
300 2806 433 2835 obcurrit
471 2807 580 2844 imago.
627 2804 776 2834 Similiter

46 2855 225 2895 planissime
239 2856 408 2897 Virgilius,
430 2856 505 2886 AEn.
520 2856 559 2886 vi.
576 2860 646 2887 695.

208 2938 271 2962 Tua
281 2945 336 2968 me,
349 2938 472 2970 genitor!
492 2941 539 2962 tua
550 2938 644 2967 tristis,
653 2938 734 2969 imago

76 2975 177 3007 saepius
188 2976 329 3008 obcurrens,
339 2979 400 3003 haec
412 2977 504 3002 limina
516 2978 626 3003 tendere
637 2978 736 3009 adegit.

860 1002 935 1032 Ver.
952 1005 1023 1034 784.
1059 1002 1144 1032 cordi
1176 1006 1236 1031 est.-
1276 999 1314 1029 B.
1351 1000 1450 1029 cordis
1485 1004 1544 1035 est,-

816 1064 941 1092 nempe,
969 1059 1074 1092 postea
1104 1061 1200 1092 quam
1232 1051 1384 1090 scriptura
1413 1049 1546 1088 brevior,

816 1116 886 1146 quae
901 1110 1058 1143 comparet
1080 1104 1113 1134 iu
1130 1104 1166 1134 P.
1182 1104 1223 1133 V.
1243 1102 1291 1133 ed.
1306 1103 1343 1133 L.
1359 1103 1408 1132 M.
1431 1104 1547 1133 cordz'st

817 1158 896 1193 dico,
922 1157 1037 1187 abierat
1059 1156 1093 1186 in
1115 1157 1227 1191 cordis,
1252 1154 1377 1184 detruso
1398 1160 1421 1190 t,
1449 1168 1482 1184 τα
1502 1160 1545 1185 est

816 1208 944 1247 irrepsit.

858 1268 930 1298 Ver.
947 1270 1190 1307 785..pompam‚
1210 1276 1343 1306 pugnas.
1381 1263 1545 1293 Dictiones

814 1320 949 1350 vicissim
963 1318 1156 1358 transpositae
1171 1316 1376 1346 inveniuntur
1391 1315 1425 1344 in
1441 1321 1481 1345 Π,

861 1379 934 1409 Ver.
951 1382 1022 1409 786.
1040 1378 1167 1408 verbone
1191 1382 1291 1407 creat:
1327 1379 1362 1405 Δ.
1385 1375 1471 1405 verbo
1497 1384 1545 1403 re-

817 1438 908 1462 creat.

862 1490 934 1519 Ver.
951 1492 1021 1520 787.
1045 1491 1078 1519 in
1104 1488 1190 1518 deest
1214 1487 1384 1518 52.—Mox
1400 1485 1438 1515 B.
1462 1486 1544 1524 cogi-

815 1550 869 1574 tat.

858 1605 890 1634 V
892 1615 932 1635 er.
950 1607 1021 1635 788.
1044 1605 1175 1634 omneis:
1203 1602 1247 1632 ita
1268 1601 1356 1641 capio
1382 1600 1545 1630 solennem

815 1656 999 1695 scripturam
1021 1656 1288 1689 membranarum,
1305 1654 1402 1683 omnis
1407 1665 1418 1687 ;
1444 1660 1545 1691 quum

816 1709 917 1738 multo
932 1707 1167 1738 convenientius
1180 1706 1250 1736 loco
1264 1705 1304 1734 sit
1316 1718 1349 1735 ero
1365 1705 1478 1734 omneis
1487 1713 1548 1737 res,

817 1769 913 1799 quam
935 1760 1031 1789 omnis
1054 1760 1185 1788 animus.
1229 1757 1365 1786 Erasum
1387 1759 1433 1784 est
1447 1755 1545 1783 omnis

816 1809 922 1839 codice
937 1808 1185 1839 vindobonensi.

858 1870 933 1900 Ver.
951 1873 1023 1901 789.
1046 1870 1079 1898 in
1090 1878 1251 1898 numerum
1263 1866 1425 1906 procedere
1440 1869 1469 1894 et
1479 1875 1542 1894 mo-

816 1932 890 1952 vere.
928 1920 1017 1950 Hinc
1032 1929 1103 1949 vera
1117 1918 1208 1948 lectio
1224 1916 1354 1957 Virgilii
1369 1917 1544 1952 roboratur,

817 1979 848 2002 et
860 1973 920 2002 *lux
942 1969 1174 2006 constructioni,
1198 1969 1237 1999 ad
1255 1968 1310 1999 ecl.
1325 1968 1364 1998 vi.
1381 1971 1430 1998 28.
1453 1966 1545 1996 adve-

819 2024 915 2055 nerit:

846 2099 922 2122 Tum
941 2104 1005 2122 vero
1024 2097 1051 2121 in
1070 2103 1204 2120 numerum
1224 2096 1391 2124 Faunosque,
1412 2092 1544 2123 ferasque,

971 2137 1074 2160 videres

847 2176 964 2206 Ludere,
974 2179 1035 2200 tum
1046 2175 1143 2207 rigidas
1153 2177 1248 2198 motare
1258 2172 1400 2197 cacumina
1411 2177 1534 2202 quercus.

818 2247 952 2286 Nempe,
978 2253 1092 2277 molare
1109 2248 1141 2276 in
1157 2256 1329 2281 numerum,
1358 2253 1422 2273 non
1440 2242 1546 2272 minus

814 2309 910 2339 quam
924 2300 1027 2328 ludere
1044 2300 1076 2328 z'n
1099 2307 1267 2330 numerum,
1291 2304 1390 2335 quum
1405 2302 1494 2323 voces
1509 2294 1543 2322 in

814 2362 974 2381 numerum
999 2356 1164 2389 utramque
1191 2346 1365 2378 clausulam
1392 2354 1478 2384 aeque
1494 2354 1542 2373 re-

817 2401 960 2440 spiciant:
1002 2406 1033 2430 et
1061 2401 1105 2430 ita
1135 2399 1266 2429 Servius.
1322 2389 1411 2426 Hinc
1449 2394 1544 2424 etiam

816 2452 926 2482 malim
951 2458 1064 2483 motare
1086 2461 1160 2481 cum
1182 2451 1378 2482 Burmanno,
1406 2455 1469 2484 prae
1483 2456 1544 2475 nu-

817 2511 882 2535 tare
900 2504 997 2534 Nonii
1013 2510 1043 2534 et
1057 2503 1199 2533 aliorum.

857 2565 933 2594 Ver.
950 2566 1146 2607 7903‘1nollia
1176 2562 1325 2592 membra:
1352 2559 1372 2588 i.
1398 2569 1424 2588 e.
1455 2559 1541 2600 ὑγρα,

816 2615 973 2645 flexibilia.
1017 2613 1183 2654 Virgilius,
1221 2612 1261 2641 de
1291 2608 1434 2650 generosi
1466 2607 1544 2648 ,equi

818 2667 914 2707 pullo,
933 2677 1000 2707 geo.
1015 2666 1060 2696 iii.
1076 2669 1125 2696 70.

864 2740 950 2766 Altius
961 2739 1120 2771 ingreditur,
1130 2742 1158 2763 et
1169 2736 1253 2762 mollia
1265 2743 1340 2760 crura
1351 2734 1470 2767 reponit:

818 2819 888 2852 post
913 2811 1068 2847 Ennium,
1095 2815 1244 2840 monente
1267 2808 1393 2846 vServio,
1419 2808 1546 2838 Graecos

822 2871 973 2894 secutum.
1019 2863 1070 2892 Ita
1086 2862 1274 2900 Xenophon,
1299 2859 1337 2889 de
1350 2869 1385 2889 re
1401 2858 1546 2899 equestri,

819 2926 849 2946 X.
867 2919 894 2946 4.
943 2921 996 2945 Και
1013 2927 1053 2944 -roe
1077 2927 1127 2953 μεν
1158 2917 1288 2944 ΣΚΕΛΗ
1303 2913 1413 2941 ‘TrPA
1436 2922 1544 2950 μετεω-

821 2968 883 3009 ριζει
901 2967 928 3007 (ὁ
945 2965 1063 3004 ἵππος),
1081 2978 1131 2998 την
1145 2963 1172 2995 δε
1189 2976 1253 3006 epar
1270 2976 1325 2994 ανω
1340 2973 1482 3010 marsnam.
