1912 3292
327 165 388 206 68

826 161 887 210 Τ.
934 159 1317 210 LUCRETII

468 291 636 349 Quippe
656 301 696 335 et
716 293 841 344 enim,
871 308 1035 349 corpuS,
1061 292 1174 348 quod
1192 308 1263 336 vas
1282 295 1397 350 quasi
1416 295 1600 337 constitit
1618 297 1718 353 ejus,

467 367 609 417 Quam
628 368 820 411 cohibere
839 368 996 424 nequit,
1019 376 1334 429 conquassatum
1354 384 1407 411 ex
1427 370 1559 427 aliqua
1581 385 1642 422 re,

468 443 534 484 Ac
553 442 812 493 rarefactum,
843 443 1028 484 detracto
1048 443 1249 499 sanguine
1267 444 1395 494 venis,

323 610 353 632 x.
371 604 420 631 14.
431 600 578 632 Lucretio
589 601 775 633 illustrando
785 603 1044 642 appositissimus:

323 655 348 671 “
366 652 514 683 Cornices
528 660 560 683 et
573 653 636 684 alio
649 653 778 693 pabulo:
805 661 841 684 ut
856 665 926 695 quae
937 655 1048 686 duriti-

323 706 347 723 ⁸‘
362 714 415 735 am
430 705 528 741 nucis,
552 711 650 736 rostro
672 714 911 747 repugnantem,
939 707 1046 738 volan-

323 761 347 776 “
361 763 408 788 tes
423 757 456 788 in
471 758 580 796 altum,
604 759 637 789 in
661 770 735 791 saxa
758 761 916 801 tegulasve
927 762 1050 802 jaciunt

318 813 343 830 ‘⁸
360 810 476 840 iterum
490 820 526 840 ac
541 812 662 850 saepius,
678 811 778 843 donec
793 821 968 853 quassatum
976 827 1048 855 per-

320 865 495 905 “sringere
509 865 658 896 valeant.”
702 867 731 897 E
755 869 919 905 contrario,
945 870 1048 901 Graeci

320 918 431 948 dicunt
445 920 600 960 συντριξειν,
627 920 832 961 confringere,
854 932 911 960 pro
925 930 1048 962 quatere

319 969 514 1009 simpliciter:
552 967 629 1001 vide'
653 980 722 1009 nos,
755 971 833 1002 Silv.
859 973 936 1004 Crit.
967 974 986 1004 i.
1017 985 1047 1014 p.

324 1025 394 1053 156.
416 1031 444 1052 v.
466 1032 495 1061 p.
527 1025 578 1054 57.
605 1022 759 1062 Apposite
779 1023 891 1064 glossae
910 1030 1043 1057 veteres:

319 1077 343 1093 “
359 1076 504 1110 Quassus,
516 1075 978 1115 KATEArnx.”—Caeterum,
987 1086 1047 1107 vox

319 1128 464 1167 quoniam
479 1125 565 1156 deest
581 1125 620 1156 V.
636 1126 684 1156 ed.

363 1186 436 1216 Ver.
451 1189 524 1217 436.
549 1187 720 1228 Diffiuere:
753 1186 846 1226 prisci
870 1187 958 1218 codd.
985 1188 1044 1225 Pii,

317 1237 496 1280 Dtjffltgerffl
514 1247 579 1267 non
594 1237 693 1268 male:
723 1237 852 1268 diversae
873 1245 980 1270 tamen
994 1250 1044 1270 ra·

319 1289 416 1320 tionis
429 1295 476 1319 est
489 1288 576 1319 locus
597 1288 632 1319 in
647 1288 685 1319 vi.
712 1292 784 1321 230.
810 1300 851 1320 ne
876 1290 946 1331 quis
971 1301 1045 1322 eum

317 1340 379 1371 hoc
393 1340 576 1371 committat.

362 1391 443 1423 Ibid.
458 1394 628 1423 discedere:
657 1392 678 1423 i.
694 1403 720 1423 e.
737 1395 759 1411 ‘⁴
777 1391 895 1424 diverse
909 1393 1045 1430 cedere,''

320 1443 352 1473 in
373 1452 484 1473 omnes
501 1449 616 1482 partes:
646 1443 774 1474 mallem
798 1450 905 1475 tamen
927 1445 961 1475 in
986 1447 1045 1476 hoc

321 1493 399 1532 loco,
423 1493 448 1524 si
462 1499 583 1525 vetusta
597 1495 786 1534 exemplaria
801 1496 960 1534 favissent,
987 1507 1044 1528 nec

319 1546 424 1576 minus
437 1547 477 1576 ob
493 1560 527 1577 ero
540 1548 669 1578 discedit
683 1548 788 1578 statim
804 1549 941 1586 veniens,
958 1552 1043 1582 dece-

317 1599 404 1629 dere.-
429 1598 450 1628 i.
466 1609 492 1629 e.
517 1598 699 1638 simpliciter
725 1603 747 1618 “
762 1599 801 1630 de
826 1600 896 1631 loco
919 1611 978 1632 suo
992 1613 1042 1633 ce-

317 1652 340 1668 “
355 1649 454 1685 dere,”
480 1651 572 1680 abire.
618 1650 688 1681 Has
709 1650 859 1682 dictiones
874 1653 1043 1691 saepissime

315 1701 468 1732 confundi
484 1708 601 1732 norunt
615 1712 738 1734 omnes:
758 1703 829 1734 vide
843 1703 884 1734 ad
899 1715 959 1735 ver.
980 1709 1027 1737 16.

360 1762 435 1792 Ver.
451 1765 522 1792 457.
533 1761 646 1802 fumus
661 1764 790 1794 discedit
805 1766 838 1794 in
849 1775 961 1796 auras:
981 1765 1000 1795 i.
1017 1776 1042 1796 e.

315 1813 400 1854 fugit
426 1813 576 1850 diversus,
608 1814 656 1844 uti
683 1814 838 1855 Virgilius
863 1815 929 1855 ipse
954 1816 1043 1848 nobis

315 1865 504 1896 vocabulum
518 1865 669 1905 exposuit,
693 1865 734 1896 ad
747 1876 815 1907 geo.
830 1866 870 1897 iv.
888 1870 961 1899 499.

345 1946 439 1971 Dixit:
456 1949 484 1971 et
494 1953 532 1971 ex
541 1946 624 1971 oculis
635 1947 732 1976 subito,
748 1948 897 1979 ceufumus
907 1948 934 1973 in
945 1956 1024 1974 auras

345 1985 510 2010 conmixtus
521 1985 619 2015 tenuis,
626 1985 701 2018 sugit
713 1986 831 2012 diversa.

316 2057 372 2089 Ad
387 2063 495 2088 utrum
503 2067 576 2088 vero
591 2057 819 2088 substantivum
828 2057 973 2096 duorum,
979 2060 1039 2101 fi⁴·

314 2121 382 2141 mus
397 2115 429 2140 et
443 2121 547 2146 auras,
563 2108 674 2140 debeat
687 2109 795 2140 referri
809 2113 920 2147 tenuis,
936 2111 1040 2143 dicant

317 2161 411 2192 velim
426 2160 705 2198 alii.-—Caeterum,
723 2161 770 2191 M.
787 2163 932 2194 discedat.

358 2213 432 2244 Ver.
447 2217 518 2244 438.
543 2215 653 2245 Crede:
673 2214 721 2244 M.
741 2214 833 2245 Crede
848 2227 883 2250 o,·
910 2222 950 2247 11.
969 2217 1039 2248 Cre-

315 2267 394 2296 dere.

359 2316 440 2348 Ibid.
476 2319 612 2348 animam
642 2316 786 2359 deffundi.

317 2368 394 2400 AEn.
407 2377 435 2398 x.
456 2367 512 2399 fin.

330 2435 515 2468 Undantique,
527 2435 639 2461 animm
649 2436 783 2469 diffundit,
792 2437 820 2462 in
831 2444 905 2463 arma
916 2445 1020 2465 cruore.

831 2317 1038 2356 Mantuanus,

316 2502 368 2533 Ita
382 2502 469 2533 locus
483 2503 763 2545 interpungendus.

312 2581 322 2592 .
357 2562 433 2592 Ver.
449 2566 521 2595 4539.
547 2563 680 2594 Restitui
697 2565 746 2603 ιἠ,
768 2564 852 2605 quod
877 2565 968 2596 facile
982 2576 1036 2606 po-

315 2618 395 2643 terat
411 2614 566 2655 effugisse,
581 2615 789 2647 vetusti551mo
803 2615 909 2647 codice
926 2617 972 2647 M.
984 2617 1038 2658 ju-

315 2667 415 2697 bente.
459 2668 584 2706 Noster,
604 2670 624 2700 i.
639 2673 711 2701 217.
727 2680 856 2711 sponsor
870 2670 960 2702 nobis
973 2678 1032 2703 est:

329 2748 388 2772 Huc
398 2747 516 2778 adeant,
525 2750 582 2774 utei
593 2751 710 2784 quidque
721 2751 747 2776 in
759 2760 807 2777 ma
817 2756 918 2785 corpora
929 2759 1034 2779 rursum

328 2786 466 2812 Dissolvat
476 2791 586 2812 natura:

314 2857 454 2890 conferas
475 2858 660 2901 Virgilium,
684 2871 751 2902 geo.
775 2863 817 2894 iv.
843 2866 913 2895 225.
937 2864 1035 2895 Extra

1092 602 1224 634 dubium
1236 603 1320 644 jacet
1333 613 1491 636 res—ac:
1515 603 1560 634 sic
1575 603 1615 635 P.
1630 603 1669 634 V.
1686 602 1732 634 ed.
1751 603 1820 636 vul-

1091 665 1144 695 go,
1166 661 1204 686 et.

1137 705 1217 737 Ibid.
1245 707 1344 747 Ocyus
1358 718 1395 738 ac
1411 708 1521 738 citium
1543 705 1819 743 Quemadmodum

1091 758 1267 797 Juvenalis,
1283 759 1342 790 xiv.
1357 762 1408 790 51.

1124 832 1165 858 sic
1178 833 1378 864 Naturajubet:
1397 832 1512 857 velocius
1523 835 1551 858 et
1560 832 1636 858 citiru
1648 839 1697 858 nos

1122 874 1308 905 Corrumpunt
1319 873 1446 898 vitiorum
1459 873 1588 906 exempla
1598 873 1787 900 domestica-.

1134 937 1208 968 Ver.
1224 940 1296 968 440.
1312 948 1347 968 ex
1361 939 1492 968 hominis
1499 951 1508 968 :
1535 937 1577 968 sic
1592 937 1713 968 codices
1727 937 1821 980 longe

1091 987 1252 1018 castissimi
1266 993 1298 1018 et
1311 987 1531 1028 antiquissimi,
1555 988 1592 1019 L.
1608 988 1656 1019 M.
1669 988 1754 1019 suilli
1772 994 1828 1020 ta-'

1091 1048 1166 1068 men
1180 1037 1312 1068 editores
1327 1038 1493 1079 glandibus
1507 1039 1588 1070 vesci
1602 1039 1758 1078 maluem
1778 1039 1820 1072 ad

1091 1093 1172 1123 banc
1186 1102 1332 1123 normam
1346 1092 1441 1133 vulgo
1455 1103 1580 1125 versum
1598 1094 1796 1126 exhibentes:
1823 1104 1828 1111 ·

1105 1162 1194 1194 Quom
1207 1162 1290 1187 semel
1301 1162 1414 1187 omnibus
1424 1169 1438 1187 e
1447 1163 1577 1188 membris
1586 1163 1675 1189 ablata
1684 1164 1801 1191 recessit.
1823 1151 1827 1160 ¹

1087 1232 1123 1253 ex
1138 1223 1292 1253 omnibus.-
1319 1221 1416 1252 vind.
1442 1221 1480 1252 V.
1507 1221 1555 1253 ed.
1581 1228 1621 1253 Π.
1646 1226 1681 1254 Σ.
1703 1222 1820 1262 caeteri.
1876 1227 1881 1269 ᾗ

1088 1274 1225 1304 omnibus
1238 1283 1283 1308 ex,
1300 1272 1348 1302 vel
1363 1283 1379 1303 e
1389 1286 1398 1302 :
1420 1272 1453 1302 in
1469 1273 1582 1313 quibus
1598 1273 1701 1304 nasuti
1717 1280 1818 1304 trans-

1087 1325 1274 1365 positionem
1298 1333 1479 1367 agnoscent,
1512 1327 1613 1368 gratia
1637 1328 1730 1358 metri
1753 1328 1818 1360 fac·
1875 1335 1880 1347 ⁴

1088 1383 1165 1418 tam,
1187 1384 1280 1420 atque
1292 1389 1386 1410 merae
1408 1379 1607 1411 librariorum
1625 1380 1814 1420 importuni-

1088 1429 1145 1460 tati
1174 1429 1425 1462 adscribendam:
1458 1430 1543 1472 quod
1573 1431 1660 1462 enim
1689 1437 1818 1472 crepant

1089 1481 1233 1512 nonnulli
1255 1482 1294 1512 de
1316 1481 1418 1522 prima
1439 1481 1556 1522 syllaba
1576 1482 1659 1513 vocis
1680 1485 1818 1516 omnibus

1088 1534 1120 1564 in
1144 1534 1292 1566 Lucretio
1320 1533 1527 1575 corripienda,
1557 1534 1718 1575 impendio
1740 1528 1822 1576 pue-⁴

1086 1585 1144 1615 rile
1158 1592 1213 1616 est.
1242 1586 1319 1617 Jam
1334 1596 1406 1617 vcro
1420 1588 1552 1617 hominis
1567 1591 1599 1617 et
1613 1589 1761 1625 omnibus,
1777 1589 1817 1620 ob

1086 1637 1307 1677 compendium
1324 1637 1483 1677 scripturae
1498 1637 1531 1667 in
1547 1638 1749 1676 membranis,
1770 1639 1818 1670 fa-

1085 1689 1145 1719 cile
1161 1689 1295 1720 invicem
1310 1689 1506 1726 commutari,
1523 1699 1618 1720 nemo
1633 1691 1742 1729 nescit,
1762 1691 1819 1732 qui
1877 1691 1879 1730 ζ

1086 1740 1180 1771 libros
1195 1741 1323 1781 scriptos
1337 1751 1397 1772 usu
1416 1741 1550 1772 triverit:
1581 1741 1652 1772 vide
1668 1742 1814 1774 Draken-

1087 1792 1260 1829 borchium,
1284 1793 1324 1823 ad
1347 1793 1416 1823 Liv.
1436 1793 1456 1823 i.
1481 1796 1533 1824 52.
1553 1796 1600 1824 15.
1622 1799 1654 1824 et
1671 1793 1815 1826 Suetoni-
1841 1788 1843 1790 ’
1876 1805 1879 1831 :
1898 1804 1903 1818 v

1086 1855 1154 1884 um,
1170 1845 1232 1875 viii.
1249 1849 1277 1875 8.
1293 1845 1359 1876 init.
1390 1845 1478 1875 Hinc
1488 1845 1638 1877 facillime
1647 1847 1815 1880 emendem

1084 1896 1269 1927 Minucium
1291 1896 1440 1934 Felicem,
1467 1901 1540 1927 sect.
1565 1901 1615 1928 20.
1638 1907 1734 1938 quem
1754 1899 1813 1930 viri

1083 1947 1167 1978 docti
1183 1947 1265 1978 varie
1279 1953 1449 1978 tentavere:
1487 1951 1511 1967 “
1529 1948 1616 1984 Quid
1631 1948 1701 1979 illas
1715 1949 1815 1982 aniles

1084 2004 1108 2020 “
1124 2001 1254 2037 fabulas,
1270 2000 1310 2031 de
1324 2001 1506 2031 hominibus
1520 2010 1590 2031 avae
1606 2007 1637 2031 et
1650 2001 1733 2033 seras
1747 2014 1812 2034 om-

1085 2057 1107 2072 “
1122 2065 1174 2084 nes
1180 2070 1190 2090 ,·
1214 2055 1307 2084 etiam
1323 2052 1364 2083 de
1382 2053 1564 2083 hominibus
1579 2054 1703 2084 arbores
1719 2060 1812 2096 atque
1876 2083 1877 2088 ,

1084 2108 1106 2124 “
1123 2104 1251 2136 flores?”
1274 2104 1396 2145 Vulgo,
1411 2106 1545 2135 homines
1559 2111 1596 2136 et.
1631 2104 1683 2134 De
1698 2106 1809 2137 confu-
1858 2139 1863 2142 ,

1083 2156 1125 2186 sis
1139 2162 1246 2186 autem
1272 2163 1301 2187 et
1327 2162 1422 2198 atque
1443 2159 1549 2194 etiam,
1571 2156 1707 2187 ubertim
1728 2157 1814 2189 idem

1083 2208 1360 2239 Drakenborchius
1375 2209 1450 2250 egit,
1467 2208 1506 2240 ad
1524 2209 1591 2239 Liv.
1607 2209 1683 2239 xxii.
1701 2212 1752 2241 47.
1767 2214 1796 2242 9.

1128 2260 1208 2291 Ibid.
1223 2263 1342 2292 recessit
1351 2274 1361 2291 :
1387 2267 1424 2291 ut
1437 2260 1477 2293 de
1492 2260 1605 2291 eisdem
1619 2259 1726 2292 animai
1738 2260 1812 2292 vir-

1082 2315 1187 2356 gilius,
1213 2317 1287 2346 AEn.
1303 2317 1342 2347 iv.
1357 2316 1398 2348 ad
1412 2317 1522 2348 finem:

1307 2391 1390 2419 atque
1400 2387 1427 2413 in
1438 2391 1534 2414 ventos
1545 2387 1607 2413 vita
1619 2388 1726 2413 recusit.

1873 2426 1875 2439 l

1125 2453 1199 2485 Ver.
1216 2458 1286 2485 441.
1309 2466 1418 2496 corpus
1432 2466 1500 2487 ms:
1526 2461 1563 2486 ut
1588 2455 1619 2486 S.
1640 2455 1764 2493 Petrus,
1790 2457 1806 2486 1
1833 2467 1838 2470 ·

1082 2505 1169 2544 epist.
1193 2505 1236 2536 iii.
1265 2508 1292 2536 7.
1319 2507 1354 2540 ὦς
1378 2509 1572 2550 aetimare-spo,
1595 2511 1748 2538 ΣΚΕΥΕῙ
1768 2518 1811 2547 eq

1083 2569 1233 2596 γυναικειῳ
1248 2569 1435 2597 απσνεμοντες
1452 2572 1546 2599 rapam.
1576 2554 1811 2594 Adffl'sautem,
1840 2559 1842 2562 ’
1870 2579 1875 2587 .
1897 2554 1902 2565 '

1082 2608 1108 2638 si
1121 2607 1227 2645 libeat,
1249 2619 1320 2649 quae
1335 2609 1367 2638 in
1384 2610 1466 2640 hanc
1479 2618 1547 2639 rem
1560 2607 1704 2639 uberiora
1717 2607 1808 2638 dedi-

1081 2668 1162 2695 mus,
1186 2659 1226 2689 ad
1243 2659 1316 2690 Silv.
1339 2660 1414 2691 Crit.
1430 2670 1458 2690 v.
1479 2670 1530 2699 pp.
1549 2661 1619 2690 135.
1635 2661 1708 2690 136.
1724 2664 1767 2696 et,
1782 2656 1811 2689 εἰ
1872 2641 1873 2680 Ῠ
1900 2667 1904 2677 ⁴

1079 2710 1141 2741 alia
1151 2709 1304 2750 placeant,
1318 2711 1403 2742 haud
1413 2711 1526 2748 aliena,
1538 2721 1609 2752 quae
1619 2709 1809 2741 contulerint

1077 2760 1259 2800 interpretes
1272 2761 1311 2792 ad
1328 2762 1525 2798 Petronium,
1548 2771 1615 2801 cap.
1629 2760 1711 2792 xxiv.

1122 2811 1200 2844 Ver.
1231 2817 1302 2844 442.
1345 2816 1460 2849 Quam:
1500 2813 1608 2854 vulgo,
1639 2814 1728 2850 Cum,
1757 2811 1813 2843 ve}

1082 2865 1194 2901 Quonq
1227 2864 1281 2895 sed
1306 2865 1372 2896 haec
1401 2865 1496 2896 lectio
1523 2864 1571 2897 ed.
1598 2863 1694 2896 Basil.
1716 2861 1813 2905 ‘anub
