1912 3292
422 248 657 299 LIBER
704 240 1091 302 QUARTUS.

1408 238 1500 281 539

158 386 397 441 Prospicere
415 388 461 422 ut
479 379 698 434 possimus;
731 382 786 424 et,
817 379 864 413 ut
882 369 1066 426 proferre
1083 369 1167 409 viai·

46 467 127 504 825
159 462 359 503 Proceros
378 467 532 511 passm,
554 451 648 491 ideo
667 447 828 503 fastigia
846 459 964 500 posse

162 536 360 578 Surarum
380 542 427 569 ac
445 524 659 572 feminum,
681 519 854 576 pedibus
872 516 1059 565 fundata,
1081 514 1238 569 plicari:

163 606 340 651 Brachia
358 610 447 643 tum
466 613 609 655 porro,
629 595 771 638 validis
792 608 844 634 ex
864 600 961 648 apta
978 589 1152 647 lacertis,

162 683 262 724 Esse
281 689 507 731 manusque
526 672 657 721 datas,
679 668 852 724 utraque
872 682 897 708 a
914 672 1033 721 parte
1051 662 1274 710 ministras,

163 755 226 798 Ut
243 753 375 794 facere
393 750 446 791 ad
466 749 592 789 vitam
610 759 820 802 possemus
840 756 934 798 quae
952 739 1058 780 foret
1077 752 1186 779 usus.

50 837 132 874 830
164 830 326 871 Caetera
345 825 398 867 de
417 837 567 881 genere
585 821 683 871 hoc,
703 820 810 860 inter
830 827 1131 873 quaequomque
1149 816 1378 866 pretantur,

68 1003 142 1033 Ver.
157 1005 228 1032 825.
250 1011 307 1031 πε.·
333 1000 370 1030 B.
388 1005 430 1029 n.
444 1008 522 1032 non;
541 1001 578 1027 ut
593 993 670 1025 editi
679 992 748 1034 qui-

27 1054 109 1085 dam.

70 1113 152 1144 Ibid.
174 1114 328 1144 oculorum
344 1112 473 1141 lumina.
510 1105 674 1139 Cornelius
685 1104 751 1135 Ne-

29 1176 94 1207 POS‚
117 1175 170 1196 xx.
194 1169 224 1195 4.
249 1168 275 1195 1.
299 1167 322 1182 “
339 1163 414 1198 Hic,
444 1170 543 1201 quum
572 1163 661 1188 aetate
686 1156 754 1197 jam

29 1222 54 1238 ‘⁴
70 1222 232 1257 provectus
247 1221 336 1252 esset,
351 1213 417 1244 sine
432 1212 497 1242 ullo
512 1211 621 1241 morbo
635 1209 754 1239 lumina

31 1272 55 1287 “
72 1269 226 1299 oculorum
241 1265 376 1297 amisit.'’
423 1264 462 1294 A.
489 1261 620 1296 Gellius,
644 1259 703 1289 xiv.
727 1261 756 1288 4.

33 1320 73 1350 de
87 1319 225 1360 imagine
248 1319 270 1350 J
272 1316 444 1347 ustitiaez-
457 1317 479 1332 ‘⁴
496 1312 643 1351 adspectu
664 1310 756 1340 vehe-

34 1375 57 1390 “
74 1370 173 1402 menti
187 1375 218 1400 et
240 1366 441 1403 formidabili,
468 1364 635 1394 luminibus
657 1362 757 1391 oculo-

35 1425 59 1440 “
74 1433 144 1452 rum
167 1416 361 1451 acribus—.’'
389 1415 555 1447 Claudiani
570 1414 688 1450 locum,
703 1421 759 1450 po-

36 1475 117 1505 'etico
151 1471 314 1512 splendore
343 1468 494 1505 nobilem,
518 1464 762 1496 emendatiorem

37 1527 125 1562 dabo,
141 1530 217 1564 rapt.
233 1523 322 1554 Pros.
338 1520 383 1551 iii.
400 1523 451 1551 87.

351 1601 503 1634 squalebat,
506 1598 619 1631 fulvior
628 1603 705 1626 auro,

101 1646 243 1676 Caesaries;
260 1649 289 1670 et
299 1650 357 1668 nox
367 1642 494 1667 oculorum
506 1639 636 1665 infecerat
644 1637 729 1669 ignes,

103 1689 272 1717 Exustusque
282 1684 343 1716 gelu
354 1682 438 1715 pallet
449 1681 540 1705 rubor.

42 1769 161 1809 Vulgo,
171 1767 332 1808 pulchrior
347 1769 379 1794 et
393 1764 563 1794 eaelzaustus.
608 1756 765 1789 Posterio-

42 1831 111 1851 rem
140 1818 363 1858 conjecturam,
392 1813 486 1853 longe
514 1809 709 1841 verissimam
738 1812 770 1836 et

44 1869 307 1906 venustissimam,
336 1865 502 1903 Heinsius,
533 1862 624 1892 nobis
648 1859 770 1895 nesciis,

46 1926 257 1961 occupaverat.
311 1915 465 1958 Ejusdem
499 1913 584 1943 vocis
620 1909 774 1951 elegantia

49 1974 171 2006 Nasoni
188 1969 368 2003 redonanda
382 1973 486 2003 restat,
500 1966 569 1996 fast.
586 1964 629 1994 iii.
646 1966 717 1994 257.

80 2051 224 2079 Arboribus
234 2048 360 2076 redeunt,
370 2047 469 2069 exustae
480 2042 590 2074 frigore,
597 2039 715 2064 frondes.

49 2116 150 2154 Libri,
175 2124 323 2147 eaecussce;
349 2109 490 2152 quidam,
520 2109 666 2137 deconsae:
691 2102 777 2144 quod

52 2168 149 2199 miror
173 2167 408 2198 Burmannum,
438 2166 469 2190 et
494 2156 676 2190 Heinsium‚
700 2153 777 2184 locis

53 2222 184 2253 omnino
199 2218 308 2250 alienis
331 2214 516 2246 defendisse.
562 2211 595 2241 Si
621 2210 661 2239 sit
684 2206 778 2238 alicui

53 2276 100 2305 rei
114 2284 150 2304 ea
164 2271 303 2305 variatio,
318 2278 402 2299 error
417 2272 462 2296 est
473 2275 529 2305 pro
539 2266 695 2294 demorsae:
710 2259 779 2289 vide

58 2326 172 2357 Horat.
187 2329 242 2353 sat.
257 2322 289 2352 ii.
305 2325 333 2352 6.
350 2322 401 2350 45.
416 2324 447 2348 et
462 2317 554 2353 alios;
578 2314 632 2344 sed
645 2312 782 2352 priorem

58 2376 270 2416 conjecturam
283 2381 390 2401 veram
403 2374 494 2408 puto:
519 2365 627 2397 confer
652 2364 722 2394 fast.
742 2362 782 2392 iv.

58 2433 131 2462 918.
154 2426 231 2457 trist,
247 2424 290 2455 iii.
307 2427 336 2453 2.
353 2426 381 2453 8.
403 2431 430 2451 v.
454 2424 483 2450 2.
500 2423 550 2450 66.
573 2418 655 2460 Haec
678 2420 785 2444 autem

59 2482 132 2512 trita
147 2483 231 2510 sunt.

106 2530 189 2562 Ibid.
214 2529 306 2560 Certe
319 2525 467 2557 festivum
481 2528 527 2553 est
541 2522 575 2551 in
585 2517 787 2550 festivissimis

61 2586 123 2614 hoc
142 2580 373 2621 Epicureorum
394 2576 526 2616 dogma;
548 2577 649 2612 partes
673 2578 788 2607 nempe

64 2635 202 2674 corporis
217 2631 256 2662 ad
271 2641 344 2661 suos
365 2639 442 2659 usus
464 2636 529 2657 non
555 2633 620 2654 esse
646 2621 791 2661 primitus

63 2686 232 2719 institutas,
258 2681 313 2712 sed
334 2680 384 2710 his
409 2678 526 2709 sensim
550 2677 589 2706 ab
604 2670 793 2713 experientia

67 2734 326 2768 accommodatas.
371 2732 461 2762 Hinc
488 2725 668 2759 m‘ehercule
692 2722 790 2754 credi-

65 2790 128 2820 bile
151 2793 208 2826 est,
234 2785 381 2816 homines
404 2781 556 2823 principio
577 2783 704 2810 conatos
728 2785 793 2806 esse

69 2840 167 2881 loqui,
183 2845 215 2870 et
228 2848 336 2869 rerum
350 2835 480 2866 nomina
505 2832 652 2873 proferre,
675 2838 741 2859 non
755 2836 793 2857 ex

71 2901 135 2928 ore,
166 2895 259 2928 prout
280 2897 365 2918 nunc
388 2885 522 2922 dierum,
555 2881 615 2924 (dii
635 2876 793 2916 meliora!)

72 2943 128 2974 sed
152 2951 190 2973 ex
205 2939 359 2972 foramine
372 2937 503 2980 postico:
530 2943 631 2977 quum
654 2940 727 2963 vero
748 2938 797 2960 res

804 1433 931 1454 reorum
958 1418 1086 1461 agitarit
1113 1415 1261 1447 acerrime
1290 1411 1474 1443 Lactantius
1495 1409 1530 1438 in

792 992 850 1020 hac
865 988 916 1019 viai
930 998 997 1018 non
1012 985 1086 1016 satis
1100 983 1231 1014 feliciter
1245 979 1434 1021 procederet,
1457 977 1519 1008 alia

793 1043 923 1074 tandem
938 1045 1097 1079 coeperunt
1111 1035 1252 1078 aggredi,
1268 1041 1303 1065 ut
1317 1046 1432 1076 μεροπες
1450 1042 1520 1062 eva-

795 1095 919 1125 derent:
938 1091 1023 1122 unde
1035 1090 1156 1119 factum
1167 1093 1220 1122 est,
1237 1085 1363 1122 scilicet,
1381 1082 1523 1124 quamvis

796 1146 874 1176 ratio
890 1143 1024 1174 deterior
1050 1138 1199 1180 loquendi
1225 1137 1259 1166 in
1285 1134 1523 1166 desuetudinem

799 1194 1031 1238 quodammodo
1053 1191 1175 1228 abierit,
1199 1199 1256 1219 nos
1279 1197 1349 1218 eam
1367 1196 1466 1226 usque
1485 1185 1526 1215 ad

799 1250 884 1278 hunc
901 1246 985 1276 diem
999 1242 1084 1273 haud
1099 1250 1225 1281 prorsus
1239 1237 1436 1269 dedidicisse:

933 1312 999 1336 adeo
1011 1310 1039 1334 in
1050 1307 1147 1333 teneris
1159 1311 1331 1331 consuescere
1342 1302 1463 1327 multum
1475 1300 1524 1325 est!

805 1372 974 1407 Caeterum,
990 1376 1118 1399 ornnem
1132 1365 1213 1394 hanc
1225 1361 1399 1392 doctrinam
1410 1357 1529 1397 Epicu-

805 1480 937 1504 tractatu
953 1471 992 1502 de
1006 1469 1130 1509 opificio
1147 1467 1221 1502 Dei,
1249 1476 1314 1504 cap.
1331 1463 1369 1494 vi.
1396 1472 1454 1492 nec
1477 1461 1531 1490 de-

803 1525 910 1556 fricuit
925 1524 1034 1554 acerbo
1048 1521 1154 1550 minus
1169 1518 1232 1548 sale
1248 1516 1340 1547 Prior
1355 1521 1476 1545 nostras
1487 1512 1532 1542 le-

805 1577 996 1618 pidissimus,
1012 1575 1046 1604 in
1057 1572 1204 1613 perdocto
1219 1575 1250 1599 et
1264 1567 1384 1608 ingenii
1399 1565 1535 1596 subtilis-

809 1629 879 1660 simi
891 1628 1046 1668 po'e'mate,
1057 1626 1151 1656 Alma
1165 1621 1259 1659 dicto,
1268 1625 1349 1650 cant.
1364 1618 1384 1648 i.
1393 1627 1454 1648 ver.
1466 1619 1536 1647 156.

809 1681 850 1713 ad
864 1690 925 1710 ver.
945 1682 1015 1710 192.
1447 1659 1454 1661 „

853 1732 929 1761 Ver.
946 1731 1018 1760 825.
1030 1727 1186 1769 fastigia:
1205 1723 1248 1753 sic
1262 1721 1361 1751 vind.
1373 1721 1410 1750 L.
1427 1719 1475 1749 M.
1490 1717 1538 1748 uti

811 1795 831 1815 a
841 1780 1042 1814 collatoribus
1055 1780 1170 1808 horum
1182 1772 1408 1813 exemplarium
1419 1769 1539 1809 accepi·

816 1846 899 1873 mus,
922 1842 996 1864 cum
1014 1838 1058 1862 Ω.
1075 1836 1117 1860 Π.
1137 1833 1172 1859 Σ.
1196 1832 1227 1856 et
1240 1824 1347 1865 priscis
1361 1822 1449 1853 codd.
1466 1821 1537 1851 Pii:

816 1889 854 1919 P.
878 1886 918 1916 V.
941 1884 989 1915 ed.
1013 1883 1051 1913 B.
1080 1880 1204 1919 vestigia
1212 1893 1223 1914 ,1
1249 1876 1288 1907 Ο.
1314 1881 1355 1905 Π.
1377 1873 1541 1915 suffragia,-

816 1937 901 1979 quod
922 1935 1014 1966 unice
1029 1941 1138 1962 verum
1161 1935 1246 1969 puto,
1272 1933 1302 1958 et
1327 1923 1544 1956 vetustissimis

818 1988 995 2020 adhibitum
1017 1994 1073 2024 pro
1095 1981 1289 2023 suffragines,
1321 1984 1352 2007 ct
1383 1975 1543 2016 suffroges,

818 2040 938 2080 antiqui
953 2034 1137 2078 glossatoris.
1168 2030 1323 2072 Suffmgia
1341 2034 1458 2064 autem,
1474 2035 1545 2066 quae

818 2092 1074 2134 sulgfranguntur,
1091 2084 1141 2115 vel
1154 2085 1384 2124 sulfiecluntur;
1408 2078 1479 2108 vide
1493 2087 1545 2106 me

820 2146 863 2177 ad
875 2154 936 2175 ver.
951 2145 1024 2173 459.
1046 2140 1066 2170 i.
1083 2149 1109 2169 e.
1132 2140 1288 2172 accurate,
1313 2144 1438 2172 καμπας
1458 2130 1547 2160 Grae-

821 2206 938 2229 corum.

864 2248 940 2279 Ver.
955 2248 1026 2275 826.
1042 2253 1091 2273 αε.-
1113 2237 1390 2278 oxa-fundata:
1407 2240 1448 2264 Π.
1460 2242 1550 2262 man-

824 2304 908 2332 dala.

871 2349 951 2381 Ibid.
964 2347 1130 2389 feminum.
1175 2342 1226 2372 Ita
1240 2339 1404 2380 Virgilius,
1431 2335 1507 2366 AEn.
1523 2343 1554 2363 x·

829 2407 900 2436 788.

1198 2479 1260 2487 —
1270 2470 1352 2496 ocyus
1362 2468 1454 2488 ensem

923 2513 1006 2545 Eripit
1023 2519 1038 2536 a
1044 2510 1153 2543 femine.

833 2578 956 2611 Eadem
970 2585 1030 2606 vox
1045 2573 1147 2604 eidem
1158 2571 1256 2611 po'e'tae
1272 2564 1462 2598 restituenda
1473 2562 1559 2594 vide·

835 2640 898 2671 tur,
914 2629 990 2661 ibid.
1005 2638 1067 2659 ver.
1081 2629 1153 2657 544.

997 2697 1144 2730 magnique
1145 2695 1234 2727 semen
1245 2689 1402 2725 perstrinxit
1412 2687 1538 2714 Achatae.

837 2769 912 2800 Hoc
927 2773 1011 2798 certo
1025 2764 1184 2805 colligitur
1197 2772 1235 2792 ex
1250 2756 1482 2791 commentariis
1492 2755 1562 2786 Ser-

837 2824 879 2854 vii
904 2821 943 2853 ad
968 2826 1137 2859 utrumque
1157 2816 1272 2847 locum.
1318 2811 1414 2843 Unde
1436 2808 1564 2840 audiam

839 2879 963 2916 egomet
977 2882 1052 2902 sane
1068 2868 1315 2909 Neapolitanum
1338 2861 1496 2903 exemplar
1525 2857 1566 2891 ad

841 2924 951 2959 Ovidii
966 2933 1062 2956 amor.
1079 2921 1110 2953 ii.
1125 2924 1157 2952 4.
1173 2923 1224 2950 22.
