1912 3292
472 253 718 302 LIBER.
754 250 1105 298 TERTIUS.

1414 227 1532 296 Ὶ93

64 393 144 430 595
178 388 402 442 Molliaque
421 384 619 440 exsangui
641 381 786 423 cadere
807 383 948 422 omnia
968 395 1142 436 corpore
1162 380 1360 421 membra.

179 461 306 512 Quod
324 473 452 516 genus
473 464 546 506 est,
564 456 703 497 animo
719 455 824 497 male
843 455 997 496 factum
1017 470 1144 510 quom
1162 454 1416 510 perhibetur,

180 538 268 577 Aut
287 533 467 574 animam
486 530 665 586 liquisse3
697 530 768 570 ubi
782 530 870 584 jam
890 528 1135 584 trepidatur,
1158 537 1199 569 et
1219 543 1361 568 omnes

137 643 139 648 2
178 609 426 650 Extremum
445 605 617 660 cupiunt
636 604 731 644 vitae
746 602 1050 658 reprehendere
1070 602 1263 643 vinclum.

182 682 489 736 Conquassatur
509 679 619 719 enim
639 686 729 719 tum
749 692 880 727 mens,
903 677 1134 732 animaeque
1152 683 1331 730 potestas

69 762 152 799 600
184 755 332 797 Omnis
340 772 352 804 ;
385 761 426 795 et
444 753 535 794 haec
554 753 645 808 ipso
666 767 761 793 cum
781 766 955 807 corpore
975 749 1268 792 conlabefiuntz

38 915 178 950 lectores,
207 918 263 944 aut
288 912 426 943 multum
449 912 552 951 fallor,
575 913 767 952 fatebuntur,

43 976 100 996 nos
114 965 227 995 melius
241 964 460 994 administrare
475 975 543 994 rem
562 965 652 995 nullo
675 964 770 995 modo

45 1017 192 1058 potuisse,
221 1016 247 1046 si
265 1027 370 1046 versus
396 1026 506 1046 omnes
519 1016 675 1046 retinendi
698 1016 771 1052 sint,

42 1078 144 1108 neque
165 1078 203 1100 ex
220 1067 282 1097 illis
303 1067 352 1097 vel
366 1077 471 1097 versus
486 1077 630 1106 praesens,
647 1067 696 1097 vel
709 1077 771 1097 ver.

44 1123 119 1153 595.
136 1126 173 1151 ut
182 1120 355 1151 adscititius
366 1120 507 1158 omnino,
520 1131 555 1150 ac
570 1120 703 1160 spurius,
715 1120 771 1161 eji-

46 1172 176 1203 ciendus
192 1172 240 1203 sit.

46 1235 101 1255 ac:
129 1224 223 1254 Vind.
240 1225 277 1254 B.
304 1229 340 1254 Δ.
357 1231 397 1255 Π.
420 1226 651 1255 et.-membra:
674 1223 772 1254 Vind.

48 1275 88 1306 V.
105 1275 152 1306 ed.
168 1275 205 1306 L.
223 1276 270 1305 M.
284 1280 319 1307 Σ.
337 1277 438 1306 onmia
452 1277 597 1311 membra;
616 1281 650 1305 ut
664 1275 698 1305 in
712 1285 774 1305 ver.

49 1329 122 1358 595.
141 1325 229 1366 quod
244 1335 298 1364 per
313 1336 355 1361 se,
372 1325 397 1355 si
414 1327 517 1356 Musae
531 1326 680 1363 sinerent,
695 1326 775 1355 hanc

46 1376 215 1407 lectionem
231 1376 466 1407 condemnaret:
486 1377 564 1407 Pius
577 1377 695 1406 interea
705 1386 773 1405 ver-

47 1438 119 1458 sum
134 1428 293 1468 integrum
303 1437 367 1457 non
376 1427 525 1468 agnoscit.
557 1426 775 1457 Bentleianam

47 1479 144 1521 igitur
172 1478 400 1509 divinationem
426 1477 639 1517 accipiendam
669 1477 773 1507 existi-

48 1531 142 1569 mavi,
152 1530 206 1561 sed
217 1536 322 1560 tamen
332 1529 610 1569 transponendam:
627 1529 679 1559 ille
689 1529 776 1559 enim

48 1585 235 1615 membratim
250 1581 354 1621 posuit
368 1580 407 1611 ad
419 1581 515 1610 finem
525 1581 640 1617 versus,
654 1586 690 1610 ut
698 1587 776 1610 esset

51 1637 230 1678 ὖπερμετρος,
268 1639 376 1664 contra
411 1633 551 1663 Lucretii
576 1632 776 1663 consuetudi-

53 1698 137 1718 nem.

92 1738 173 1770 Ibid.
206 1740 280 1770 solvi
313 1749 445 1778 corpore.

53 1794 124 1824 703.

496 1737 602 1775 Maro,
635 1738 710 1768 AEn.
741 1737 780 1767 iv.

369 1855 451 1884 teque
462 1852 512 1876 isto
523 1855 622 1884 corpore
632 1851 718 1876 solvo.

55 1911 206 1944 Fortassis
228 1911 336 1948 etiam,
358 1910 384 1940 si
406 1920 511 1940 versus
525 1919 635 1939 omnes
649 1909 780 1950 genuini

55 1964 129 2002 sint,
155 1973 220 1993 non
234 1962 317 1992 male
333 1962 549 2000 rescribamus,
573 1972 676 2002 neque
690 1971 780 2002 mag·

54 2025 130 2046 nam
144 2014 271 2055 quidem
286 2024 341 2053 per
356 2013 578 2043 mutationem:

281 2074 310 2096 et
319 2073 380 2096 toto
391 2071 458 2095 solvi
469 2071 502 2096 de
511 2078 625 2103 corpore
635 2075 749 2096 mentem.

59 2123 200 2164 Speciem
216 2123 308 2152 habet
322 2123 388 2152 haec
404 2121 569 2152 divinatio:
595 2132 669 2152 mox
685 2123 781 2160 enim,

56 2175 90 2206 in
104 2185 165 2205 ver.
182 2176 254 2206 599.
277 2176 382 2204 am‘ma
411 2179 442 2203 et
463 2184 546 2204 mens
561 2173 673 2203 eodem
689 2173 783 2204 modo

57 2227 252 2268 copulantur.

101 2279 174 2310 Ver.
201 2282 275 2311 594.
306 2285 452 2318 tempore:
480 2285 524 2309 Ω.
548 2290 687 2319 corpore5
711 2289 781 2320 quae

57 2340 148 2361 voces
161 2329 313 2360 confundi
334 2329 447 2359 solent:
474 2329 545 2359 vide
568 2329 608 2359 ad
632 2340 694 2359 ver.
710 2332 782 2361 455.

60 2382 128 2413 Hic
157 2386 262 2412 autem
291 2391 396 2411 versus
425 2391 499 2411 cum
530 2386 677 2421 sequente
700 2381 785 2411 deest

61 2432 157 2463 Vind.
177 2431 216 2462 V.
233 2431 279 2462 ed.
308 2436 342 2462 Δ.
360 2439 401 2462 Π.
420 2437 456 2464 Σ.
480 2442 532 2462 me
549 2431 786 2471 propensissime

61 2483 238 2525 plaudente.
283 2483 419 2513 Videtur
433 2483 572 2522 profecto
586 2483 787 2513 temerarium

63 2546 170 2567 versus
185 2534 362 2565 abscindere
384 2534 486 2574 poeta,
503 2545 581 2575 quos
595 2535 715 2565 codices
731 2534 789 2564 ulli

61 2587 207 2622 retinent,
231 2591 324 2626 atque
345 2585 555 2626 injucundum
569 2591 628 2616 est:
655 2596 727 2616 meo
741 2592 787 2616 ta-

62 2648 138 2670 men
163 2638 189 2668 si
209 2637 332 2678 judicio
353 2637 480 2678 obsequi
506 2648 570 2668 non
589 2637 787 2668 reformidas-

63 2701 140 2727 sem,
156 2690 200 2720 ita
215 2689 320 2720 locum
342 2690 547 2720 constitutum
569 2690 788 2728 exhibuissem,

64 2740 164 2772 multa
172 2751 245 2771 cum
256 2741 455 2780 persuasione
464 2751 569 2772 veram
578 2752 642 2772 esse
651 2741 790 2773 Lucretii

67 2793 263 2832 scripturam:

99 2867 176 2899 Saepe
184 2860 272 2900 aliqui
283 2871 376 2894 tamen
387 2876 402 2895 e
413 2869 504 2894 caussa
515 2869 647 2895 labefacta
657 2870 766 2895 videtur

99 2907 141 2931 Ire
151 2907 248 2938 anima,
258 2915 289 2933 ac
300 2912 360 2934 toto
371 2909 438 2934 solvi
448 2909 531 2935 omnia
542 2917 653 2943 corpore
668 2909 789 2936 membra.

99 2946 179 2978 Quod
189 2954 270 2980 genus
280 2953 360 2976 εει-η

819 926 821 928 ·
856 911 939 943 Ibid.
963 921 1098 951 supremo
1113 916 1261 948 tempore.-
1286 916 1360 937 cum
1375 905 1438 936 vita
1452 906 1533 936 scili-

813 969 861 994 cet
875 963 989 993 versari
1002 963 1034 991 in
1050 959 1187 1001 periculo
1198 959 1330 994 videtur,
1346 964 1377 988 et
1391 967 1473 987 mors
1485 957 1533 986 in-

814 1021 904 1046 stare.
962 1015 1013 1045 Ita
1042 1011 1249 1054 pulcherrime
1287 1010 1439 1046 Catullus,
1469 1009 1539 1039 lxiv.

817 1070 830 1097 1
839 1070 888 1098 51.

1040 1138 1128 1170 potius
1138 1142 1299 1170 germanum
1310 1136 1436 1161 amittere
1447 1135 1530 1164 crevi,

848 1181 936 1211 Quam
945 1180 995 1203 tibi
1003 1179 1093 1203 fallaci
1101 1181 1215 1209 supremo
1226 1177 1253 1200 in
1263 1179 1369 1208 tempore
1379 1175 1508 1200 deessem.

861 1248 935 1278 Ver.
950 1251 1022 1279 595.
1049 1248 1177 1277 Mollia:
1197 1247 1236 1282 Q.
1252 1247 1360 1281 Molli,·
1382 1250 1412 1276 et
1427 1244 1542 1275 omittit

817 1309 947 1338 corpore.

863 1349 934 1382 Ver.
951 1353 1021 1381 596.
1044 1357 1103 1381 est:
1130 1351 1165 1381 P.
1186 1356 1257 1387 aut,·
1280 1350 1430 1389 probante
1446 1349 1543 1378 Bent-

818 1401 893 1431 leio:
910 1401 965 1431 sed
981 1407 1090 1431 contra.
1101 1402 1165 1431 vim
1176 1401 1329 1431 librorum
1344 1399 1424 1430 nihil
1438 1400 1472 1429 in
1487 1400 1546 1429 hac

819 1465 852 1485 re
864 1457 1189 1495 novoe-perhibetur.-
1209 1456 1307 1486 Vind.
1322 1456 1362 1486 V.
1379 1456 1426 1486 ed.
1444 1455 1483 1486 Ο.
1501 1461 1545 1485 Π.

819 1507 856 1537 P.
866 1508 1035 1547 perhiberet
1042 1522 1054 1543 ‚·
1080 1508 1135 1548 qui
1149 1514 1256 1538 tamen
1278 1508 1312 1537 in
1336 1508 1417 1538 notis
1439 1507 1545 1538 lectio-

819 1569 891 1588 nem
912 1564 1062 1597 nostram‚
1078 1565 1115 1589 ut
1136 1560 1346 1598 sinceriorem,
1362 1559 1485 1596 laudat;
1510 1559 1548 1589 Β.

815 1611 1004 1650 prohibetur.
1053 1610 1188 1650 Nempe,
1211 1611 1255 1641 ita
1276 1610 1439 1650 scriptores
1461 1609 1548 1650 loqui

821 1661 934 1699 solent,
950 1661 1070 1702 quoties
1084 1662 1211 1701 phrasin
1225 1662 1410 1701 popularem
1422 1666 1454 1691 et
1467 1671 1549 1690 cras-

822 1713 943 1743 siorem.
964 1713 1061 1743 velint
1086 1713 1210 1752 propria¹
1225 1714 1326 1754 magis
1343 1712 1550 1752 accurateque

824 1775 990 1795 secernere.
1036 1764 1207 1801 Nimirum,
1223 1766 1283 1794 hoc
1298 1765 1377 1802 loco,
1400 1778 1433 1795 «ro
1447 1767 1551 1795 animo

824 1817 1032 1858 malefactum
1047 1816 1134 1856 vulgi
1149 1822 1195 1846 est
1209 1816 1341 1854 locuti03
1365 1829 1398 1846 το
1412 1818 1550 1846 animam

824 1869 947 1908 liquisse
963 1873 1081 1905 autem,
1098 1867 1147 1897 vel
1163 1870 1400 1907 λειποψυχῆσαι,
1416 1866 1550 1897 liberali-

825 1925 872 1949 ter
889 1919 1061 1950 doctorum.
1106 1919 1228 1950 Pariter
1243 1918 1408 1960 Virgilius,
1424 1918 1464 1949 ad
1478 1928 1548 1959 geo.

826 1971 857 2002 ii.
875 1975 944 2001 258.

858 2040 927 2065 Salsa
938 2043 1031 2065 autem
1041 2039 1130 2071 tellus,
1141 2043 1169 2065 et
1180 2046 1242 2072 quae
1251 2040 1394 2073 perhibetur
1404 2046 1509 2065 amara:

826 2098 846 2129 i.
862 2108 888 2129 e.
913 2103 933 2116 “
949 2098 1028 2128 salsa
1043 2098 1144 2135 tellus,
1168 2109 1237 2140 quae
1253 2099 1423 2140 vulgariter
1442 2110 1550 2130 amara

827 2153 850 2168 “
866 2149 1081 2180 nominatur.’'

870 2201 952 2232 Ibid.
987 2203 1090 2232 animo
1126 2204 1203 2233 male
1233 2203 1370 2244 factum.
1430 2203 1552 2233 Locum

828 2254 948 2291 Plauti,
968 2253 1033 2285 mil.
1049 2254 1126 2294 glor.
1142 2255 1180 2285 iv.
1197 2258 1226 2285 8.
1242 2259 1293 2286 21.
1316 2265 1410 2296 quem
1425 2254 1553 2285 Lambi-

826 2316 886 2335 nus
909 2305 1076 2341 suscitavit,
1103 2306 1246 2336 numeris
1271 2306 1336 2336 suis
1361 2306 1405 2336 ita
1418 2305 1555 2336 restituit

828 2357 992 2387 Bentleius
1007 2357 1040 2387 in
1055 2357 1225 2396 exemplari
1240 2367 1297 2387 suo
1312 2362 1485 2397 penes'me:

1084 2437 1127 2460 Pa.
1145 2437 1206 2460 Post
1217 2442 1300 2467 quam
1311 2435 1356 2460 abs
1370 2438 1398 2460 te
1416 2433 1482 2464 abit,
1499 2433 1557 2457 ani-

953 2483 991 2500 mo
1003 2476 1067 2501 male

861 2516 962 2540 Factum
972 2519 1007 2540 est
1017 2516 1080 2541 huic
1091 2520 1204 2549 repente
1214 2517 1330 2542 miserae.
1348 2519 1394 2547 Py.
1412 2515 1556 2541 Adcurrite

954 2555 1039 2580 intro:
1057 2555 1161 2581 adferte
1171 2563 1269 2587 aquam
1280 2564 1287 2581 :

834 2622 960 2653 Omisso
974 2630 1065 2664 atque
1079 2630 1149 2664 post
1163 2627 1254 2655 intro.

875 2682 952 2713 Ver.
969 2685 1040 2715 597.
1062 2685 1252 2723 trepidatur:
1278 2683 1298 2713 i.
1314 2693 1340 2713 e.
1364 2672 1469 2713 “cum
1479 2693 1556 2724 quo-

835 2739 857 2754 “
872 2735 945 2766 dam
961 2743 1047 2767 metu
1063 2747 1098 2768 ac
1113 2736 1312 2768 solicitudine
1319 2736 1504 2778 fiestinatur,
1526 2742 1558 2767 et

835 2791 857 2806 “
872 2788 1094 2819 discurritur:'‘
1117 2789 1187 2820 vide
1202 2789 1354 2826 Nonium,
1370 2789 1390 2821 i.
1406 2793 1434 2821 7.
1453 2790 1567 2830 minus¹

834 2841 987 2872 subtiliter
1001 2848 1116 2878 tamen,
1137 2842 1221 2884 quod
1235 2842 1362 2874 solitum
1376 2843 1558 2883 grammati-

835 2896 888 2932 cis,
900 2896 1112 2928 disserentem.
1157 2896 1323 2937 ApuleiuS‚
1335 2904 1408 2927 met.
1421 2897 1451 2928 ii.
1464 2908 1492 2937 p.
1505 2901 1556 2929 98.

837 2951 859 2966 “
878 2947 958 2978 Haec
976 2947 1031 2978 tibi
1046 2950 1162 2989 trepide
1175 2949 1312 2979 cavenda
1325 2949 1474 2979 censeo:''
1498 2948 1516 2978 i.
1533 2958 1559 2977 e.
