1912 3292
301 471 380 576 T.
451 505 1053 575 LUCRETII
1123 505 1398 572 CARI

423 758 531 814 DE
572 757 878 814 RERUM
916 756 1272 811 NATURA

599 991 785 1035 LIBER
819 991 1106 1033 TERTIUS.

250 1456 334 1522 O!
370 1476 571 1519 Tenebris
591 1477 714 1518 tantis
733 1485 820 1519 tam
840 1476 997 1518 clarum
1024 1474 1216 1516 extollere
1235 1474 1375 1516 lumen

245 1553 332 1603 Qui
351 1553 509 1608 primus
528 1551 713 1607 potuisti,
744 1551 965 1592 inlustrans
986 1549 1191 1592 conmoda
1210 1549 1322 1599 vitae,

249 1628 314 1670 Te
334 1642 496 1684 sequor,
519 1642 545 1668 o
567 1626 709 1668 Graiae
729 1627 862 1683 gentis
883 1624 1024 1667 decus!
1059 1624 1183 1680 inque
1202 1624 1282 1665 tuis
1302 1636 1414 1664 nunc

151 1785 258 1816 VER.
272 1787 300 1815 1.
324 1785 373 1816 E.-
400 1783 495 1814 Vind,
507 1783 543 1814 L.
561 1784 602 1820 Q.
613 1783 689 1814 dant
708 1784 746 1819 0‚-
771 1793 835 1813 non

107 1837 202 1871 male:
237 1837 314 1872 imo,
340 1845 426 1873 vere;
460 1842 492 1866 et
518 1835 558 1865 ad
581 1835 837 1875 propensissimos

107 1890 206 1929 poetae
221 1888 255 1918 in
271 1893 493 1926 praeceptorem
507 1896 602 1916 suum
617 1887 746 1916 affectus
761 1897 835 1916 con-

109 1939 353 1970 venientissime:
387 1938 492 1978 itaque
520 1938 670 1977 scriptum
697 1937 836 1968 volui.—

108 1991 146 2022 Β.
169 1990 217 2020 Μ.
235 1995 282 2020 Ω.
300 1989 449 2018 exhibent
464 1990 503 2019 A.

155 2040 236 2071 Ibid.
260 2040 436 2079 Epicurum
452 2039 543 2080 fingit
556 2039 733 2079 Lucretius,
755 2051 838 2072 mor-

108 2092 222 2123 talibus
236 2091 271 2121 in
292 2091 485 2121 tenebricoso
506 2101 614 2121 rerum
628 2093 841 2122 humanarum

109 2145 188 2175 mari
211 2143 446 2182 fluctuantibus,
469 2143 508 2174 de
528 2143 653 2183 specula
677 2144 734 2174 suzi
760 2145 839 2183 sapi-

109 2196 202 2226 entiae
227 2203 439 2238 φρυκτωρενιτα·
472 2195 519 2225 uti
545 2195 721 2225 Lambinus
742 2202 840 2225 meta-

111 2248 245 2287 phoram
260 2246 423 2286 explicuit:
451 2247 500 2276 vel
524 2246 563 2276 de
578 2247 738 2288 magistro,
755 2248 841 2287 quasi

111 2298 151 2329 de
165 2300 236 2336 sole,
252 2298 401 2339 loquitur,
414 2304 469 2328 aut
484 2298 578 2328 etiam
593 2297 633 2328 de
647 2305 750 2339 λυχνῳ
765 2309 841 2339 quo-

110 2349 156 2380 vis
181 2358 306 2390 φαινοντι
329 2363 354 2380 εν
375 2363 520 2391 ιιυχμηρῳ
537 2361 629 2390 τοπῳ·
653 2359 723 2389 quae
751 2351 842 2380 verba

111 2409 186 2433 sunt
211 2403 253 2434 D.
280 2403 368 2434 Petri
402 2403 568 2443 elegantia,
598 2406 618 2433 2
645 2402 731 2442 epist.
755 2402 774 2434 i.
795 2407 841 2434 19.

111 2453 220 2492 Silius,
234 2453 285 2484 vii.
301 2456 373 2485 477.

368 2522 434 2547 dum
445 2522 481 2547 sol
499 2521 565 2547 Indo
576 2530 601 2546 se
612 2522 690 2547 litore
699 2522 776 2548 tollet.

112 2576 207 2608 Adde
222 2577 368 2608 Tullium
382 2579 416 2609 in
432 2580 543 2619 Arato,
559 2590 619 2611 ver.
643 2584 716 2613 416.

436 2646 461 2663 se
471 2643 531 2665 toto
542 2639 638 2665 lumine
648 2641 752 2666 Cancer

176 2675 322 2700 Extulie-.

118 2727 235 2759 Confer
249 2735 405 2768 nostrum,
421 2730 461 2761 ad
475 2731 514 2762 iv.
529 2735 601 2772 4055.
615 2732 656 2763 vi.
674 2736 746 2764 699.

161 2780 234 2812 Ver.
261 2785 290 2812 2.
313 2784 491 2814 inlustrans.
537 2783 703 2822 Horatius,
730 2783 779 2814 od.
806 2783 847 2815 iv.

121 2835 170 2862 14.
189 2835 218 2864 5.

373 2897 410 2921 O!
430 2896 483 2928 qua
495 2896 530 2921 sol
541 2896 695 2923 habitabiles

180 2934 303 2962 [ramme
314 2942 383 2968 oras,
393 2937 516 2964 maxime
526 2937 695 2970 principum:

855 2986 884 3016 A

879 1789 915 1813 ut
929 1785 973 1814 sol
994 1782 1103 1822 utique
1128 1783 1279 1812 maximus
1304 1785 1350 1809 est
1375 1780 1519 1810 siderum.
1563 1777 1607 1807 Et

880 1835 966 1864 locus
977 1834 1034 1863 iste
1048 1839 1115 1863 tam
1128 1831 1254 1862 lectioni
1265 1837 1390 1868 nostrae,
1402 1839 1499 1870 quam
1512 1829 1608 1860 inter-

880 1885 1058 1926 pretationi,
1086 1895 1162 1925 quas
1184 1884 1218 1913 in
1240 1892 1364 1914 versum
1379 1881 1608 1920 praecedentem

880 1938 1035 1974 dedimus,
1055 1935 1263 1975 pulcherrime
1277 1933 1473 1973 suffragatur.
1519 1932 1608 1962 Utri-

880 2001 978 2031 usque
1003 1989 1159 2028 scriptoris
1180 1998 1236 2028 par
1257 1986 1388 2017 omnino
1409 1992 1465 2022 est,
1486 1995 1525 2016 ex
1544 1985 1610 2016 imo

883 2049 1006 2082 pectore
1020 2051 1199 2081 erumpenS,
1217 2048 1392 2080 επιφωνησις.

884 2095 1034 2125 Demiror
1062 2094 1192 2131 interea,
1222 2102 1259 2123 eo
1281 2090 1410 2122 nomine
1433 2089 1610 2129 Epicurum

884 2147 1056 2186 praedicari,
1085 2145 1169 2187 quod
1192 2147 1315 2185 primus
1339 2144 1450 2174 lumen
1475 2141 1610 2181 philoso-

884 2199 967 2238 phiae
989 2197 1172 2228 mortalibus
1187 2195 1349 2232 extulerit3
1371 2204 1472 2234 quum
1487 2193 1521 2223 in
1537 2202 1611 2223 con·

884 2250 966 2280 fesso
981 2250 1021 2280 sit
1035 2249 1119 2289 apud
1134 2258 1244 2279 omnes
1266 2252 1417 2284 auctores,
1439 2244 1613 2284 praecipuas

886 2302 1042 2332 doctrinas
1057 2301 1124 2342 ejus
1138 2300 1180 2331 ad
1193 2299 1359 2340 ingenium
1374 2295 1550 2328 Democriti
1564 2305 1612 2325 re-

886 2354 1030 2386 ferendas
1047 2363 1120 2384 esse.
1171 2352 1233 2383 Sed
1247 2351 1286 2382 de
1300 2352 1359 2381 hoc
1381 2350 1448 2388 ipse
1461 2348 1552 2387 poeta
1567 2346 1611 2376 vi-

886 2405 974 2436 derit.
1018 2405 1088 2435 Nos
1101 2405 1136 2434 iu
1150 2403 1219 2434 aliis
1233 2411 1431 2441 occupamur.

925 2466 1002 2497 Ver.
1019 2468 1049 2496 5.
1071 2475 1193 2505 εεᾳιιοντ
1222 2465 1260 2494 Β.
1282 2468 1547 2502 εεᾳιιαν.-πιιησ.·
1576 2462 1612 2488 Δ.

883 2524 954 2555 met,
969 2517 1004 2547 in
1018 2516 1133 2546 rasura.

931 2576 1012 2608 Ibid.
1029 2589 1044 2608 ο
1066 2578 1172 2608 Graz'ae
1182 2576 1282 2615 geneis
1297 2573 1408 2604 decus!
1435 2571 1510 2601 Non
1526 2568 1613 2600 aliter

888 2628 1054 2670 Virgilius,
1073 2628 1150 2659 AEn.
1167 2627 1208 2657 xi.
1225 2629 1298 2657 508.

983 2706 1021 2732 O!
1040 2704 1114 2729 decus
1126 2702 1219 2733 Italic,
1230 2701 1323 2735 virgo!

936 2771 1008 2801 Ver.
1023 2773 1053 2800 4.
1077 2768 1166 2800 Ordo
1187 2775 1246 2799 est:
1274 2771 1297 2786 “
1313 2767 1466 2807 Ponoque
1488 2764 1615 2805 vestigia

894 2826 917 2842 “
933 2822 1049 2863 pedum
1068 2821 1101 2864 (i.
1116 2832 1142 2852 e.
1164 2821 1229 2851 sola
1242 2819 1376 2861 pedum)
1390 2819 1461 2849 ficta
1485 2818 1519 2860 (i.
1534 2828 1560 2847 e.
1583 2825 1615 2847 so

891 2878 913 2893 ‘⁶
931 2873 1091 2914 fingentia,
1117 2871 1264 2913 effigiata,
1291 2870 1477 2910 deformata)
1504 2869 1537 2899 in
1555 2867 1617 2897 tuis

891 2929 914 2945 ‘⁶
931 2925 1060 2968 signiS,'’
1075 2926 1120 2958 vel
1135 2924 1234 2967 signis
1249 2929 1375 2956 tuorum
1390 2921 1515 2961 pedum.
1542 2917 1618 2949 Edi.-
