1912 3292
310 202 400 241 182

793 192 853 241 Τ.
904 190 1282 242 LUCRETII

503 324 626 367 Adde
646 331 872 380 repertores
891 324 1188 376 doctrinarum,
1210 332 1333 381 atque
1353 324 1554 380 leporum:

308 404 416 442 1050
447 399 569 442 Adde
591 399 910 442 Heliconiadum
931 401 1118 451 comites;
1151 415 1327 456 quorum
1347 415 1453 442 unus
1476 400 1704 452 Homerus,

303 558 420 589 Raptum
431 563 478 588 per
488 557 577 582 Celtas
586 557 653 588 iter;
671 561 710 587 et,
720 558 772 589 qui
783 564 883 590 ponere
894 564 1011 590 gressum

301 595 552 628 Amphitryoniadae
563 596 644 622 fueri:
657 597 740 626 labor,
757 597 804 622 isse
814 597 862 621 sub
873 597 954 621 armis

301 638 446 662 roenomm
463 641 579 667 turmas;
598 637 782 668 equitemque,
798 644 845 668 per
862 636 944 661 ardua
963 643 1022 661 vec-

424 683 469 700 um

299 680 530 746 1nsu1tastseju’g03
548 718 574 740 et
585 714 724 740 fremuisse
734 714 881 739 hinnitibus
892 714 983 746 Alpes.

245 820 247 822 Ι
301 781 366 818 Qui
382 781 473 816 nitor,
496 789 566 820 quae
580 779 726 820 dignitas,
749 780 802 822 qui
824 781 947 812 numeri
967 781 1020 812 de-

298 833 404 872 nique,
420 831 549 872 hujusce
557 831 718 864 carminis!
739 833 904 864 Consimili
915 840 1022 864 autem

299 890 486 925 argumento
508 883 656 921 monitus,
686 887 780 924 probe
800 887 1023 918 concinnatum

295 945 333 966 ex
349 934 506 966 codicibus
526 934 607 966 dabo
628 935 750 967 Lucani
772 937 887 975 locum,
913 938 1022 970 Phars.

297 998 323 1019 v.
341 991 411 1019 440.

734 1075 784 1094 nec
794 1070 886 1101 pervia
896 1069 961 1095 veiis

326 1107 445 1138 AEquora
462 1106 563 1139 frangit
581 1114 678 1139 eques;
696 1108 840 1140 fluctuque
857 1112 965 1140 tacente,
981 1117 1021 1135 so·

402 1150 514 1173 nantem

324 1187 418 1212 orbita
429 1187 568 1219 migrantis
579 1187 664 1212 tundit
674 1189 806 1214 Moeotida
816 1189 895 1215 Bessi.

295 1252 372 1287 Nec,
387 1261 444 1292 pro
459 1253 505 1283 Et
518 1263 597 1288 nom
610 1251 686 1284 -vide
699 1253 739 1284 ad
754 1253 785 1284 ii.
800 1257 873 1286 467.
887 1256 947 1286 hoc
956 1256 1018 1295 pri-

294 1316 394 1338 mum.
438 1307 574 1346 Deinde,
590 1306 686 1348 vulgo
695 1309 808 1340 latente
814 1323 825 1344 ;
844 1309 949 1340 minus
964 1320 1018 1340 ex-

290 1358 416 1399 quisite:
443 1369 567 1399 nempe,
591 1363 614 1378 “
628 1366 783 1392 sonantem
807 1360 927 1402 ungula
946 1362 1017 1401 pul-

293 1412 317 1428 “
333 1415 429 1446 sante,
453 1410 531 1442 dum
557 1411 701 1443 fremitus
723 1412 842 1444 interea
864 1413 952 1452 ponti
975 1414 1015 1444 si·

291 1465 314 1481 “
330 1461 435 1493 lent:”
451 1463 513 1504 quii
527 1465 673 1495 antithesi
686 1465 762 1506 quid
775 1465 945 1505 pulchriuS,
961 1471 1017 1496 aut

289 1512 479 1546 animosius?
498 1514 572 1546 Non
583 1516 702 1547 alienus
716 1523 763 1547 est
776 1517 895 1548 interea
909 1517 1014 1548 Hora-

289 1564 361 1601 tius,
387 1565 427 1596 ad
442 1566 530 1605 epod.
546 1567 605 1598 va.
625 1571 672 1598 12.

320 1637 461 1666 Barbarus,
477 1637 530 1662 heu
541 1638 548 1662 !
565 1637 659 1662 cineres
668 1638 764 1663 insistet
774 1638 873 1669 victor,
883 1640 911 1664 et
922 1640 1016 1664 urbem

351 1675 437 1706 Eques
447 1678 551 1700 sonante
561 1675 707 1701 verberabit
720 1676 829 1709 unguit).

291 1731 410 1764 Itidem
426 1733 557 1772 Seneca,
574 1734 670 1764 Herc.
687 1734 747 1766 fur.
763 1736 836 1766 535.

381 1808 558 1840 calcavitque
567 1809 631 1834 freti
641 1812 718 1842 terga
728 1810 853 1843 rigentia,

380 1849 413 1872 Et
425 1848 508 1873 mutis
518 1848 625 1874 tacitum
635 1849 757 1875 litoribus
767 1857 846 1876 mare.

289 1917 341 1950 Ibi
356 1923 476 1955 tamen,
490 1918 641 1954 obmutis.
657 1917 767 1948 malim
774 1920 926 1958 placidis:
948 1918 1018 1950 vide

288 1960 351 2000 ver.
382 1971 453 2000 680.
482 1968 626 2009 ejusdem
655 1969 811 2001 dramatis.
854 1971 1014 2011 Denique,

288 2030 345 2060 pro
359 2023 472 2057 tundit,
494 2021 590 2063 vulgo
604 2023 716 2054 scindit
731 2022 821 2053 scribi
836 2022 926 2052 solet:
960 2023 1014 2054 sed

286 2073 358 2103 libri
372 2073 510 2114 quidam,
515 2073 630 2115 fundit
637 2088 648 2110 ‚·
666 2073 751 2105 unde
763 2083 820 2105 nos
828 2074 1013 2114 scripturam

285 2124 536 2161 sincerissimam,
558 2132 589 2157 et
612 2131 699 2157 extra
721 2126 809 2157 dubii
831 2126 908 2157 finos
928 2127 1010 2166 posi-

287 2183 365 2217 tam,
381 2179 568 2210 effinximus.
606 2179 727 2210 Literas
745 2180 776 2210 T
786 2185 818 2210 et
834 2182 871 2213 F.
887 2181 926 2210 ob
942 2180 1008 2210 affi-

287 2230 428 2268 nitatem,
443 2241 579 2271 persaepe
587 2231 748 2268 confundi,
764 2231 854 2262 docet
868 2232 1013 2262 Draken-

287 2281 444 2322 borchius,
459 2282 500 2314 ad
514 2283 582 2314 Liv.
594 2283 633 2314 vi.
650 2287 663 2314 1
674 2287 700 2314 l.
716 2287 743 2314 8.
760 2283 855 2314 xxxii.
874 2287 925 2314 21.
943 2288 1015 2315 1.—

289 2333 351 2364 Sed
365 2339 489 2374 tempus
509 2340 556 2365 est
570 2335 660 2366 nobis
681 2334 917 2376 progrediendi;
940 2336 1013 2366 satis

287 2384 373 2415 enim
388 2387 554 2417 verborum
568 2386 610 2417 de
629 2387 690 2417 hoc
704 2387 842 2418 Lucretii
857 2387 937 2425 loco,
960 2394 1011 2418 ut-

287 2445 411 2478 cunque
425 2436 547 2476 illustri,
571 2437 711 2470 fecimus.

329 2488 403 2519 Ver.
421 2492 513 2522 1046.
524 2489 634 2532 fudit:
661 2490 700 2521 V.
718 2490 766 2521 ed.
791 2491 830 2522 Ο.
856 2497 948 2523 112.
966 2498 1012 2523 n.

275 2540 381 2581 fugin
399 2540 454 2572 sed
467 2551 639 2582 perperam.
662 2542 826 2584 Virgilius,
840 2543 914 2574 AEn.
927 2543 946 2574 i.
959 2547 1011 2576 98.

284 2595 422 2625 «nimam
450 2594 618 2636 effundere&
653 2596 729 2627 AEn.
753 2595 784 2626 ii.
815 2598 888 2628 552.
919 2598 1013 2628 vitam

275 2643 433 2685 sundere,·
461 2647 635 2687 Arnobius,
651 2647 703 2679 lib.
718 2648 738 2679 i.
753 2658 783 2688 p.
800 2652 850 2680 25.
868 2650 1012 2689 spiritum

285 2695 409 2737 effudit,-
433 2703 489 2729 etc.
527 2699 568 2730 In
583 2700 632 2731 his
647 2707 753 2731 autem
768 2701 925 2732 vocabulis
939 2701 1012 2732 libri

286 2747 439 2779 fluctuant
453 2750 547 2782 etiam
561 2751 601 2782 ad
615 2752 683 2783 Liv.
698 2753 762 2784 viii.
773 2756 824 2785 56.
841 2757 869 2784 8.
885 2753 1011 2784 xxxviii.

288 2802 339 2831 17.
357 2804 386 2832 6.

330 2851 410 2883 lbid.
420 2854 554 2885 Lumine
563 2857 711 2896 adempto:
724 2867 837 2898 nempe
845 2859 923 2890 solis.
935 2857 1011 2888 Vir-

285 2903 389 2944 gilius,
418 2904 492 2937 AEn.
507 2905 545 2938 vi.
563 2908 633 2938 735.

1229 562 1355 587 supremo
1371 561 1455 587 quum
1467 555 1561 580 lumine
1572 555 1629 580 vita
1641 555 1791 588 reliquit-2

1066 622 1172 652 confer
1187 622 1238 651 xii.
1254 624 1326 653 955.
1342 628 1373 652 et
1384 632 1441 652 nos
1455 632 1539 659 mox,
1555 622 1595 653 ad
1610 633 1670 654 ver.
1684 626 1777 655 1059.

1110 672 1184 703 Ver.
1212 676 1304 704 1047.
1334 675 1506 713 Scipiades.-
1545 674 1648 714 Scipio
1672 675 1792 715 utique,

1067 725 1217 764 Scipionis
1230 726 1342 766 filius:
1369 725 1460 755 sicuti
1475 727 1682 763 Memmiadae.
1704 726 1725 757 i.
1741 728 1792 758 27.

1065 781 1097 806 et
1113 775 1277 810 Memmio,
1300 782 1331 806 et
1347 776 1496 807 Memmii
1513 775 1585 806 filio.

1109 827 1191 858 Ibid.
1214 830 1370 868 Scipiades
1383 829 1454 858 belli
1457 828 1591 869 fulmen.
1615 828 1687 859 Has
1701 828 1792 860 nobi·

1065 877 1110 908 les
1124 880 1320 920 metaphoras
1345 879 1447 910 Graeci
1474 879 1590 918 priores
1611 886 1790 911 tractavere.

1065 928 1253 968 Lycophron
1269 930 1406 971 egregie,
1424 929 1571 962 cassand.
1587 934 1658 962 462.
1673 930 1714 962 de
1727 929 1791 962 Te-

1065 979 1204 1010 lamonio
1220 980 1330 1020 Ajace:

1461 1069 1474 1096 ὁ
1484 1070 1591 1100 Λήμνιος

1179 1118 1352 1144 ΠΡΗΣΤΗΡ
1364 1118 1591 1144 ΕΝΪΟΥΣ-.

1066 1198 1127 1230 Sed
1142 1207 1243 1238 operae
1262 1195 1357 1227 fuerit
1376 1195 1514 1236 pretium
1530 1205 1635 1226 versus
1654 1195 1793 1238 integros

1063 1252 1238 1292 perlegere;
1268 1255 1341 1279 sunt
1365 1248 1452 1279 enim
1480 1248 1608 1288 expoliti
1637 1259 1702 1280 non
1723 1248 1793 1280 vul-

1063 1304 1129 1345 gari
1145 1300 1314 1343 elegantia:
1340 1306 1371 1331 et
1394 1300 1448 1332 illc
1471 1301 1624 1332 nimirum
1645 1300 1790 1342 dignissi-

1061 1367 1133 1388 mus
1146 1361 1193 1386 est
1207 1353 1307 1394 poeta,
1322 1353 1377 1394 qui
1392 1353 1538 1384 manibus
1551 1352 1698 1393 ingenuis
1712 1352 1788 1384 libe·

1060 1407 1165 1438 raliter
1201 1405 1397 1437 eruditorum
1434 1403 1629 1444 frequentius
1663 1410 1790 1436 teratur.

1061 1458 1123 1489 Sed
1146 1457 1233 1488 enim
1255 1462 1422 1496 utramque
1444 1454 1616 1485 clausulam
1639 1454 1790 1494 Lucretii,

1059 1519 1132 1540 cum
1146 1509 1217 1539 belli
1219 1508 1354 1548 fulmen,
1377 1511 1446 1536 tum
1463 1507 1661 1546 Carthaginis
1673 1508 1789 1544 horror,

1059 1561 1107 1592 vel
1123 1559 1271 1600 expressit
1287 1559 1495 1596 Mantuanus,
1516 1558 1565 1591 vel
1579 1557 1788 1599 adumbravit,

1061 1615 1095 1643 in
1111 1612 1186 1643 AEu.
1203 1611 1241 1642 vi.
1257 1613 1330 1641 845.

1286 1697 1418 1730 geminos,
1433 1698 1488 1723 duo
1490 1697 1609 1729 fulmina
1619 1696 1686 1728 belli,

1092 1738 1233 1771 Scipiadas,
1249 1737 1344 1762 cladem
1355 1737 1512 1770 Libye—.-

1063 1816 1159 1848 quem
1190 1806 1286 1837 Silius
1313 1816 1370 1846 pro
1398 1816 1485 1837 more
1518 1808 1700 1838 subsecutus
1728 1813 1787 1846 est,

1063 1859 1144 1889 Pun.
1160 1858 1210 1889 vii.
1230 1862 1300 1890 106.
1326 1863 1363 1889 ut
1377 1858 1547 1900 Preigerus
1569 1868 1694 1900 quoque
1716 1868 1786 1891 mo-

1061 1909 1143 1941 nuit:

1284 1992 1330 2016 ubi
1340 1998 1412 2017 nunc
1423 1996 1496 2023 sunt,
1505 1992 1624 2024 fulmina
1635 1992 1733 2026 gentis,

1088 2032 1232 2064 Scipiadae?

1056 2104 1099 2135 Et
1114 2103 1199 2134 idem
1213 2102 1366 2142 similiter,
1389 2102 1462 2134 ibid.
1478 2113 1546 2134 xxv.
1563 2107 1636 2136 667.

1070 2171 1219 2203 Et‚su1men
1230 2171 1350 2196 subitum
1362 2170 1530 2203 Carthaginis,
1548 2171 1677 2196 Hannibal
1687 2171 1766 2198 adsit.

1060 2234 1114 2263 Ab
1127 2233 1176 2262 his
1191 2232 1278 2262 locus
1294 2232 1519 2263 Ciceronianus
1534 2231 1567 2262 in
1586 2231 1731 2272 paradox.
1756 2234 1785 2264 1.

1059 2294 1123 2314 non
1137 2285 1293 2314 abhorret:
1321 2286 1344 2302 “
1363 2282 1458 2319 Quid,
1475 2282 1540 2314 duo
1549 2285 1784 2324 propugnacula

1059 2339 1082 2354 “
1097 2337 1168 2367 belli
1191 2336 1317 2371 Punici,
1342 2335 1400 2367 Cn.
1426 2341 1457 2366 et
1481 2335 1519 2366 P.
1541 2337 1705 2377 Scipiones,
1728 2335 1784 2377 qui

1057 2390 1079 2406 ‘⁴
1098 2387 1405 2428 Carthaginiensium
1441 2386 1613 2418 adventum
1648 2387 1784 2428 corpori-

1056 2443 1079 2458 “
1094 2441 1154 2470 bus
1178 2439 1242 2470 suis
1258 2438 1532 2470 intercludendum
1547 2444 1737 2478 putaverunt
1746 2437 1784 2470 „³”

1058 2491 1190 2530 Nempe,
1215 2491 1279 2533 ἕρκη
1302 2498 1435 2530 ‘tol-sper:
1461 2490 1561 2521 Hom.
1586 2489 1626 2521 ῙῙ.
1652 2497 1684 2521 Γ.
1711 2493 1784 2522 229.

1057 2540 1186 2573 Addam
1195 2552 1319 2583 quoque
1330 2540 1540 2572 Ammianum
1550 2540 1783 2575 Marcellinum,

1057 2593 1138 2624 xxiv.
1162 2596 1259 2625 6.—“
1275 2593 1379 2634 longae
1401 2593 1570 2634 loquantur
1590 2597 1697 2626 etates
1723 2591 1781 2621 So-

1057 2650 1079 2666 “
1095 2647 1239 2687 phennena,
1256 2651 1287 2676 et
1302 2645 1478 2681 Aminiam,
1495 2650 1528 2675 et
1543 2643 1781 2678 Callimachum,

1056 2702 1080 2718 “
1095 2703 1127 2729 et
1142 2697 1357 2738 Cynaegirum,
1381 2696 1582 2728 Medicorum
1605 2695 1640 2725 in
1657 2693 1781 2725 Graecia

1055 2749 1224 2791 “fulmina
1250 2748 1305 2779 illa
1329 2747 1548 2780 bellorum···.”
1591 2745 1686 2777 Liber
1709 2745 1781 2776 MS.

1053 2804 1208 2838 culmina,·
1232 2801 1327 2832 etiam
1341 2802 1431 2832 bene.

1099 2854 1182 2886 Ibid.
1207 2855 1404 2894 Carthaginis
1425 2855 1540 2885 horror.
1586 2852 1682 2884 Silius
1696 2850 1782 2883 idem

1054 2915 1189 2942 rursum,
1212 2905 1296 2937 Pun.
1311 2914 1360 2936 xv.
1374 2908 1449 2936 540.
