1912 3292
331 219 425 261 206

843 208 904 256 Τ.
945 204 1291 256 LUCRETI
1307 205 1332 253 I

390 347 444 384 25
475 342 680 385 Naturam
698 354 852 392 rerum,
883 355 932 383 ac
949 339 1148 397 persentis
1167 338 1395 380 utilitatem.

534 417 632 468 Sed,
654 417 849 473 quoniam
868 415 991 457 docui
1011 422 1253 458 cunctarum
1273 411 1447 454 exordia
1466 424 1605 452 rerum

479 491 630 540 Qualia
650 492 745 542 sint,
766 498 808 533 et
826 505 966 546 quam,
987 490 1110 530 variis
1129 488 1322 530 distantia
1341 486 1497 536 formis,

478 566 635 620 Sponte
654 565 726 607 sua
745 565 929 615 volitent,
960 572 1117 605 aeterno
1135 563 1291 618 percita
1309 568 1445 611 motu;

477 639 660 694 Quoque
679 639 805 680 modo
824 639 981 693 possint
1000 652 1063 679 res
1083 651 1136 677 ex
1156 636 1234 677 hiis
1253 649 1428 692 quaeque
1446 633 1590 675 creari:

392 719 445 753 30
477 714 629 768 Atque,
651 713 777 753 animi
798 713 994 769 quoniam
1014 712 1136 753 docui
1156 718 1306 752 natura
1327 709 1428 766 quid
1448 716 1565 758 esset,

478 786 534 826 Et
553 786 700 841 quibus
720 802 744 827 e
764 786 884 828 rebus
904 801 999 828 cum
1020 799 1192 840 corpore
1213 792 1378 839 compta
1398 783 1568 840 vigeret,

477 859 626 908 Quove
645 860 771 901 modo
791 860 985 902 distracta
1006 859 1158 901 rediret
1177 858 1220 899 in
1241 857 1358 898 ordia
1377 857 1525 912 prima:

333 1028 432 1046 -Των
449 1028 564 1055 ατόμων
590 1028 733 1055 σωμᾱτων
756 1028 924 1058 απρθῖῦῆῗθν
940 1029 990 1046 xa!
1009 1028 1059 1047 70·

334 1081 427 1108 χαιαν
452 1081 576 1108 εχοντων
600 1081 651 1102 την
667 1081 781 1106 mmo-n,
807 1073 1010 1100 ΣΤΝΕΧΩΣ
1029 1081 1060 1099 τε

334 1132 385 1149 και
407 1131 546 1159 ‘raxam-m
570 1131 717 1158 κινεμενων
733 1133 766 1154 εις
790 1134 822 1150 το
846 1134 930 1158 auro,
955 1126 1061 1151 «πολλοι

334 1183 462 1210 emptae-a
491 1173 711 1212 συνηθροισέη-.
773 1171 891 1202 Confer
918 1177 1060 1202 nostrum

333 1231 438 1260 porro,
458 1221 489 1252 ii.
505 1225 578 1254 509.

377 1273 449 1303 Ver.
477 1277 527 1305 29.
569 1275 709 1314 Quoque:
737 1280 778 1304 Π.
806 1276 1058 1315 Quaeque.—pos-

333 1326 410 1355 sint:
430 1324 469 1354 P.
487 1324 528 1354 V.
544 1324 591 1355 ed.
609 1324 650 1356 Ο.
670 1331 710 1356 n.
723 1327 920 1365 possie.—‘res
933 1337 968 1357 ea:
983 1328 1056 1357 hiis.-

334 1382 374 1407 1'1.
389 1387 424 1406 etz·
439 1378 512 1408 aliis
524 1388 581 1408 res.

376 1427 450 1458 Ver.
461 1431 514 1458 51.
529 1439 668 1469 corpore:
690 1432 1055 1470 n.cor1›orc1.-vigeret.·

333 1478 374 1509 V.
391 1479 438 1509 ed„
454 1480 492 1510 B.
505 1482 614 1520 vigere.

376 1529 459 1560 Ibid.
481 1537 616 1571 compta:
652 1531 672 1561 i.
699 1542 724 1562 e.
749 1539 870 1568 ornata,
896 1533 1059 1571 instructa,

332 1582 518 1621 composita;
541 1582 610 1614 vide
634 1593 698 1619 noS,
721 1583 761 1614 ad
785 1583 804 1614 i.
828 1588 900 1616 949.
921 1584 965 1615 iii.
989 1589 1059 1616 260.

330 1634 526 1672 Lactantius,
549 1635 600 1665 vii.
629 1638 676 1665 14.
708 1644 782 1665 cum
807 1636 855 1665 his
881 1635 958 1666 locis
980 1637 1059 1666 bene

332 1685 632 1716 committetur:—“
649 1696 686 1716 ex
695 1696 758 1726 quo
769 1686 819 1717 hic
831 1687 1060 1726 pulcherrimus

332 1740 355 1756 “
371 1739 481 1767 mundi
495 1737 646 1768 exstiterit
664 1739 864 1770 ornatus—3³
910 1739 1060 1770 Demiror

331 1788 544 1828 Havercampi
564 1789 713 1828 rationes,
736 1800 801 1820 non
817 1790 927 1831 dignas
942 1791 1056 1829 hercle,

331 1841 445 1881 quibus
458 1851 642 1881 responsum
656 1841 759 1881 detur,
775 1843 955 1882 reponentis
964 1843 1057 1874 Fabri

330 1894 543 1934 conjecturam
565 1893 664 1934 c6pta,
692 1895 714 1925 i.
740 1905 765 1925 e.
790 1902 915 1936 coapta‚·
953 1902 985 1926 et
1005 1907 1056 1927 ro-

329 1944 444 1984 gantis:
474 1948 496 1963 ‘⁸
514 1944 601 1980 Quid
615 1945 701 1975 enim
716 1951 762 1976 est
776 1953 893 1986 compta
905 1958 975 1978 cum
990 1958 1056 1978 cor·

332 1998 354 2013 “
366 2006 439 2035 pore
446 1995 486 2025 ?''
530 1996 683 2035 Apposite
721 1996 908 2037 glossarium
947 2004 1051 2028 vetus:

331 2050 354 2066 “
372 2049 522 2087 comptus,
538 2048 763 2088 συγκειμενος.·”
781 2048 799 2079 i.
816 2059 842 2079 e.
859 2062 1059 2081 κατεσκευασ-

330 2110 419 2136 μενος.

371 2149 446 2179 Ver.
462 2152 513 2179 52.
528 2151 617 2180 ordia
627 2152 732 2190 prima
744 2164 754 2181 .·
780 2151 799 2181 i.
815 2161 843 2181 e.
868 2151 1052 2190 primordia:

330 2198 479 2230 dissoluta
506 2199 653 2239 dictione,
684 2206 716 2231 et
744 2201 872 2233 inversa.
919 2203 1057 2243 Simplex

331 2262 448 2282 nomen
463 2252 550 2283 haud
564 2252 638 2284 alibi
652 2253 775 2284 videtur
789 2254 929 2286 inveniri.

373 2302 445 2332 Ver.
460 2306 509 2333 53.
535 2305 634 2336 Nunc
647 2315 738 2345 agere
753 2307 913 2345 incipiam.
938 2306 1058 2342 Quem.

331 2353 503 2385 admodum
518 2355 685 2397 Virgilius,
706 2367 775 2397 geo.
794 2357 814 2388 i.
831 2361 859 2389 5.

424 2423 492 2448 Hinc
503 2430 591 2449 canere
601 2423 797 2456 incipiam—.-

331 2495 466 2527 quorum
481 2501 515 2518 ero
531 2489 619 2519 Hinc
640 2487 824 2528 exquisitius
845 2494 890 2518 est
905 2493 935 2518 et
951 2498 1057 2528 comp-

331 2538 409 2575 tius;
431 2537 517 2569 unde
539 2549 605 2569 non
630 2538 734 2578 inepte
755 2538 919 2578 suspiceris
933 2539 977 2570 ita
991 2540 1057 2571 Lu-

333 2590 464 2620 cretium
485 2590 652 2630 scripsisse,
674 2601 774 2632 quum
796 2593 838 2622 N
855 2597 887 2622 et
902 2593 942 2622 H
961 2591 1058 2622 literae

331 2652 545 2680 saepenumero
566 2648 813 2673 commutentur:
842 2643 912 2674 vide
926 2653 995 2682 noS,
1018 2644 1058 2675 ad

334 2694 378 2724 iii.
403 2698 475 2726 925.
501 2701 532 2726 et
553 2695 859 2734 Drakenborchium,
882 2697 916 2728 in
939 2698 1059 2738 primis,

333 2747 373 2778 ad
389 2748 442 2778 Sil.
460 2749 499 2779 It.
514 2750 554 2780 vi.
573 2753 643 2782 580.

334 2799 444 2838 Porro,
466 2800 517 2830 hic
540 2807 580 2839 et,
603 2802 658 2842 qui
685 2803 838 2843 sequitur,
863 2813 968 2833 versus
990 2808 1058 2842 post

334 2861 394 2881 ver.
409 2854 460 2882 29.
483 2858 643 2890 ponuntur
657 2853 690 2883 in
707 2860 748 2885 Π.
764 2859 799 2886 Σ.
818 2861 863 2886 Ω.
879 2860 910 2885 et
924 2864 1056 2886 connec-

333 2910 441 2934 tuntur
457 2904 505 2935 his
519 2915 595 2936 verr.
611 2909 661 2937 48.
676 2910 726 2938 49.
742 2910 792 2938 50.

1057 2969 1076 2977 ,-

1055 2980 1074 2994 0

1150 1023 1222 1053 Ver.
1247 1025 1298 1053 34.
1321 1032 1398 1053 esse:
1426 1021 1473 1051 M.
1497 1026 1526 1051 et
1550 1029 1629 1054 esse;
1653 1018 1701 1049 bis
1722 1018 1830 1058 positis
1854 1010 1855 1013 Ἴ

1105 1073 1250 1104 finalibus
1263 1071 1405 1104 vocabuli
1420 1069 1620 1111 praecedentis
1636 1069 1742 1100 literis.

1149 1133 1229 1164 Ibid.
1251 1144 1354 1164 rerum
1369 1133 1545 1163 simulacra.
1583 1129 1635 1160 De
1649 1129 1698 1160 his
1717 1129 1829 1170 imagi-

1104 1184 1206 1223 nibus,
1229 1183 1279 1214 vel
1293 1183 1395 1222 idolis,
1419 1183 1461 1213 sic
1484 1181 1642 1221 Epicurus
1660 1180 1701 1211 ad
1724 1181 1831 1212 Hero-

1104 1236 1226 1274 dotum,
1248 1235 1333 1276 apud
1357 1234 1452 1275 Diog.
1475 1233 1579 1265 La'e’rt.
1603 1243 1633 1264 x.
1658 1235 1709 1264 46.
1737 1242 1832 1274 quem

1102 1287 1217 1324 locum,
1240 1287 1348 1326 procul
1372 1285 1468 1317 dubio
1490 1285 1705 1325 depravatum,
1727 1283 1831 1314 infeli-

1103 1339 1180 1369 citer
1197 1339 1402 1369 Casaubonus
1415 1336 1554 1372 tentavit,
1580 1346 1638 1366 nos
1647 1340 1762 1371 autem,
1780 1336 1830 1366 ni-

1102 1391 1128 1420 si
1137 1390 1277 1420 fallimur
1287 1389 1423 1430 egregie,
1434 1397 1544 1419 sumus
1555 1386 1713 1417 verissime
1723 1396 1831 1417 emen—

1103 1442 1217 1480 daturi,
1241 1449 1271 1472 et
1287 1451 1394 1472 vocem
1415 1439 1606 1480 deperditam
1621 1439 1832 1470 resuscitaturi

1106 1494 1247 1528 (ἂι-ποίεε,
1271 1503 1364 1532 scopo
1391 1491 1451 1523 loci
1480 1490 1736 1521 manifestissimo
1764 1489 1831 1521 suf-

1103 1544 1189 1576 fulti:
1230 1551 1285 1576 Και
1298 1559 1355 1585 μην
1370 1558 1420 1576 και
1437 1556 1521 1575 τοῖσι
1536 1544 1756 1584 ὄμοιοσχημονες
1773 1556 1831 1578 ταις

1104 1609 1267 1639 stupeam&
1298 1609 1355 1632 εισι,
1380 1603 1556 1628 zea-erorum
1581 1606 1745 1635 απεχοντες
1770 1608 1831 1634 μαι-

1104 1662 1173 1691 κραεν
1188 1663 1243 1680 των
1259 1657 1433 1688 mammam.
1475 1654 1551 1679 Ουτι
1574 1660 1632 1689 ’γαρ
1655 1659 1831 1679 αποστασειε

1102 1699 1271 1731 αδυναιτκσιν
1294 1713 1319 1730 εν
1343 1713 1386 1739 τῳ
1411 1711 1568 1742 περιεχοντι
1592 1699 1714 1738 γινεσέαι
1735 1711 1831 1729 τοιαυ-

1103 1766 1162 1788 ται,
1189 1764 1239 1782 ατε
1267 1750 1493 1784 επιτκδεωτητες
1523 1753 1615 1780 ΤΑΙΣ
1641 1753 1832 1780 ΚΛΤΕΡΓΑ-

1102 1808 1213 1836 ΣῘΑῙΣ
1227 1817 1282 1834 των
1295 1810 1485 1842 κοιλωμα-τωι
1497 1815 1548 1833 και
1561 1805 1832 1832 ΛΕΠΡΟΤΗΤΩΝ

1102 1857 1235 1896 ymo-eou-
1259 1856 1369 1895 (neque
1393 1854 1624 1890 conveniemioe,
1645 1851 1667 1882 i.
1693 1861 1723 1884 e.
1749 1851 1829 1883 ima-

1100 1910 1213 1950 ginum
1229 1919 1302 1939 cum
1323 1909 1387 1939 suis
1410 1908 1525 1943 solidis,
1546 1906 1700 1948 effectibus
1713 1907 1828 1938 cavita-

1099 1969 1177 2000 tum,
1192 1964 1484 1999 etenzinentiarzcn15
1499 1961 1547 1991 vel
1562 1960 1740 2000 asperitates
1754 1959 1828 1990 soli-

1103 2013 1215 2043 dorum
1231 2013 1411 2052 corporum)
1437 2025 1486 2044 ε-τε
1512 2013 1662 2054 zaeopfiomt,
1691 2025 1743 2045 την
1769 2012 1828 2050 ἱξης

1101 2068 1180 2098 θεων
1196 2080 1246 2097 και
1261 2070 1345 2103 βασιν
1359 2066 1532 2109 διατήρει-αι,
1550 2067 1581 2098 ἣν
1597 2078 1649 2108 περ
1663 2079 1714 2096 και
1733 2078 1757 2096 εν
1773 2078 1830 2100 τοις

1102 2131 1264 2161 στερεμνιαις
1288 2131 1374 2159 sizo».
1422 2124 1515 2152 Tse-3,-
1531 2116 1558 2148 δε
1575 2128 1626 2150 τες
1643 2128 1737 2151 ‘rurus
1755 2115 1828 2147 ειδω·

1103 2176 1145 2200 λα
1162 2182 1404 2211 πραςαγορευομεν.
1451 2168 1641 2208 conspirant
1655 2167 1689 2197 in
1704 2166 1831 2208 vulgati

1102 2222 1236 2253 lectione
1263 2230 1456 2256 meru-ormena„
1473 2220 1638 2252 Anecdota
1659 2219 1829 2252 Villoisoni

1101 2271 1135 2304 in
1152 2280 1304 2317 Επικερος·
1327 2274 1381 2304 sed
1396 2272 1478 2304 nihil
1497 2272 1575 2313 fingi
1589 2277 1690 2316 potest
1702 2281 1829 2314 corrup-

1102 2328 1171 2359 telis
1193 2329 1364 2360 scribarum
1393 2328 1494 2369 magis
1523 2327 1704 2364 obnoxium,
1733 2338 1830 2368 quam

1102 2380 1258 2411 rarissima
1280 2380 1375 2412 dictio
1404 2388 1557 2423 λεπροτκς,
1579 2389 1598 2410 a
1613 2386 1728 2421 Maepof,
1750 2379 1831 2409 tritae

1103 2439 1251 2467 λεττοτης
1278 2438 1343 2462 tam
1366 2431 1477 2462 affinis.
1522 2429 1671 2461 Auctoris
1691 2430 1829 2470 proposi-

1102 2487 1172 2513 tum
1193 2493 1257 2514 non
1283 2483 1374 2514 aliter
1396 2481 1543 2522 procedit,
1567 2487 1660 2522 atque
1678 2491 1735 2520 pro
1756 2480 1828 2512 mea

1102 2535 1321 2566 emendatione
1342 2534 1532 2565 validissime
1556 2538 1746 2574 propugnat,
1772 2542 1830 2563 nec

1102 2584 1248 2616 lectorem
1261 2586 1343 2617 mihi
1358 2585 1570 2617 dissensumm
1584 2583 1724 2614 arbita-or.
1748 2583 1830 2613 Scri.

1101 2637 1186 2668 bitur
1199 2638 1294 2669 etiam
1309 2639 1343 2668 in
1358 2637 1449 2669 editis
1465 2651 1519 2672 ‘ras
1536 2647 1742 2677 καπργιισιας.
1768 2634 1828 2665 Ca-

1103 2691 1261 2720 saubonus
1277 2703 1316 2729 ες,
1344 2689 1515 2730 Menagius
1540 2692 1648 2718 autem
1663 2699 1755 2723 κατα,
1780 2686 1830 2717 in-

1102 2741 1272 2782 verpolavit.

1144 2801 1219 2832 Ver.
1234 2805 1285 2832 56.
1307 2802 1468 2841 Dereptoe:
1494 2799 1532 2830 P.
1556 2798 1596 2829 V.
1612 2798 1660 2830 ed.
1676 2799 1714 2830 B.
1731 2802 1766 2830 Δ.
1784 2804 1828 2830 11.

1103 2858 1137 2886 Σ.
1155 2859 1200 2885 Ω.
1228 2854 1384 2893 Direptae;
1408 2860 1583 2891 perperam:
1612 2849 1669 2880 sed
1690 2850 1736 2880 ita
1760 2859 1830 2889 pas-

1102 2905 1161 2936 sim
1182 2905 1215 2935 in
1231 2904 1350 2945 scriptis
1372 2902 1600 2943 exemplaribus
1614 2901 1725 2934 variari
1745 2900 1832 2933 solet.
