1912 3292
295 210 386 250 106

790 201 851 251 T.
904 202 1280 254 LUCRETII

436 332 525 375 Nec
544 334 715 392 vestigia
731 343 940 393 gestarum
958 348 1097 378 rerum
1117 337 1199 379 ulla
1217 340 1426 381 tenemus?

436 408 561 459 Nam,
584 409 616 450 si
636 417 753 451 tanto
772 424 896 466 opere
914 417 974 452 est
993 411 1119 452 animi
1139 420 1298 454 mutata
1316 421 1508 468 potestaS,
1756 418 1766 432 “

323 483 404 523 675
437 481 640 524 Omnium
660 492 707 525 ut
725 491 910 526 actarum
929 484 1128 526 exciderit
1147 487 1367 528 retinentia
1386 503 1543 537 rerum3

437 557 552 608 Non,
573 567 619 600 ut
639 560 802 614 opinor,
824 559 868 601 id
887 561 940 602 ab
959 560 1041 602 leto
1053 561 1142 615 jam
1161 562 1340 619 longiter
1360 572 1483 604 errat.

440 632 706 689 Quapropter
726 633 878 676 fateare
897 649 1060 676 necesse
1080 643 1155 686 est,
1187 651 1281 692 quae
1300 637 1377 678 fuit
1396 645 1506 687 ante,

296 789 414 818 sionem
430 789 579 827 patiatur;
603 789 641 819 de
663 790 724 831 quii
747 801 846 830 nuper
867 791 1022 832 generali-

296 847 342 870 ter
357 840 559 878 concluserat,
575 841 615 871 ad
631 852 691 873 ver.
707 846 780 874 640.

342 891 414 922 Ver.
431 895 502 923 669.
524 894 707 923 disciditur:
733 894 776 924 sic
799 895 835 924 L.
861 895 908 925 M.
924 900 959 927 Σ.
978 902 1022 926 Ω.

297 943 409 978 caeteri,
420 943 620 979 discinditur;
640 949 680 973 Π.
695 946 877 982 ‹list-editur,
892 955 950 984 pro
960 948 1024 976 ctis-

297 996 440 1030 caeditur,
462 994 588 1032 opinor3
612 1000 647 1023 ut
662 1004 766 1033 supra,
789 1006 850 1025 ver.
867 1000 938 1027 659.

338 1045 414 1074 Ver.
428 1048 501 1080 670,
514 1047 705 1077 inmortalis:
721 1046 760 1076 O.
774 1052 808 1077 A.
822 1053 861 1077 Π.
874 1050 1023 1078 mortalis.

342 1095 414 1126 Ver.
431 1098 505 1127 671.
525 1096 575 1127 Sic
591 1096 728 1138 loquitur
744 1097 882 1129 Ennius:

360 1171 426 1196 lnde
437 1170 511 1195 venit
522 1169 651 1195 divinitus
661 1171 753 1203 pulleis
763 1171 897 1196 insinuans
907 1179 932 1196 se

360 1211 419 1242 Ipsa
428 1209 526 1234 anima.

771 1243 984 1275 annmus.

299 1318 405 1354 Quem
418 1317 525 1348 locum
540 1317 709 1348 Lucretius
720 1319 854 1360 respexit
869 1319 909 1349 ad
923 1319 942 1349 i.
958 1323 1027 1350 117.

300 1370 386 1410 quod
409 1369 527 1400 ibidem
549 1369 713 1400 debuerim
735 1370 947 1401 admonuisse:
975 1371 1029 1401 sed

298 1432 358 1451 non
373 1423 477 1452 omnia
488 1431 648 1461 possumus
661 1432 771 1452 onmes.

343 1473 427 1505 Ibid.
451 1476 485 1504 in
507 1484 615 1513 corpus
637 1475 824 1504 insinuatur.
849 1474 967 1505 Similis
982 1483 1028 1506 est

301 1532 456 1557 structura
473 1525 588 1561 Gellio,
605 1531 700 1555 noctt.
718 1527 783 1556 Att.
799 1526 842 1556 iii.
860 1529 887 1557 7.
920 1531 942 1545 ‘⁴
961 1528 1026 1558 Mi-

301 1582 324 1596 “
340 1577 410 1608 lites
426 1577 574 1613 Romani,
591 1577 637 1606 uti
653 1587 701 1607 res
716 1584 790 1607 nata
804 1584 862 1615 est,
885 1580 1029 1609 inlocum

301 1633 324 1648 “
341 1632 516 1667 insinuant,
547 1629 651 1660 fraudi
675 1636 706 1659 et
731 1630 878 1668 perniciei
898 1631 1029 1661 obnoxi-

304 1684 325 1698 “
343 1682 423 1711 um.”
469 1680 534 1710 Ubi
557 1679 642 1709 vides
665 1680 797 1710 activam
821 1681 956 1711 formam
979 1685 1028 1712 in-

300 1737 402 1770 sinuo,
433 1738 469 1762 ut
492 1731 577 1770 apud
600 1731 774 1772 Virgilium
797 1743 930 1773 quoque,
955 1734 1030 1764 AEu.

300 1788 330 1818 ii.
358 1790 431 1818 229.
455 1785 541 1816 idem
564 1795 663 1825 posse,
688 1786 773 1827 quod
796 1787 935 1818 Lucretii
960 1798 1029 1827 pas-

302 1840 380 1876 siva3
396 1839 437 1868 ob
448 1837 600 1867 rationem
614 1837 742 1876 scilicet,
755 1838 844 1868 nobis
854 1838 959 1869 datam
971 1849 1031 1870 nu-

301 1890 447 1931 perrime,
470 1889 511 1919 ad
525 1899 589 1920 ver.
605 1892 678 1920 661.

344 1942 420 1972 Ver.
436 1943 508 1972 67‘2.
531 1951 622 1981 super
636 1948 708 1972 ante
728 1948 845 1973 actam:
866 1943 908 1973 V.
926 1943 973 1973 ed.
992 1944 1031 1974 O.

301 1998 463 2033 superante
477 1997 588 2022 actam.

347 2046 429 2077 Ibid.
451 2053 523 2078 ante
549 2053 650 2078 actam
670 2054 809 2079 tenacem:
835 2048 854 2078 i.
871 2059 897 2078 e.
921 2052 944 2066 “
960 2054 1032 2079 ante

305 2101 327 2116 “
343 2103 457 2136 actam,
475 2109 569 2139 quam
587 2108 644 2129 nos
658 2099 724 2129 nati
739 2098 848 2135 simus,
871 2105 903 2130 et
915 2110 948 2129 se
963 2099 1030 2129 ani-

304 2153 328 2168 “
343 2159 397 2180 ma
410 2150 445 2180 in
460 2160 572 2190 corpus
593 2150 792 2181 insinuarit:’'
814 2151 956 2182 conferas
970 2162 1031 2182 ver.

304 2205 375 2233 844.
414 2201 550 2233 Mirifice
582 2201 774 2233 Creechiana
802 2203 1027 2242 interpretatio:

304 2257 327 2272 “
345 2254 450 2290 Quam
466 2255 506 2285 ob
528 2264 671 2284 caussam
695 2256 766 2285 vitoe
787 2260 860 2285 ante
873 2261 951 2286 actae
965 2266 1032 2287 me-

305 2307 327 2322 “
344 2314 446 2335 mores
461 2315 526 2335 non
541 2304 674 2337 simus?”
720 2305 818 2341 Quasi
833 2306 949 2338 scilicet
963 2317 1031 2338 orn-

305 2355 354 2386 nis
368 2356 514 2387 omnium
528 2367 634 2388 rerum
648 2359 803 2389 memoria
821 2359 963 2391 humano
977 2370 1031 2401 ge-

307 2410 372 2440 neri
389 2410 560 2442 excidisset.

306 2461 416 2499 Porro,
443 2469 512 2502 post
537 2465 622 2495 hunc
648 2475 772 2495 versum
797 2466 946 2506 repetitur
972 2477 1033 2498 ver.

305 2517 377 2544 678.
394 2514 428 2544 in
445 2516 480 2546 P.
507 2515 601 2548 vind.
620 2516 660 2548 V.
687 2516 736 2547 ed.
761 2517 800 2553 Q.
819 2523 853 2549 A.
871 2525 911 2549 Π.
930 2524 963 2550 Σ.
980 2519 1035 2550 sed

306 2565 436 2596 omnino
451 2567 546 2598 male.

350 2614 422 2646 Ver.
449 2619 521 2649 675.
553 2621 680 2659 vestigia
697 2625 839 2651 tenemus.
885 2621 937 2651 Ita
962 2621 1033 2652 Vir-

307 2665 413 2707 giliuS‚
434 2668 473 2698 ad
490 2670 564 2701 AEn.
580 2681 607 2702 v·
619 2675 692 2704 551.

368 2753 770 2781 5—
779 2747 892 2782 vestigia
905 2754 994 2780 presso

369 2772 446 2796 Haud
455 2775 536 2798 emme
547 2777 662 2802 titubata
671 2778 708 2803 sol
713 2786 799 2804 0—-

310 2843 479 2881 Caeterum,
499 2857 600 2877 rerum
619 2855 658 2879 Π.
675 2850 771 2881 codex
786 2852 914 2892 omittit,
937 2859 968 2883 et
981 2853 1031 2884 in-

307 2893 408 2925 culcat
422 2895 549 2935 insuper
562 2908 623 2929 esse
638 2906 706 2938 post
728 2904 801 2933 ulla.

1111 792 1184 823 Ver.
1201 796 1275 831 674.
1295 799 1339 824 cst
1361 795 1474 823 animi:
1501 793 1536 823 Ρ.
1561 791 1599 822 V.
1624 791 1670 823 ed.
1695 792 1792 823 Vind.

1066 845 1104 876 L.
1124 846 1171 876 M.
1190 851 1223 877 Σ.
1241 852 1285 876 Ω.
1305 847 1406 876 animi
1419 852 1477 876 est:
1505 844 1560 875 sed
1584 845 1643 875 hac
1668 854 1796 875 caesurae

1067 903 1217 936 potestate
1246 907 1310 927 non
1335 896 1414 926 solet
1438 896 1524 926 abuti
1547 895 1725 933 Lucretius,
1755 895 1796 926 ad

1067 947 1293 978 nonnullorum
1309 948 1471 987 po'e'tarum
1482 946 1797 978 consuetudinem.—

1071 1006 1186 1030 mulala
1199 1014 1209 1029 .·
1239 999 1276 1030 P.
1292 1001 1411 1030 vitiata.

1113 1052 1186 1081 Ver.
1213 1054 1286 1082 675.
1313 1053 1473 1082 Omnium:
1499 1050 1542 1080 sic
1566 1051 1602 1081 P.
1627 1049 1726 1080 vind.
1752 1048 1794 1079 V.

1069 1102 1117 1133 cd.
1136 1103 1171 1133 B.
1189 1104 1228 1138 Q.
1246 1108 1280 1133 A.
1299 1109 1343 1133 Ω..
1358 1103 1464 1143 vulgo,
1484 1103 1600 1139 Omnis,·
1625 1108 1666 1133 Π.
1689 1102 1794 1134 Omni-

1070 1155 1133 1189 bus,
1150 1153 1265 1184 omisso
1280 1160 1322 1184 ut.

1116 1204 1195 1235 Ibid.
1210 1206 1356 1236 exciderit
1366 1205 1543 1235 retinentia.
1565 1203 1688 1234 Eodem
1703 1202 1799 1234 modo
1851 1191 1854 1197 1

1072 1266 1179 1287 rocem
1193 1256 1337 1287 adhibuit
1353 1256 1518 1297 Virgilius,
1542 1256 1617 1286 AEn.
1633 1256 1653 1286 i.
1669 1258 1721 1287 25.

1072 1340 1126 1363 Nec
1137 1339 1202 1363 dum
1215 1339 1296 1363 etiam
1309 1345 1409 1363 caufsae
1422 1339 1533 1368 irarum,
1544 1338 1666 1370 saevique
1675 1338 1790 1368 dolores.

1074 1377 1230 1402 Exciderant
1241 1379 1404 1403 animo—-

1116 1460 1195 1491 Ibid.
1221 1462 1398 1491 νσίἰηενιίὶα.
1435 1460 1507 1490 Vox
1537 1474 1666 1502 μσνηρης·
1697 1470 1801 1500 neque

1071 1512 1155 1542 enim
1180 1511 1254 1542 alibi
1276 1521 1372 1551 quam
1395 1510 1479 1550 apud
1503 1510 1684 1540 Lucretium
1715 1521 1804 1550 repe-

1074 1565 1164 1594 titur:
1205 1563 1362 1604 significat
1399 1568 1505 1593 autem
1544 1562 1803 1594 recordationem⁴

1075 1616 1182 1646 Faber.

1117 1668 1191 1697 Ver.
1208 1670 1280 1698 676.
1301 1668 1448 1706 longiter:
1474 1665 1518 1696 ita
1534 1671 1568 1697 A.
1583 1673 1623 1697 n.
1641 1670 1675 1698 Σ.
1691 1672 1728 1697 ut
1744 1666 1801 1696 So—

1073 1719 1186 1758 sipater
1202 1717 1370 1753 Charisius,
1386 1727 1417 1756 p.
1439 1720 1506 1747 183.
1523 1723 1555 1748 et
1570 1717 1698 1748 Nonius
1713 1718 1802 1748 Mar-

1075 1770 1183 1808 cellus,
1209 1770 1248 1800 xi.
1273 1773 1323 1802 49.
1347 1769 1498 1800 mendose
1523 1775 1629 1800 tamen
1652 1769 1804 1800 exhibens

1073 1824 1147 1853 lecto
1162 1825 1237 1860 rati,
1253 1822 1319 1852 vice
1333 1823 1389 1852 leto
1404 1827 1505 1857 errat,·
1528 1821 1637 1862 vulgo,
1663 1823 1801 1862 longius.-

1075 1879 1106 1904 et
1121 1884 1194 1903 sane
1209 1879 1298 1903 extra
1312 1872 1450 1903 Lucretii
1465 1873 1616 1912 pomoeria
1628 1872 1724 1904 dictio
1738 1883 1804 1904 non

1076 1924 1197 1954 videtur
1220 1924 1506 1955 inveniri.—errat.·
1539 1930 1581 1955 Π.
1609 1925 1802 1956 erat.—Cae-

1076 1981 1190 2012 terum,
1220 1975 1305 2015 quod
1333 1975 1527 2005 rarissimum
1555 1976 1671 2014 evenit,
1701 1975 1803 2006 notari

1075 2025 1208 2066 dignum
1225 2032 1281 2063 est,
1297 2025 1418 2056 codices
1429 2026 1538 2066 utique
1552 2027 1687 2066 optimos
1701 2033 1733 2057 et
1747 2037 1804 2057 an-

1076 2077 1266 2117 tiquissimos
1295 2078 1353 2107 hac
1382 2077 1544 2108 occasione
1573 2078 1668 2109 falsos
1696 2078 1806 2118 depre-

1076 2128 1182 2166 hendi,
1219 2142 1251 2159 *a
1279 2130 1401 2169 longius
1425 2128 1606 2169 wlgarium
1631 2129 1807 2161 editionum

1076 2181 1256 2219 praebentes.

1120 2230 1194 2261 ver.
1209 2233 1283 2261 677.
1298 2231 1442 2272 qucefuit
1458 2237 1549 2262 ante:
1574 2231 1594 2263 i.
1609 2242 1636 2262 e.
1659 2235 1682 2251 “
1699 2232 1806 2263 anima

1077 2286 1100 2301 “
1117 2282 1181 2320 illa,
1204 2282 1253 2312 vel
1267 2282 1447 2312 animarum
1469 2293 1504 2312 ea
1523 2283 1637 2322 portio,
1662 2294 1733 2324 quae
1747 2283 1808 2315 du-

1077 2338 1100 2353 “
1115 2334 1192 2365 dum
1208 2335 1309 2365 inerat
1330 2335 1471 2365 humano
1492 2335 1612 2376 generi,
1638 2341 1669 2366 et
1684 2341 1807 2367 aetatem

1077 2391 1100 2405 “
1116 2387 1306 2426 praeteritam
1320 2388 1499 2426 occupabat,
1512 2387 1580 2427 jam
1592 2386 1691 2426 periit,
1707 2397 1807 2428 quum

1078 2442 1100 2456 “
1116 2437 1269 2469 memoria
1291 2448 1398 2468 rerum
1420 2444 1579 2479 gestarum
1601 2438 1809 2478 interciderit;
1859 2448 1863 2450 '

1079 2493 1100 2508 “
1117 2495 1148 2519 et
1162 2499 1199 2519 ea
1213 2489 1330 2526 anima,
1353 2500 1423 2530 quae
1438 2500 1524 2520 nunc
1538 2490 1684 2521 homines
1697 2491 1805 2532 agitat,

1078 2545 1100 2560 “
1117 2547 1187 2571 tum
1199 2541 1327 2571 demum
1340 2541 1434 2581 ooepit
1444 2541 1556 2578 vivere,
1571 2551 1646 2573 cum
1660 2542 1808 2583 primitus
1849 2550 1851 2554 ⁴

1078 2596 1101 2611 “
1118 2593 1271 2623 recordari
1288 2593 1444 2632 coeperit.‘'
1678 2625 1682 2627 ,
1851 2588 1862 2613 J

1120 2644 1195 2675 Ver.
1212 2648 1284 2676 679.
1303 2645 1457 2686 perfido.-
1484 2645 1525 2674 V.
1541 2645 1590 2676 ed.
1605 2645 1645 2676 Β.
1670 2651 1716 2677 Ω.
1732 2656 1808 2686 pro-
1843 2639 1863 2678 3¹·

1091 2703 1165 2728 ecco.

1067 2696 1098 2738 f
1120 2749 1195 2779 Ver.
1213 2752 1284 2779 680.
1307 2755 1351 2779 est
1366 2750 1482 2779 animi:
1510 2748 1549 2778 V.
1565 2747 1613 2778 ed.
1637 2748 1675 2779 B.
1697 2748 1735 2778 L.
1759 2749 1809 2781 M.
1863 2743 1865 2746 Ι

1080 2808 1119 2833 Π.
1137 2806 1172 2833 Σ.
1192 2808 1236 2832 n..
1251 2804 1354 2832 animi
1366 2808 1424 2838 est;
1441 2801 1578 2832 eundem
1590 2811 1646 2841 per
1658 2810 1807 2840 errorem,

1075 2863 1170 2895 quem
1191 2853 1360 2883 habuimus
1382 2852 1421 2883 ad
1442 2862 1503 2883 ver.
1522 2855 1595 2883 674.
1619 2863 1694 2884 nam
1717 2863 1736 2883 a
1755 2861 1807 2883 me

1075 2915 1198 2947 nequeo
1213 2905 1393 2945 impetrare,
1408 2911 1445 2936 ut
1457 2915 1520 2936 non
1536 2915 1672 2936 errorem
1687 2909 1804 2945 putem.
