1912 3292
447 199 682 249 LIBER
718 196 1099 253 QUARTUS.

1439 209 1528 248 211

180 331 287 381 Quae
307 330 501 388 quoniam
521 327 642 376 fiunt,
674 326 807 367 tenuis
828 339 992 382 quoque
1012 326 1135 368 debet
1155 328 1293 385 imago

177 407 247 447 Ab
267 405 386 447 rebus
406 401 528 451 mitti,
551 414 712 441 summo
732 399 784 441 de
804 415 978 455 corpore
997 415 1148 442 rerum.

178 478 304 529 Nam,
326 489 431 532 quur
449 474 518 515 illa
536 474 687 515 cadant
705 474 853 531 magiS‚
884 474 937 515 ab
957 474 1160 530 rebusque
1179 475 1388 526 recedant,

179 552 318 601 Quam
337 563 430 606 quae
449 548 590 590 tenuia
609 556 721 599 sunt,
752 548 942 590 hiscundi
963 557 1023 590 est
1041 548 1153 590 nulla
1171 557 1369 605 potestas;

91 630 146 665 65
179 623 429 673 Praesertim,
462 637 588 678 quom
609 623 690 664 sint
708 623 753 664 in
773 623 941 664 summis
961 637 1137 678 corpora
1157 624 1278 665 rebus

177 695 315 738 Multa
333 697 508 748 minuta,
533 696 616 753 jaci
637 711 731 754 quae
750 697 909 753 possint
928 696 1074 738 ordine
1094 711 1254 748 eorum,

76 851 157 883 Ibid.
181 853 306 892 spoliis:
330 851 351 881 i.
367 862 393 882 e.
408 851 549 892 pellibus
574 853 616 883 In
634 853 760 884 Senecae

34 904 130 935 Herc.
143 903 205 934 fur.
221 903 260 933 de
274 913 306 933 se
322 902 487 941 Hercules,
503 914 563 935 ver.
582 908 595 935 1
605 908 674 936 151.

349 983 398 1002 cur
409 976 478 1002 latus
488 977 593 1003 laevum
603 982 684 1003 vacat

94 1015 174 1048 spolio
185 1015 260 1041 leonis
268 1016 281 1040 ἓ

34 1078 204 1117 Palladius,
228 1079 280 1109 xii.
298 1081 326 1110 7.
341 1083 371 1110 4.
403 1082 425 1098 “
444 1080 543 1112 Juvat
568 1081 600 1111 in
631 1081 669 1112 ea
696 1083 760 1124 (ar-

35 1134 56 1150 “
72 1130 161 1171 bore)
200 1138 231 1161 et
258 1132 386 1171 spolium
416 1135 562 1172 serpentis
591 1134 758 1173 appendi.’‘

33 1182 123 1212 Hinc
151 1192 208 1221 pro
236 1183 377 1213 humano
412 1194 534 1223 corpore
569 1185 762 1217 Prudentius

31 1242 106 1264 voce
120 1244 196 1264 usus
211 1240 268 1272 est,
294 1234 436 1265 intexens
450 1236 542 1275 peplo
557 1237 681 1276 proprio
696 1247 759 1268 ser-

32 1285 135 1316 monis
150 1285 331 1316 Lucretiani
347 1286 409 1324 fila,
431 1289 535 1327 apoth.
550 1292 622 1319 410.

318 1368 402 1399 Fuge,
420 1369 514 1394 callide
525 1373 642 1401 serpens,-

34 1409 108 1432 Exue
118 1410 142 1431 te
151 1407 278 1437 membris,
293 1411 321 1433 et
331 1409 413 1439 spiras
425 1409 500 1434 solve
509 1409 633 1434 latentes.

32 1446 198 1478 Mancipium
210 1446 318 1477 Christi,
334 1447 379 1472 fur
390 1448 599 1480 corruptissime,
610 1456 702 1474 vexas.

33 1486 128 1512 Desine
137 1495 145 1517 ;
162 1486 283 1512 Christus
293 1487 378 1517 adest,
390 1488 504 1513 humani
513 1489 630 1521 corporis
640 1489 727 1514 ultor:

33 1526 93 1552 Non
103 1527 177 1558 licet,
193 1530 224 1552 ut
233 1527 340 1560 spolium
349 1527 445 1560 rapias,
456 1528 502 1553 cui
512 1529 632 1554 Christus
641 1529 759 1554 inhaesit.

75 1606 158 1638 Ibid.
179 1608 390 1639 volitantibus:
415 1608 434 1639 i.
447 1619 473 1639 e.
490 1609 529 1640 ad
544 1619 635 1640 auras
649 1611 760 1648 motis3

34 1658 74 1689 ob
102 1657 261 1690 levitatem
289 1659 406 1700 utique.
468 1660 519 1692 Sic
542 1661 689 1698 Nonnus,
723 1662 762 1693 de

35 1708 115 1748 pelle
138 1709 286 1750 Marsyae,
310 1721 405 1751 quem
432 1711 569 1743 Phoebus
594 1713 761 1744 decortica-

36 1759 88 1795 vit,
111 1758 243 1800 Dionys,
258 1760 278 1791 i.
295 1765 345 1793 45.

76 1837 170 1873 Δερμα
180 1849 323 1875 παρῃωρηπ
335 1841 446 1892 IIAI'SJ,
466 1846 619 1876 κολπυμεναν
631 1853 733 1878 αυραιςε

37 1904 56 1934 i.
71 1914 96 1934 e-
118 1907 294 1938 summitate
309 1910 427 1948 scopuli
441 1908 474 1938 in
489 1915 579 1940 antro
585 1921 594 1948 3
621 1910 665 1940 sic
681 1911 766 1941 enim

37 1955 208 1997 legendum
239 1964 326 1997 puto,
354 1970 412 1998 pro
441 1960 587 1991 codicum
616 1962 768 2002 scriptura

38 2015 135 2048 φηγῳ,
158 2019 255 2049 quam
271 2011 376 2041 Musae
391 2019 551 2051 respuunt.

81 2059 154 2091 Ver.
170 2064 220 2092 61.
249 2063 343 2097 Quae:
369 2063 469 2094 Vind.
489 2066 580 2103 Haec,
602 2065 651 2095 vel
667 2065 767 2096 editor

38 2112 140 2150 potius
169 2114 414 2153 somniculosus3
444 2123 482 2147 ut
511 2118 586 2148 editi
614 2119 765 2162 vulgares,

39 2162 106 2194 sine
120 2163 269 2195 librorum
286 2167 477 2198 auctoritate.

85 2213 157 2245 Ver.
183 2219 235 2246 62.
261 2218 326 2248 Ab:
353 2218 390 2249 B.
419 2221 481 2256 At,-
508 2225 543 2251 Δ.
569 2226 604 2253 Σ.
633 2223 767 2254 A.—re-

40 2274 125 2295 rum.-
145 2265 280 2303 editores
293 2278 331 2298 ex
346 2269 486 2309 arbitrio,
501 2282 624 2309 earum;
642 2275 766 2304 uberta-

42 2319 107 2345 tem
129 2322 222 2358 atque
244 2319 432 2351 evidentiam
454 2323 605 2354 orationis
626 2324 769 2356 Lucreti-

43 2375 111 2396 anae
125 2377 183 2398 nec
197 2370 403 2411 attendentes,
431 2379 462 2404 et
477 2374 681 2406 audacissime
695 2387 770 2408 con·

43 2419 243 2452 taminantes.

89 2470 162 2502 Ver.
175 2476 227 2503 65.
245 2475 316 2505 illa:
341 2486 455 2516 nempe
469 2479 616 2510 crassiore
631 2480 685 2511 filo
700 2491 774 2512 con-

47 2525 145 2560 texta5
169 2523 208 2553 de
222 2525 336 2565 quibus
351 2537 458 2566 supra;
481 2531 671 2563 membranas
691 2538 778 2571 puta,

46 2575 242 2615 tunicasque,
265 2586 342 2608 verr.
368 2582 418 2609 56.
445 2581 605 2612 57.—Pro
623 2594 716 2622 quur,
740 2584 778 2615 B.

46 2633 133 2659 cum;
160 2636 179 2656 a
193 2637 296 2666 quum.

87 2675 161 2707 Ver.
177 2682 228 2709 64.
244 2681 391 2712 hiscundi
406 2682 455 2712 vel
469 2685 608 2715 hiscendi
621 2692 675 2724 est,
691 2686 778 2718 libris

47 2725 165 2765 scriptis
181 2739 280 2760 manu
292 2731 390 2770 ducti,
407 2744 477 2764 vere
487 2735 631 2766 videntur
644 2737 778 2769 edidisse

50 2773 148 2807 docti:
175 2780 224 2810 M.
246 2783 414 2820 hiscendis;
439 2786 459 2815 i.
483 2797 508 2816 e.
530 2788 718 2825 hiscendi’st,
742 2796 779 2820 ut

52 2828 147 2864 probe
158 2829 309 2868 judicavit
324 2835 574 2878 Havercampus:
595 2839 632 2870 L.
649 2842 778 2880 iscemli,

54 2875 159 2909 derasa
173 2881 273 2920 prima
290 2884 392 2924 liter-'33
409 2887 446 2919 P.
457 2888 498 2920 V.
516 2889 563 2921 ed.
580 2890 617 2921 B.
632 2896 666 2923 Δ.
682 2898 778 2924 osten-

803 855 849 884 dit
856 868 866 889 ;
887 853 988 884 Vind.
1008 853 1047 885 O.
1061 858 1096 886 Σ.
1110 860 1155 885 Ω.
1171 857 1289 886 ostendi
1301 862 1343 887 est
1348 872 1359 893 ;
1378 863 1419 887 1'1.
1436 864 1532 890 osten-

803 907 869 936 dis:
895 915 966 946 quae
982 911 1056 936 sunt
1068 906 1161 936 variae
1184 907 1366 946 corruptelae
1380 908 1463 938 vocis
1478 920 1533 950 ge-

803 957 922 994 nuinae,
941 968 1037 998 quam
1051 958 1247 996 exhibemus,
1260 960 1408 989 abeuntes
1418 970 1456 990 ex
1471 963 1533 992 his-

805 1012 895 1040 cendi
919 1016 973 1048 est,
995 1020 1051 1049 per
1075 1011 1240 1046 iscendi’st,
1271 1017 1302 1041 et
1325 1014 1477 1050 istendist‚
1500 1013 1535 1042 in

805 1061 973 1099 ostendi'st,
996 1064 1137 1100 ostendis,
1162 1064 1291 1093 ostendit
1296 1078 1307 1099 ,·
1335 1073 1372 1093 eo
1398 1063 1536 1094 faciliore

805 1114 1030 1156 demigratione
1046 1117 1086 1146 ob
1106 1116 1348 1146 similitudinem
1363 1116 1534 1146 elemento·

803 1174 876 1195 rum
891 1173 904 1197 t
918 1172 949 1196 et
963 1177 990 1197 c.
1027 1165 1116 1196 Hinc
1131 1173 1177 1196 est
1193 1167 1278 1206 quod
1304 1167 1325 1199 J
1328 1167 1468 1197 uvenalis
1483 1178 1535 1197 co·

804 1215 864 1246 dex
888 1216 959 1247 MS.
983 1218 1098 1255 probus
1119 1222 1150 1246 et
1165 1222 1315 1254 vetustus,
1338 1217 1536 1248 bibliothecae

803 1267 936 1306 publicae
954 1268 1228 1309 Cantabrigiensis‚
1245 1269 1286 1299 ad
1299 1275 1355 1299 sat.
1371 1269 1403 1299 ii.
1421 1273 1439 1300 7
1444 1273 1471 1300 7.
1484 1270 1534 1301 vii.

807 1323 876 1351 190.
891 1319 938 1349 bis
953 1320 1067 1349 habeat
1081 1325 1159 1357 ater,
1175 1330 1233 1359 pro
1241 1331 1323 1351 acer.
1351 1320 1412 1351 Sed
1427 1320 1462 1351 in
1478 1331 1534 1351 no-

802 1370 930 1400 tissimis
944 1376 990 1400 est
1000 1371 1067 1401 haec
1083 1372 1297 1402 commutatio,
1334 1373 1463 1403 Hiscere
1479 1382 1536 1402 au-

803 1427 879 1459 tem,
904 1421 1012 1452 Nonio
1035 1422 1191 1452 Marcello
1205 1422 1385 1462 interprete,
1408 1424 1439 1454 ii.
1464 1428 1535 1455 400.

805 1476 828 1492 “
845 1480 891 1503 est
905 1474 1029 1513 proprie
1043 1473 1162 1514 loqui.'’
1192 1474 1234 1504 In
1250 1485 1313 1516 quo
1328 1481 1435 1506 tamen
1451 1475 1535 1516 glos-

805 1529 922 1554 semate
934 1527 1073 1567 ακριξειαιν
1082 1526 1279 1566 grammatici
1288 1526 1444 1557 desidero:
1462 1537 1538 1557 nam

805 1577 887 1607 hisco
904 1576 990 1606 venit
1006 1578 1045 1607 ab
1060 1579 1122 1616 hio,
1145 1588 1216 1619 quae
1230 1588 1290 1608 vox
1313 1579 1417 1618 ipsum
1440 1589 1537 1619 nego-

805 1626 886 1657 tium
902 1627 1062 1666 aperiendi
1084 1628 1148 1658 oris
1169 1628 1210 1659 ad
1230 1629 1426 1670 loquendum
1447 1640 1537 1660 exac-

805 1678 924 1708 tissime
941 1678 1094 1710 daecribit.
1122 1680 1283 1712 Glossator
1297 1687 1386 1712 vetus
1401 1682 1539 1721 optimus

807 1730 957 1769 interpres
973 1731 1084 1761 aderit:
1105 1734 1128 1750 “
1141 1734 1282 1770 Hiscere,
1299 1747 1460 1775 κεχῃνεναι,
1478 1747 1538 1764 επι-

809 1785 832 1800 “
847 1795 978 1824 χειρησαι
990 1783 1154 1816 λαλῆσαι.”
1179 1784 1275 1814 Unde
1286 1785 1441 1826 Virgilius
1452 1795 1540 1825 egre-

810 1834 871 1875 gie,
895 1835 970 1866 AEn.
986 1835 1030 1866 iii.
1045 1839 1118 1867 514.

1161 1910 1215 1935 Vix
1226 1917 1313 1943 pauca
1324 1911 1426 1936 furenti

873 1947 986 1978 subjicio
995 1956 1003 1977 ;
1020 1951 1048 1973 et
1060 1948 1133 1979 raris,
1150 1951 1284 1980 turbatus,
1300 1951 1411 1976 vocibus
1420 1951 1499 1979 hisco,-

809 2017 828 2048 i.
859 2028 885 2048 e.
918 2020 968 2048 hio
995 2020 1107 2059 mag-is,
1131 2032 1226 2062 quam
1248 2022 1369 2063 loquor.
1416 2023 1541 2054 Servius

810 2069 941 2101 ibidem:
973 2074 995 2089 “
1025 2073 1155 2104 Hiscere
1185 2080 1231 2104 est
1255 2077 1354 2113 hiare,
1378 2085 1435 2105 nec
1457 2075 1543 2116 loqui

812 2125 834 2140 “
849 2131 954 2161 posse:
980 2133 1066 2162 nam,
1089 2125 1143 2165 qui
1159 2125 1296 2156 nimium
1312 2133 1454 2163 moerent,
1473 2138 1543 2167 prae

812 2176 834 2192 “
851 2174 1051 2215 singultibuS‚
1068 2186 1121 2207 ore
1132 2177 1227 2208 etiam
1237 2185 1353 2218 aperto,
1370 2180 1462 2209 verba
1473 2178 1544 2209 red-

813 2228 836 2244 “
852 2225 926 2257 dere
955 2238 1021 2257 non
1045 2229 1205 2268 possunt.”
1251 2231 1303 2261 Ita
1315 2232 1544 2271 ssupplendum

812 2288 876 2309 esse
891 2280 950 2310 hoc
966 2280 1121 2321 glossema
1138 2292 1258 2313 censeo.
1306 2284 1488 2321 Diomedes
1505 2285 1545 2315 de

813 2335 889 2360 orat.
916 2330 937 2360 i.
964 2341 993 2370 p.
1020 2335 1092 2363 534.
1116 2337 1139 2351 “
1156 2335 1285 2366 Hiscere
1306 2345 1388 2372 vero,
1409 2336 1547 2375 incipere

817 2384 839 2399 “
858 2381 974 2421 loqui.”
1020 2383 1079 2413 Est
1100 2390 1207 2415 autem
1229 2386 1332 2416 tritius
1347 2387 1546 2425 vocabulum,

818 2442 914 2472 quam
929 2433 1012 2473 quod
1028 2445 1060 2465 se
1075 2435 1216 2474 pluribus
1231 2437 1356 2477 exponi,
1379 2437 1427 2467 vel
1439 2437 1546 2468 defen-

822 2483 862 2519 di,
884 2484 1030 2523 postulet.

865 2535 939 2566 Ver.
967 2541 1016 2568 66.
1048 2549 1169 2570 eorum:
1195 2539 1311 2570 scilicet
1333 2543 1356 2558 “
1371 2550 1548 2579 corporum,

823 2589 846 2604 “
863 2586 913 2616 vel
927 2587 1169 2626 superficierum,
1195 2590 1281 2620 unde
1304 2591 1353 2620 hae
1377 2591 1549 2630 particulae,

823 2641 846 2656 “
863 2648 900 2668 ex
915 2639 1028 2679 quibus
1040 2640 1193 2681 imagines
1203 2648 1356 2681 constant,
1373 2648 1446 2672 sunt
1456 2642 1549 2673 emis-

823 2692 844 2707 “
860 2699 916 2719 sae:
943 2700 980 2720 eo
995 2691 1105 2722 ordine
1120 2692 1274 2722 nimirum
1304 2695 1368 2728 Quo
1379 2693 1549 2734 fiacr-int:'’

821 2739 840 2769 i.
859 2750 884 2770 e.
908 2750 1002 2780 quem
1028 2742 1114 2780 prius
1138 2743 1304 2780 habebant,
1327 2754 1424 2785 quam
1448 2744 1551 2776 evola-

822 2797 900 2821 rent.
937 2792 1032 2822 Mens
1044 2793 1182 2824 Lucretii
1197 2794 1322 2834 plenius
1336 2795 1492 2826 declarata
1507 2802 1553 2826 est

821 2842 855 2872 in
883 2842 966 2873 notis
988 2844 1029 2874 ad
1057 2855 1117 2875 ver.
1141 2848 1192 2876 34.
1237 2846 1319 2877 Haec
1350 2853 1456 2877 autem
1479 2857 1553 2877 cum

823 2893 956 2926 editores
965 2895 1132 2927 habuerint
1145 2897 1276 2928 minime
1285 2905 1454 2939 perspecta,
1467 2908 1551 2928 com-
