1912 3292
369 205 436 249 90

516 330 696 374 Dissolvi
717 344 856 373 sensus
875 331 1002 373 animi
1021 330 1187 381 fateare,
1209 344 1372 373 necesse
1391 337 1465 379 est,

519 406 659 462 Atque
678 405 878 455 animam3
911 405 1107 461 quoniam
1127 404 1347 459 conjuncta
1371 412 1431 445 est
1451 417 1591 445 caussa
1610 403 1782 448 duobus.

575 479 784 535 Denique,
806 493 933 536 quom
953 492 1101 533 corpus
1121 485 1297 533 nequeat
1315 476 1496 532 perferre
1515 478 1671 520 animai·

406 557 489 594 580
519 553 768 604 Discidium,
790 553 890 610 quin
910 553 953 594 in
974 559 1082 594 tetro
1101 551 1280 594 tabescat
1299 550 1446 602 odore3

519 628 636 677 Quid
655 628 835 679 dubitas,
856 629 973 684 quin,
995 641 1049 669 ex
1069 627 1154 667 imo
1173 627 1417 682 penitusque
1437 634 1595 678 coorta,

521 702 751 752 Emanarit,
773 703 859 744 utei
877 702 1028 752 fumus,
1051 700 1199 743 diffusa
1219 701 1371 743 animae
1391 699 1472 741 vis?

419 873 495 903 Vor-
522 875 594 904 575.
616 875 766 913 corporis:
803 878 837 904 Δ.
860 885 983 914 corpore
1005 875 1059 905 ab:
1084 874 1105 904 i.

381 934 407 955 e.
435 927 458 943 “
473 933 602 963 corpore
617 924 755 955 resoluto
768 926 808 955 ab
822 926 910 956 omni
925 926 1104 966 tegmine:”

376 975 482 1006 nescio
495 985 537 1005 an
553 985 618 1006 non
634 975 816 1016 elegantius.
863 976 1005 1012 Sabinus,
1017 976 1104 1016 epist.

377 1031 428 1058 66.

377 1099 478 1126 Retulit
489 1099 533 1124 illa
545 1099 643 1125 domus
659 1099 754 1125 eadem
773 1098 861 1130 mala;
878 1105 978 1131 meque
995 1105 1108 1131 queren-

499 1143 559 1165 tem

407 1180 499 1212 Fugit,
509 1180 541 1204 ab
552 1180 673 1212 amplexu
684 1183 726 1205 ter
737 1179 846 1205 resoluta
857 1186 930 1206 meo.

378 1243 484 1280 Quem
499 1253 622 1273 versum
634 1243 790 1274 Heinsius
800 1253 857 1280 pro
869 1242 960 1274 solito
968 1250 1107 1280 venuste,

377 1294 432 1326 sed
448 1295 562 1325 frustra
576 1295 683 1332 etiam,
703 1295 851 1325 tentabat.

421 1345 496 1377 Ver.
512 1349 584 1377 576.
614 1347 758 1386 Tegmine
773 1347 924 1386 corporis.-
949 1345 969 1376 i.
991 1356 1018 1377 e.
1039 1355 1107 1377 cor-

377 1405 454 1436 pore
470 1402 609 1438 tegente;
625 1396 711 1437 quod
727 1396 898 1433 Arnobius‚
914 1396 966 1428 lib.
982 1397 1001 1428 i.
1017 1408 1046 1437 p.
1055 1401 1107 1428 37.

378 1455 495 1489 tegmen
509 1451 649 1480 meerioe
661 1451 817 1481 solidioris
831 1448 1008 1489 appellavit.

423 1501 498 1532 Ver.
515 1504 587 1532 580.
603 1502 802 1533 Discidium:
823 1501 860 1532 P.
877 1503 1110 1532 Difficilium.—

379 1553 454 1592 quz'n
464 1566 474 1582 .-
497 1552 539 1583 V.
554 1552 602 1583 ed.
617 1555 750 1593 quando.
795 1552 839 1584 Et
853 1552 897 1583 sic
912 1563 1022 1583 omues
1036 1563 1110 1583 nos-

379 1604 434 1634 tri:
461 1609 542 1635 tacet
570 1605 810 1644 Havercampus
829 1604 870 1635 de
891 1605 928 1635 L.
945 1605 993 1635 M.
1019 1604 1113 1635 Idem

379 1661 425 1686 est
441 1669 475 1687 το
488 1658 520 1688 vi
541 1656 609 1687 cod.
634 1658 670 1687 B.
697 1657 840 1697 quamvis
865 1657 899 1688 id
923 1657 1112 1688 Creechium

378 1705 518 1737 latuerit:
539 1707 591 1737 adi
608 1707 638 1737 ii.
654 1711 724 1739 196.
741 1711 814 1738 237.
837 1707 957 1749 Vulgo,
970 1710 1012 1739 id.
1034 1709 1112 1740 Jam

379 1767 452 1788 vero
477 1759 511 1789 in
538 1764 638 1797 potest
662 1770 750 1790 cum.-
776 1759 901 1801 perlege
918 1759 1012 1798 dicta,
1035 1760 1076 1791 ad
1091 1761 1111 1791 i.

380 1811 455 1838 881.
480 1813 552 1841 994.
576 1810 606 1842 ii.
626 1812 696 1841 167.
723 1811 893 1849 Caeterum,
920 1811 983 1841 nisi
1007 1811 1111 1850 fallor,

378 1860 460 1891 illud
476 1863 510 1892 in
527 1871 584 1900 pro
597 1864 642 1893 vis
657 1861 763 1893 locum
777 1863 809 1894 J.
828 1863 1050 1904 obsequentis,
1072 1863 1113 1894 de

379 1911 524 1952 prodigg.
547 1913 729 1953 gravissime
755 1914 903 1953 corrupit,
926 1913 970 1944 sic
984 1925 1112 1946 emacu-

381 1961 526 2001 landum,
541 1970 613 1995 sect.
629 1964 710 1995 cxiii.
735 1968 758 1983 “
775 1965 947 1996 Medorum
966 1968 1011 1997 vis
1028 1969 1112 1997 Ma-

383 2016 406 2032 “
422 2016 580 2046 codonium
622 2018 731 2056 ingens
760 2016 955 2055 provinciam
985 2023 1114 2048 cruente

383 2066 407 2083 “
421 2065 581 2096 vastavit.”
628 2066 748 2108 Vulgo,
772 2069 805 2098 in
823 2068 1008 2100 Macedonici
1029 2081 1114 2109 gens.

383 2115 436 2146 Ita
459 2116 493 2147 in
513 2123 583 2148 sect.
611 2117 734 2149 cxxviii.
772 2121 961 2159 “ingentem
991 2120 1112 2160 vipera-

383 2169 407 2186 “
422 2178 494 2199 rum
519 2172 578 2201 vim
589 2171 618 2200 :”
641 2176 672 2200 et
695 2176 766 2201 sect.
793 2181 881 2202 cxxx.
915 2177 935 2190 ·‘
949 2171 1112 2203 vulturum

384 2219 407 2237 ‘⁸
424 2221 532 2260 ingens
547 2222 618 2252 vis-’¹

383 2295 386 2299 .
428 2271 510 2303 Ibid.
532 2278 607 2304 tetro
623 2274 753 2305 tabescat
768 2276 866 2305 odore.
903 2274 1026 2305 Pariter
1041 2273 1114 2306 Vir-

385 2323 491 2363 gilius,
509 2325 584 2356 [En.
599 2325 642 2357 iii.
663 2330 734 2357 228.

549 2395 611 2417 tum
622 2399 680 2418 vox
691 2396 783 2418 tetrum
795 2394 852 2419 dira
862 2393 933 2420 inter
942 2394 1050 2419 odorem.

387 2448 540 2481 Aurelius
571 2451 694 2490 Victor,
724 2452 764 2483 de
799 2453 879 2484 Caes.
907 2453 1010 2484 xxxix.
1045 2456 1118 2484 1.—

387 2503 410 2518 “
426 2503 516 2533 odore
543 2503 760 2535 tabescentium
791 2505 991 2535 membrorum
1018 2505 1119 2536 scelus

389 2554 412 2570 “
428 2554 587 2592 proditum
602 2556 679 2587 est.’'

395 2607 538 2640 Tabe-scat
558 2615 676 2649 autem,
703 2625 930 2651 κατατηκηται,
954 2612 1116 2654 liquescat,

390 2655 522 2697 diffluat,
550 2666 582 2691 et
606 2661 744 2693 solvatur
765 2663 799 2692 in
829 2662 983 2694 tellurem.
1030 2664 1119 2695 Hinc

392 2706 519 2746 Statius,
544 2711 643 2743 Theb.
665 2713 717 2744 xii.
739 2717 812 2746 209.
835 2714 947 2745 vitiosz'i
973 2715 1118 2754 lectione,

391 2757 491 2789 doctis
506 2763 655 2794 omnibus
669 2765 879 2804 consensuris,
895 2765 991 2796 levari
1005 2771 1116 2807 potest.

391 2809 445 2841 De
462 2813 560 2854 Argiai
576 2815 715 2856 loquitur
729 2817 784 2848 alti
798 2818 923 2858 spiritus
945 2820 1048 2860 po'eta,
1071 2820 1119 2851 sui

393 2861 555 2904 Polynieis
574 2867 703 2900 cadaver
723 2870 943 2911 investigante:

869 196 930 244 T.
983 196 1366 248 LUCRETII

1177 874 1266 902 Anne,
1278 872 1328 901 ait,
1345 870 1452 896 hostiles
1463 876 1514 902 ego
1524 872 1553 895 te
1562 870 1661 895 tabente
1669 876 1717 903 per
1727 876 1815 903 agros,

1181 914 1238 938 Heu
1250 913 1340 939 dolor!
1355 916 1524 945 exspectem,
1533 919 1662 945 quaenam
1670 914 1802 939 sententia
1810 912 1889 953 lenti!

1178 953 1313 978 Theseos?
1884 957 1889 966 ·

1149 1031 1249 1069 Libri,
1263 1033 1380 1064 labente
1385 1049 1396 1071 ;
1420 1039 1452 1064 et
1462 1033 1506 1063 sic
1520 1033 1708 1070 scholiastes,
1722 1032 1778 1074 qui
1792 1032 1891 1065 haud·

1150 1083 1246 1114 dubie
1275 1090 1381 1115 tamen
1409 1084 1550 1125 ejusdem
1577 1084 1743 1116 medicinae
1771 1088 1890 1126 egeat&

1151 1137 1175 1153 “
1197 1136 1346 1166 Tabeme:
1364 1135 1384 1166 i.
1399 1145 1425 1166 e.
1442 1135 1626 1176 putiscente,
1638 1136 1671 1166 in
1686 1137 1794 1166 tabum
1805 1137 1890 1167 abe-0

1153 1189 1176 1205 “
1191 1186 1298 1217 unte.”
1345 1187 1434 1218 Huic
1448 1187 1635 1227 expositioni
1651 1201 1686 1218 ero
1699 1189 1816 1219 labente
1831 1187 1889 1219 ni·-

1152 1240 1197 1270 hil
1212 1239 1356 1281 quadrat:
1383 1240 1455 1271 vide
1478 1250 1537 1271 nos
1558 1241 1600 1272 ad
1620 1241 1640 1271 i.
1656 1244 1730 1273 806.
1774 1241 1881 1272 Locm

1153 1292 1353 1332 Quintiliani,
1369 1293 1500 1325 declam.
1515 1293 1554 1325 vi.
1567 1297 1599 1324 5.
1620 1304 1716 1334 quem
1734 1294 1794 1325 viri
1807 1303 1881 1325 eru-

1151 1343 1209 1374 diti
1224 1354 1289 1374 non
1304 1344 1414 1375 inscite
1428 1350 1563 1383 tentant,
1579 1355 1612 1375 se
1625 1344 1778 1384 fortassis,
1792 1345 1887 1376 aliter

1151 1395 1260 1434 positis
1273 1395 1536 1434 distinctionibus,
1558 1397 1638 1426 bene
1652 1396 1734 1426 tueri
1749 1396 1878 1436 poterit:

1153 1450 1176 1465 “
1191 1447 1213 1479 J
1216 1447 1325 1478 uveuis
1336 1447 1511 1487 insepultus
1520 1447 1732 1488 jacet—Jam
1743 1447 1885 1479 hominis

1155 1501 1178 1518 “
1194 1498 1329 1540 figuram
1343 1505 1480 1530 vetustas
1490 1509 1570 1539 pene
1579 1499 1786 1538 consumpsit:
1801 1499 1884 1541 jam,

1155 1551 1280 1582 “lenta
1307 1553 1398 1588 tabes,
1428 1551 1463 1582 in
1481 1556 1600 1582 terram
1621 1550 1791 1582 defluxit:‘’
1814 1551 1835 1582 i.
1855 1561 1885 1586 e.

1155 1602 1235 1633 nihil
1251 1603 1312 1633 nisi
1327 1604 1425 1640 tabes;
1450 1603 1484 1633 in
1499 1604 1605 1634 tabem
1619 1603 1755 1640 evanuit.
1799 1604 1852 1635 Bu

1154 1664 1292 1685 mannus
1302 1660 1334 1685 et
1343 1653 1598 1690 Almeloveenus,
1607 1653 1690 1685 tenui
1702 1655 1778 1686 tube.
1803 1654 1853 1686 Sci

1155 1711 1205 1737 cat
1219 1706 1316 1737 lector
1330 1705 1480 1737 eruditus.

1156 1767 1268 1805 Porro,
1280 1766 1353 1797 hinc
1368 1767 1448 1798 dixit
1462 1766 1606 1805 Plautus,
1622 1765 1710 1798 Trin.
1728 1766 1761 1797 ii.
1778 1770 1807 1798 4.
1832 1769 1882 1800 91.

1155 1822 1289 1851 salillum
1304 1822 1432 1859 am'moe,
1453 1820 1539 1861 quod
1561 1820 1599 1851 eft
1619 1820 1708 1861 quasi
1721 1821 1846 1852 condiat

1156 1884 1277 1914 corpus,
1294 1880 1325 1905 et
1333 1886 1352 1905 a
1362 1874 1530 1915 putredine
1540 1874 1735 1906 defendatur.
1768 1873 1880 1907 videm

1160 1924 1322 1956 Cleanthis
1338 1925 1458 1957 dictum
1473 1926 1513 1958 de
1523 1937 1588 1964 sue,
1599 1925 1649 1956 vel
1662 1925 1839 1966 Chrysippi,
1850 1931 1880 1970 ψ

1156 1977 1285 2017 quidam
1298 1977 1420 2016 volunt,
1436 1978 1521 2018 apud
1538 1977 1638 2009 Clem.
1653 1977 1706 2009 Al.
1717 1983 1824 2008 strom.
1835 1976 1879 2008 vii.

1158 2031 1187 2058 6.
1210 2033 1241 2058 et
1266 2027 1330 2058 Cic.
1353 2034 1416 2058 nat.
1432 2028 1483 2059 dd.
1498 2028 1532 2059 ii.
1549 2032 1600 2060 64.
1633 2028 1745 2070 Neque
1764 2028 1827 2059 aliu
1846 2027 1878 2067 dg

1159 2081 1268 2112 caussa
1290 2082 1466 2113 nominavit
1496 2083 1639 2115 Christus
1667 2084 1823 2124 apostolos
1852 2097 1877 2116 e·

1155 2135 1234 2169 ἅλας
1252 2148 1303 2168 τῆς
1321 2148 1390 2175 γης,
1415 2135 1507 2166 Matt.
1530 2146 1557 2167 v.
1585 2139 1631 2167 13.
1655 2137 1695 2167 ob
1717 2136 1833 2168 salutar

1158 2185 1307 2216 doctrinae
1323 2197 1387 2216 suae
1402 2186 1467 2216 vim
1489 2187 1617 2226 scilicet,
1640 2187 1681 2219 ad
1703 2197 1803 2228 propu

1158 2237 1231 2268 dam
1246 2238 1414 2270 hominum
1428 2239 1647 2270 tabitudinem.
1695 2241 1805 2271 Ammi

1160 2289 1377 2328 Marcellinus,
1398 2289 1459 2320 xix.
1475 2294 1573 2322 9.—“
1589 2296 1768 2322 nostrorum
1789 2293 1875 2324 cada·

1161 2344 1182 2359 ‘⁵
1197 2352 1267 2372 vera
1283 2351 1356 2371 mox
1371 2351 1526 2374 caesorum
1536 2342 1685 2374 fatiscunt
1695 2349 1727 2374 et
1736 2345 1873 2384 defluunt

1162 2396 1184 2411 “
1199 2393 1278 2425 adeo
1293 2399 1330 2424 ut
1344 2393 1463 2424 nullius
1477 2394 1594 2426 mortui
1609 2393 1704 2426 facies
1723 2400 1794 2434 post
1806 2405 1872 2436 qun

1162 2447 1184 2462 “
1202 2444 1343 2475 triduum
1353 2451 1551 2486 agnoscatur:
1571 2445 1807 2477 interfectorum
1815 2455 1872 2483 ven

1163 2497 1185 2513 ‘⁶
1202 2495 1370 2527 Persarum
1393 2497 1573 2528 inarescunt
1588 2497 1621 2528 in
1641 2497 1775 2528 modum
1798 2497 1870 2538 stili

1163 2549 1186 2564 “
1202 2552 1272 2576 tum
1284 2557 1422 2587 corpora,
1432 2554 1469 2578 ut
1478 2558 1535 2579 nec
1542 2550 1728 2589 liquentibus
1736 2549 1870 2587 memhris

1164 2601 1186 2616 “
1202 2609 1259 2629 nec
1275 2600 1360 2630 sanie
1382 2601 1518 2641 perfusa,
1533 2600 1743 2632 madescanss'
1789 2597 1870 2646 Lege

1162 2650 1317 2691 diffluunt.

1206 2709 1280 2740 Ver.
1306 2714 1380 2742 581.
1413 2714 1507 2752 quin.-
1537 2711 1578 2742 V.
1609 2711 1656 2743 ed.
1679 2713 1867 2753 quondm—⁴

1162 2761 1240 2792 imo:
1265 2762 1308 2792 sic
1323 2762 1382 2793 soli
1404 2762 1442 2794 P.
1459 2763 1496 2793 B.
1520 2766 1555 2794 Σ.
1574 2762 1685 2804 reliqui
1711 2772 1830 2799 omnes,
1848 2758 1866 2794 ’e

1165 2814 1241 2850 imo,-
1264 2820 1376 2853 praeter
1402 2821 1444 2847 11.
1469 2826 1503 2847 ea
1519 2825 1599 2853 unm·
1625 2814 1665 2847 Ο.
1690 2827 1726 2847 er
1749 2826 1825 2852 ww,-
1844 2808 1865 2847 ,C

1163 2867 1292 2897 eanimo.
