1912 3292
325 191 414 233 156

802 184 864 232 Τ.
913 181 1289 232 LUCRETII

473 322 504 343 “
527 317 583 358 Et
601 331 687 359 non
707 316 862 366 omnia,
883 323 1095 372 pertusum
1114 321 1308 372 congesta
1327 316 1443 370 quasi
1461 318 1505 357 in
1525 333 1610 368 vas,

357 395 440 433 950
472 397 503 418 “
526 390 746 433 Conmoda
764 391 1011 447 perfluxere,
1033 398 1155 446 atque
1175 390 1338 446 ingrata
1357 390 1567 442 interiere3

327 545 467 578 fortassis
480 547 661 588 exquisitior
675 554 732 584 est,
759 553 791 579 et
804 559 938 579 acumen
960 548 1053 579 libra-

326 597 446 629 riorum
461 599 567 630 minus
581 600 671 640 sapit:
698 600 768 631 vide
782 611 874 640 supra
899 601 992 639 dicta,
1014 600 1054 631 ad

327 658 389 681 ver.
405 653 480 682 367.
504 656 536 681 et
557 661 595 681 ex
621 651 718 682 altera
738 662 813 682 sane
838 658 924 691 parte
949 651 1053 681 imita-

327 700 447 731 tionem
463 701 682 740 Papinianum,
699 702 799 733 Theb.
814 703 853 733 vi.
866 706 916 733 85.

368 751 444 782 Ver.
462 755 533 783 948.
558 752 718 793 Quicquid
732 754 849 794 ubique
871 759 918 784 est
932 753 1054 784 Latini-

326 805 407 842 tatis,
424 805 503 834 nihil
518 806 613 836 habet
627 806 811 847 elegantius,
827 818 890 849 quo
904 819 937 839 se
948 809 1054 849 jactet,

325 865 421 896 quam
436 864 541 885 versus
554 866 660 886 coram
671 858 770 895 nobis,
781 859 966 900 conjecturis
977 860 1056 890 meis

326 916 364 936 ex
374 912 461 945 parte
471 907 691 939 concinnatus:
711 919 787 940 nam
797 911 830 941 in
841 921 875 941 re
885 911 1054 951 deplorati,

326 962 358 987 et
380 957 521 988 numeris
546 959 775 999 corruentibus,
801 971 867 991 non
893 968 959 992 erat
981 961 1055 992 alibi

324 1008 508 1050 perfugium
522 1016 678 1050 paratum,
695 1011 755 1042 nisi
769 1012 804 1042 in
819 1013 964 1043 acumine
979 1023 1054 1054 qua-

323 1059 485 1102 licumque
507 1062 725 1094 emendatoris.
770 1063 848 1094 Post
873 1074 968 1105 quam
993 1064 1055 1094 lec-

326 1115 420 1146 tionis
434 1115 617 1149 varietatem
633 1117 894 1156 recensuerimus,
920 1118 1056 1148 rationes

324 1167 566 1201 constructionis
588 1168 838 1201 declarabuntur.
882 1170 1055 1206 Nimirum,

325 1217 360 1248 in
378 1217 417 1249 0.
435 1223 469 1249 Δ.
490 1223 524 1251 Σ.
540 1229 646 1250 versus
660 1220 704 1250 ita
723 1221 880 1252 scribitur:

357 1286 425 1310 Nam
436 1286 485 1310 tibi
496 1290 572 1318 grata
584 1286 635 1312 suit
648 1288 704 1313 vita
714 1291 778 1314 antc
787 1292 849 1314 acta
860 1289 984 1322 priorque
991 1300 1000 1322 ;

325 1342 405 1382 pede
430 1343 585 1375 deficiens
632 1345 761 1387 Integer
775 1348 929 1388 evaderet,
953 1360 1055 1392 neque

325 1394 521 1434 invenustus,
546 1395 641 1427 modo
671 1397 779 1429 liceret
802 1400 891 1431 nobis
916 1401 1055 1442 interpo-

325 1455 400 1476 nere
415 1457 440 1477 ει
449 1460 460 1476 .·

355 1518 425 1542 Nam
436 1517 485 1543 tibi
496 1521 572 1550 grata
583 1519 637 1544 fuit
646 1520 668 1545 si
682 1521 738 1546 vita
747 1525 811 1548 ante
820 1525 883 1548 acta
898 1522 1038 1555 priorque:

326 1583 419 1618 atquc
442 1577 483 1608 ad
507 1579 589 1609 hanc
616 1589 762 1610 normam
776 1581 877 1622 vulgo
897 1582 977 1613 solet
991 1582 1054 1621 edi,

322 1629 522 1667 transpositis
544 1629 744 1661 solummodo
758 1632 877 1662 voculis
890 1636 920 1664 si
933 1639 964 1663 et
978 1635 1035 1664 tibi
1039 1647 1050 1665 .-

323 1678 379 1709 sed
407 1679 576 1710 meliorum
606 1680 753 1711 codicum
778 1683 956 1714 testimonia
981 1685 1055 1715 huic

323 1729 540 1761 constitutioni
564 1731 670 1762 versus
697 1734 897 1765 vehementer
922 1737 1053 1768 obstant.

323 1783 410 1813 —si.·
439 1781 526 1812 deest
541 1783 577 1814 P.
593 1783 692 1815 Vind.
707 1784 746 1816 L.
767 1785 816 1816 M.
833 1793 873 1817 Π.
892 1793 1055 1828 ,ηρ-ἕνα-

324 1839 406 1864 tum.-
431 1834 475 1864 sic
489 1834 556 1865 sola
571 1835 613 1866 v.
629 1836 676 1867 ed.
701 1837 842 1872 Quidam
858 1839 910 1869 Pii
925 1832 1054 1877 &odie-es,

319 1887 430 1925 gratis,
454 1891 490 1915 ut
513 1885 612 1918 Vind.
639 1887 676 1917 L.
695 1888 744 1918 M.
772 1895 812 1919 Π.
830 1896 875 1920 Ω.
897 1901 967 1931 quae
983 1901 1054 1931 vox,

323 1936 385 1966 nisi
400 1935 486 1968 idem
500 1937 584 1976 apud
606 1938 751 1979 antiquos
773 1940 905 1972 valuerit
925 1955 967 1983 ιτῳ
978 1955 1053 1983 gra-

322 1995 383 2026 tus,
407 1989 497 2029 cujus
523 1989 759 2029 significationis
785 2003 842 2022 ncc
864 1993 965 2024 volam
997 2005 1054 2026 nec

325 2039 503 2080 vestigium,
515 2040 656 2081 undique
667 2041 831 2083 indagans,
847 2044 971 2075 odorari
983 2056 1053 2085 pos-

324 2101 411 2129 sum;
427 2091 495 2122 fieri
511 2093 630 2133 nequit,
646 2100 682 2124 ut
697 2095 862 2126 stationem
878 2107 968 2128 suam
985 2104 1053 2129 tue-

324 2147 408 2172 atur:
447 2143 483 2173 P.
506 2144 765 2186 grala.-—-ficerit:
803 2147 838 2178 P.
850 2149 967 2189 flumin
1001 2150 1053 2180 alii

323 2203 444 2231 omnes,
463 2195 548 2236 suit,
582 2196 704 2237 legibus
729 2199 819 2228 metri
850 2202 1054 2242 repugnanti-

325 2247 400 2277 bus:
426 2247 502 2286 quid
522 2257 593 2278 vero
618 2248 754 2288 facilius,
776 2261 871 2291 quam
897 2266 937 2293 τῳ
948 2253 1055 2294 fuerit

324 2297 459 2338 migrare
477 2298 611 2339 insuit?
636 2300 687 2330 De
714 2302 772 2331 hoc
794 2311 909 2342 genere
932 2305 1053 2335 aberra-

323 2350 427 2386 fionis,
451 2360 509 2380 nos
532 2351 685 2390 superius,
711 2353 752 2383 ad
775 2363 836 2384 ver.
862 2359 933 2386 804.
977 2357 1054 2387 Jam

322 2411 395 2431 vero
418 2408 543 2442 gratum
569 2413 641 2433 cum
666 2406 729 2435 vita
757 2405 851 2447 longe
874 2409 1052 2439 venustissi-

323 2463 414 2483 mum
439 2461 499 2483 est:
541 2455 622 2485 hanc
651 2461 758 2486 autem
784 2457 952 2489 formulam
979 2461 1054 2491 satis

323 2503 510 2543 agitavimus
525 2504 565 2534 ad
584 2505 656 2536 silv.
675 2507 751 2537 Crit.
768 2518 794 2538 ν.
811 2519 841 2547 p.
858 2513 908 2540 21.
931 2516 962 2540 et
971 2510 1053 2542 locos

323 2553 401 2583 inibi
417 2561 621 2594 memoratos3
645 2559 826 2598 exemplum
842 2565 947 2591 tamen
963 2561 1054 2594 liceat

324 2603 538 2644 Virgilianum
554 2607 637 2644 dare,
662 2618 700 2639 ex
716 2619 785 2650 geo.
801 2611 820 2641 i.
833 2615 886 2642 56.

323 2661 454 2695 Quidquid
463 2665 527 2696 eris3
540 2673 603 2691 nam
613 2670 637 2692 te
643 2674 694 2693 nec
705 2673 813 2701 sperent
823 2671 938 2696 'Tartara
950 2679 1055 2705 regem.

325 2710 504 2742 Gemellam
529 2716 660 2746 omnino
690 2717 882 2750 locutionem
912 2721 990 2760 redi,
1013 2721 1053 2752 ad

321 2772 383 2792 ver.
400 2765 450 2794 56.
466 2765 594 2805 hujusce
609 2767 688 2799 libri.

321 2816 480 2857 Denique,
504 2818 542 2849 de
568 2821 626 2852 hac
649 2824 818 2857 omissione
840 2827 914 2858 satis
936 2829 1052 2860 usitata

321 2869 350 2898 si
364 2867 604 2910 conjunctionis,
617 2873 722 2914 suerit
736 2877 803 2914 tibi,
825 2889 882 2917 pro
904 2882 932 2910 si
945 2880 1050 2921 fuerit

1096 547 1163 582 tibi,
1185 546 1290 576 videas
1309 546 1456 585 Statium,
1472 547 1537 578 silv.
1553 547 1572 579 i.
1589 552 1618 578 2.
1637 551 1707 579 152.
1724 549 1824 583 Theb.

1097 597 1128 626 ii.
1146 600 1219 627 242.
1245 597 1457 628 Claudianum
1479 598 1512 628 in
1537 599 1644 630 Rufin.
1663 599 1682 630 i.
1702 603 1771 631 103.
1793 607 1826 632 et

1098 648 1131 678 in
1161 648 1272 688 primis
1301 649 1394 679 Fabri
1432 649 1580 688 lexicum,
1618 651 1755 682 Ulitium
1784 653 1826 684 ad

1101 699 1189 730 Grat.
1206 709 1275 739 eyn.
1299 703 1348 730 60.
1374 710 1448 729 cum
1464 700 1650 731 Burmanno
1664 702 1737 733 ibid.
1753 706 1827 735 454.

1100 751 1189 782 Hinc
1204 751 1429 782 emaculandus
1444 757 1490 782 cst
1503 753 1642 789 Boetius
1658 764 1741 785 cons.
1750 755 1826 795 phil.

1097 803 1151 834 lib.
1166 803 1196 833 ii.
1213 814 1294 842 pros.
1309 807 1338 833 5.
1356 803 1422 833 init.
1447 807 1469 821 ‘⁶
1489 804 1575 835 Tum
1589 815 1661 846 ego:
1684 805 1827 845 Speciosa

1100 857 1123 872 “
1138 853 1265 894 quidem
1291 854 1349 884 ista
1385 857 1459 893 sint,
1492 855 1636 896 inquam;
1671 857 1828 898 oblitaque

1100 907 1122 923 “
1139 905 1300 935 rhetoricae
1315 915 1351 935 ac
1367 905 1495 936 musicae
1516 906 1622 938 melleci
1648 909 1830 946 dulcedine,-

1100 957 1123 973 “
1138 960 1208 985 tum
1236 961 1367 992 tantum,
1403 967 1477 987 cum
1511 958 1692 999 audiuntur,
1725 959 1827 990 delec-

1101 1009 1123 1025 “
1140 1006 1236 1037 tant.”
1281 1008 1392 1049 Vulgo
1407 1009 1560 1047 scribitur,
1583 1018 1663 1048 sunt,
1687 1018 1718 1042 et
1742 1014 1829 1043 ”telle

1097 1061 1290 1096 dulcedinis,·
1320 1061 1374 1092 sed
1389 1059 1468 1092 liber
1490 1062 1562 1094 MS.
1585 1063 1638 1094 dat
1659 1065 1828 1096 dulcedine.

1100 1111 1378 1147 Quemadmodum
1403 1114 1542 1152 profecto
1566 1125 1640 1145 mox
1663 1115 1716 1146 ille
1742 1116 1827 1147 idem

1100 1162 1222 1193 locutus
1237 1168 1294 1201 est,
1317 1164 1356 1194 ad
1368 1171 1441 1196 met.
1458 1165 1501 1195 iii.
1518 1168 1547 1196 7.

1193 1237 1275 1268 Spiret
1286 1237 1410 1262 insanum
1424 1238 1565 1263 nebulosus
1575 1242 1675 1269 auster.

1222 1278 1282 1307 Jam
1294 1278 1373 1309 spinis
1383 1278 1462 1303 abeat
1473 1280 1564 1304 decus.

1144 1339 1217 1370 Ver.
1231 1343 1305 1371 949.
1315 1347 1474 1380 pertusum
1487 1344 1520 1372 in
1531 1353 1591 1373 vas.
1615 1342 1667 1373 Ita
1682 1343 1826 1382 Plautus,

1099 1392 1211 1424 Pseud.
1228 1393 1246 1423 i.
1262 1397 1292 1424 5.
1312 1397 1379 1425 155.

1130 1469 1161 1491 ln
1179 1469 1310 1499 pertusum
1328 1467 1474 1499 ingerimus
1493 1468 1567 1494 dicta
1585 1469 1697 1495 dolium:
1715 1477 1826 1502 operam

1222 1505 1348 1530 ludimus.

1605 1540 1782 1582 Preigerus.

1101 1612 1252 1643 Conferas
1266 1612 1362 1644 etiarn
1378 1612 1504 1644 Terent.
1521 1615 1606 1645 Eun.
1625 1615 1643 1645 i.
1659 1619 1688 1646 2.
1706 1619 1757 1647 25.
1773 1617 1828 1657 qui

1098 1663 1185 1695 locus
1200 1665 1290 1695 valde
1306 1665 1465 1705 appositus
1479 1671 1538 1696 est:
1566 1666 1619 1698 sed
1641 1667 1682 1697 ad
1704 1667 1827 1698 Dana‘i-

1099 1716 1211 1747 darum
1227 1717 1365 1748 fabulam
1389 1718 1589 1757 potissimum
1606 1718 1729 1750 videtur
1749 1719 1828 1751 allu-
1879 1716 1884 1726 '

1099 1767 1173 1797 dere
1188 1767 1289 1807 po'eta,
1308 1768 1352 1798 sic
1367 1768 1414 1798 uti
1429 1779 1467 1799 ex
1479 1769 1643 1800 collatione
1658 1780 1719 1800 ver.
1737 1774 1828 1802 1022.

1101 1828 1173 1849 mox
1191 1819 1347 1849 venientis
1361 1819 1482 1860 liquido
1496 1820 1664 1852 lectoribus
1678 1823 1805 1861 patebit.

1141 1871 1218 1901 Ver.
1239 1874 1309 1903 950.
1331 1873 1490 1904 interiere:
1522 1879 1563 1904 Π.
1578 1876 1756 1912 σοηιενίενε,-
1782 1882 1827 1907 Ω.

1098 1923 1234 1953 interire.

1141 1972 1222 2003 Ibid.
1238 1974 1391 2004 Conmoda
1402 1976 1583 2016 perfluxere.
1608 1976 1759 2007 Similiter
1770 1977 1824 2008 Ci-

1097 2032 1178 2059 cero,
1200 2023 1240 2054 de
1254 2023 1330 2054 fimi.
1346 2025 1365 2054 i.
1384 2028 1502 2056 12.-“
1519 2035 1577 2056 nec
1592 2027 1761 2066 praeteritas
1774 2040 1824 2059 υσ-

1099 2078 1121 2092 “
1137 2076 1268 2114 luptates
1281 2076 1403 2117 ‹ffluere
1418 2077 1582 2116 patiatur.’'

1143 2125 1225 2156 Ibid.
1249 2128 1385 2166 ingrata.
1411 2128 1484 2158 Nou
1499 2129 1589 2159 aliter
1605 2130 1770 2167 Martialis,
1790 2130 1825 2162 in

1097 2176 1308 2216 pulcherrimo
1333 2188 1418 2217 saue,
1442 2180 1468 2209 si
1494 2180 1570 2221 quid
1594 2181 1727 2220 uspiam,
1750 2182 1823 2222 po'e-

1099 2227 1207 2266 menio,
1231 2238 1260 2259 x.
1278 2232 1327 2259 25.
1344 2232 1372 2260 5.

1130 2310 1337 2342 Praeteritosque
1349 2312 1403 2337 dies
1414 2316 1442 2338 et
1453 2315 1526 2338 tutos
1538 2314 1644 2346 respicit
1655 2321 1749 2346 annos,

1161 2351 1215 2376 Nec
1226 2351 1326 2376 metuit
1338 2352 1436 2378 Lethes
1444 2353 1500 2384 jam
1513 2355 1642 2386 propioris
1651 2361 1741 2386 aquas.

1130 2390 1208 2415 Nulla
1218 2391 1371 2416 recordanti
1380 2392 1430 2417 lux
1442 2397 1482 2418 est
1493 2393 1606 2426 ingrata,
1617 2395 1775 2426 gravisque3

1161 2431 1239 2456 Nulla
1250 2432 1332 2462 subit,
1348 2433 1423 2464 cujus
1434 2440 1488 2458 non
1499 2435 1652 2461 meminisse
1662 2436 1737 2461 velit.

1098 2501 1138 2531 In
1154 2503 1257 2541 primo
1273 2515 1361 2535 versu
1379 2519 1412 2537 ero
1426 2512 1505 2538 tutos
1527 2518 1624 2549 anuos¹
1639 2507 1744 2538 minus
1758 2508 1823 2548 pla-

1096 2558 1160 2590 cet;
1177 2553 1256 2584 forte
1271 2561 1371 2587 tulus:
1398 2557 1451 2587 sed
1467 2557 1629 2599 integrum
1644 2569 1766 2590 versum
1781 2559 1825 2590 ita

1097 2605 1201 2644 potius
1216 2612 1373 2636 recoctum
1389 2607 1496 2639 velim:

1159 2671 1354 2704 Praetem'tisque
1366 2674 1421 2699 dies
1431 2681 1464 2699 cx
1475 2678 1529 2701 tuto
1539 2676 1645 2708 respicit
1655 2677 1731 2701 anni:
1740 2685 1750 2701 .-

1096 2737 1167 2768 quae
1193 2737 1380 2767 pervenusta
1401 2742 1478 2770 esse,
1500 2743 1601 2774 neque
1626 2744 1670 2770 ea,
1697 2744 1768 2775 quae
1789 2734 1823 2766 in

1097 2786 1234 2819 receptas
1251 2781 1399 2813 lectiones
1421 2793 1484 2814 non
1503 2784 1595 2815 facile
1616 2792 1718 2816 essent
1731 2785 1824 2817 libra.

1095 2830 1150 2861 riis
1163 2833 1404 2873 contorquenda,
1427 2844 1530 2872 nemo,
1553 2836 1602 2866 his
1622 2838 1716 2868 rebus
1733 2847 1821 2868 exer·

1094 2882 1227 2920 citatior,
1257 2889 1288 2914 et
1315 2884 1543 2927 elegantiarum
1568 2897 1660 2919 sensu
1689 2889 1820 2928 pollens.
