1912 3292
818 210 878 259 T.
931 205 1309 256 LUCRETII

462 360 672 412 Quantula
691 358 808 401 sunt?
839 357 939 414 quid
958 363 1170 412 praeterea,
1201 352 1429 410 primordia
1449 365 1636 408 quaeque,

357 441 434 478 120
467 435 592 479 Unde
611 435 761 484 anima,
793 441 915 488 atque
935 430 1062 472 animi
1082 435 1239 470 constet
1258 435 1406 469 natura
1424 439 1634 468 necessum
1653 430 1729 475 est,

465 510 620 552 Nonne
639 509 766 559 vides,
787 521 911 564 quam
933 506 1013 547 sint
1032 503 1208 553 subtilia,
1239 516 1443 558 quamque
1462 497 1649 541 minuta?

523 584 742 633 Praeterea,
765 593 1065 638 quaequomque
1085 592 1159 619 suo
1179 575 1231 617 de
1251 588 1424 630 corpore
1443 573 1615 615 odorem

466 658 690 713 Exspirant
709 670 860 706 acrem,
882 668 1072 710 panaces,
1094 649 1298 692 absinthia
1318 655 1438 698 tetra,

465 731 775 786 Abrotoneique
794 743 952 786 graves,
984 735 1025 768 et
1043 726 1175 768 tristia
1193 731 1428 766 centaurea:

324 901 346 916 “
363 895 547 927 tenuitatem
562 893 726 935 nequeat.''
758 893 839 929 Quae
853 893 879 923 si
894 893 934 923 sit
949 902 1040 931 expe-

322 948 415 979 ditior
428 945 590 986 expositio,
616 955 708 975 sensu
728 944 811 974 vocis
828 945 946 984 partim
962 943 1044 973 inni-

323 999 409 1037 titur,
425 997 478 1039 qui
493 995 636 1036 exemplo
651 1001 746 1026 caret:
767 993 936 1034 amplector
950 993 1045 1035 igitur

321 1052 456 1092 priorem
471 1050 718 1091 explicationem.

365 1112 441 1142 Ver.
462 1114 530 1143 117.
555 1112 692 1142 Horum:
717 1110 761 1140 sic
773 1109 810 1140 P.
826 1109 862 1139 L.
875 1113 907 1139 et
921 1107 1047 1138 Nonius

323 1162 505 1198 Marcellus,
520 1162 566 1192 iii.
587 1165 655 1192 114.
679 1161 698 1192 i.
715 1171 743 1191 e.
772 1162 893 1191 Horum
910 1158 1047 1189 tantulo-

321 1226 394 1247 rum
409 1214 607 1245 animalium:
633 1213 687 1244 sed
710 1212 821 1253 reliqui
846 1221 954 1242 omnes
979 1210 1049 1241 libri

323 1274 355 1298 et
369 1269 557 1298 membranae
572 1271 709 1301 vetustae,
728 1266 870 1296 Harum:
899 1265 919 1294 i.
934 1274 962 1294 e.
979 1273 1048 1303 par-

323 1319 406 1350 tium
434 1318 590 1350 animalis:
630 1318 663 1348 in
693 1327 788 1358 quam
818 1316 984 1346 lectionem
1013 1320 1049 1345 ut

323 1371 534 1412 propendeam
549 1370 623 1401 facit
638 1376 684 1400 tot
694 1368 919 1408 exemplarium
934 1367 1047 1398 unani·

324 1424 431 1461 mitas;
457 1433 515 1454 nec
530 1421 657 1463 vulgata
670 1427 776 1452 tamen
792 1430 856 1450 non
871 1425 1047 1455 contentus,

324 1475 350 1505 si
365 1485 473 1505 verum
488 1473 585 1515 egerit
608 1472 646 1503 de
671 1470 777 1503 codice
800 1480 856 1501 suo
871 1469 908 1501 L.
925 1469 1048 1500 Haver-

322 1526 584 1566 campus—quod
608 1527 652 1556 vis
677 1525 767 1565 quale
789 1524 963 1563 putandum
986 1528 1044 1552 est:

323 1579 372 1610 M.
387 1589 445 1619 quo
460 1580 529 1619 quis
543 1579 644 1618 qualee
657 1577 844 1616 putandum.

368 1638 441 1669 Ver.
461 1641 528 1668 118.
544 1639 643 1668 cordis
652 1637 764 1676 globus.
789 1632 1051 1665 Animadvertant

322 1690 452 1720 lectores
465 1688 616 1720 laxiorem
626 1693 657 1718 et
667 1687 775 1717 minus
789 1690 969 1716 accuratum
984 1684 1048 1715 dic-

323 1740 416 1771 tionis
427 1731 531 1780 globus
547 1749 640 1769 usum
655 1737 694 1768 de
709 1739 809 1775 corde,
832 1735 883 1767 cui
909 1735 1048 1766 turbina-

322 1792 383 1823 tior
397 1797 444 1821 est
465 1790 582 1831 figura;
608 1788 662 1820 sed
684 1789 734 1819 hae
760 1788 919 1818 liberiores
944 1786 1049 1818 indul-

326 1844 441 1886 gentiae
455 1841 663 1874 concedendae
678 1848 752 1872 sunt
767 1840 874 1882 poetis,
890 1850 968 1881 quos
983 1849 1050 1869 me-

323 1897 364 1926 tri
392 1895 557 1927 necessitas
586 1899 720 1924 excusat.
766 1893 811 1923 Et
839 1898 926 1922 artus
955 1890 1050 1920 etiam

325 1946 452 1978 nomine
475 1956 531 1986 pro
565 1946 731 1976 minoribus
760 1945 900 1975 membris
929 1942 1050 1973 videtur

324 1998 423 2030 abuti:
443 1997 547 2028 videas
559 2007 610 2027 me
621 1996 661 2026 ad
677 1996 720 2026 iii.
736 1998 805 2026 152.
822 1995 861 2025 de
875 1993 1051 2024 differentia

323 2051 497 2086 verborum,
513 2048 585 2080 satis
599 2046 725 2089 quidem
742 2047 848 2077 lectori
863 2045 996 2086 cognita.

367 2109 441 2139 Ver.
458 2112 529 2139 120.
561 2109 687 2138 anima:
715 2106 754 2137 0.
782 2107 1049 2136 animan—neces-

324 2175 408 2195 sum:
425 2163 472 2193 Μ.
485 2167 519 2193 Σ.
534 2171 665 2197 neccsse5
683 2159 737 2190 sed
751 2160 801 2190 hic
817 2159 979 2199 vulgatum
993 2158 1049 2187 ha-

325 2216 377 2246 bet
391 2214 426 2244 in
440 2213 591 2254 margine.

366 2274 441 2304 Ver.
474 2277 544 2304 125.
575 2274 762 2312 Ειερὶναηι.·
800 2277 840 2301 n.
870 2271 1052 2310 Spu-ant.—

324 2337 443 2357 acrem:
469 2326 504 2356 P.
519 2326 617 2360 acrt's‚·
644 2324 683 2354 V.
699 2323 747 2353 ed.
764 2325 861 2353 aerem
871 2336 881 2357 ;
910 2322 946 2352 B.
962 2322 1051 2351 a'e'rt's.

325 2388 517 2418 -panaccs:
537 2377 572 2408 P.
582 2387 718 2416 panace5
745 2379 778 2406 Δ.
791 2376 1050 2414 panemos—ap·

323 2435 440 2463 sinthia
470 2431 565 2462 etiam
595 2431 632 2461 P.
673 2429 798 2469 propius
831 2428 872 2459 ad
904 2428 1050 2458 Graecum

330 2487 455 2523 αψυέον.

368 2543 448 2574 Ibid.
471 2553 571 2574 acrem
587 2544 723 2572 odorem:
748 2540 768 2570 i.
783 2550 809 2570 e.
824 2539 943 2582 δριμειαν
954 2537 1049 2577 obum-

326 2596 483 2632 acerbum,
505 2600 642 2630 acutum,
657 2593 704 2623 vel
720 2602 874 2623 amarum.
922 2589 1052 2624 Plinius,

327 2651 391 2675 nat.
408 2646 478 2677 hist.
494 2646 555 2676 xxi.
575 2649 621 2676 18.
652 2647 674 2663 ‘⁸
693 2644 892 2674 Abrotonum
914 2646 946 2671 et
966 2649 1051 2670 ama-

328 2699 351 2716 “
366 2706 454 2727 racus
468 2708 552 2728 acres
566 2697 683 2726 habent
696 2693 828 2726 odores.'’
846 2692 935 2723 Hinc
943 2700 1050 2722 emen-

328 2749 452 2780 datione
472 2749 566 2789 longe
590 2747 760 2779 certissima
777 2745 948 2786 Virgilium
965 2753 1049 2774 mac-

327 2800 474 2837 tabimus,
489 2799 528 2829 ad
547 2800 620 2830 AEn.
632 2799 683 2829 xii.
701 2801 772 2831 591.
787 2797 840 2828 ubi
856 2795 972 2826 menda
982 2795 1049 2836 jam

328 2850 496 2881 inoleverat
518 2855 607 2881 aetate
625 2850 733 2887 Servii,
757 2858 851 2889 quem
867 2847 988 2878 novitas
1003 2845 1047 2876 lo-

326 2902 461 2933 cutionis
474 2901 559 2932 haud
573 2900 680 2932 leviter
694 2900 853 2931 cruciavit:

1117 888 1232 912 Inclusas
1244 889 1274 912 ut
1286 893 1349 911 cum
1361 885 1494 910 latebroso
1505 882 1532 908 in
1543 882 1651 916 pumice
1665 884 1752 914 pastor

1118 926 1265 959 vestigavit
1276 933 1347 957 apeS,
1356 925 1487 956 fumoque
1497 923 1610 955 inplevit
1621 929 1722 950 amaro,-

1121 966 1178 990 lllae
1190 966 1275 994 intus,
1291 964 1404 995 trepida:
1416 969 1518 992 rerum,
1534 969 1581 994 per
1591 968 1667 987 cerea
1678 964 1764 986 castra

1118 1004 1286 1032 Discurrunt,
1297 1002 1454 1034 magnisque
1462 1003 1564 1025 acuunt
1573 1000 1729 1025 stridoribus
1738 1000 1797 1024 iras.

1119 1043 1243 1068 volvitur
1253 1049 1310 1067 acer
1320 1041 1381 1066 odor
1391 1040 1540 1066 tectis—.

1090 1115 1242 1157 Evulgari
1268 1114 1358 1152 solet,
1387 1119 1455 1144 ater
1483 1114 1565 1143 odor.
1613 1111 1658 1142 At
1685 1114 1819 1141 vesu-am

1092 1167 1198 1206 fidem,
1215 1165 1353 1206 Physici!
1379 1163 1468 1194 nobis
1483 1162 1660 1194 edissertate
1673 1161 1820 1203 quisnam

1092 1220 1132 1250 sit
1146 1219 1198 1250 ille
1213 1219 1342 1250 demum
1356 1224 1422 1248 ater
1436 1216 1534 1247 odor?
1561 1214 1612 1246 cui
1634 1220 1758 1255 gustum
1773 1215 1821 1245 al-

1091 1277 1169 1310 bum,
1185 1273 1383 1304 velauditum
1399 1271 1574 1306 caerulenm,
1590 1264 1720 1308 pulchre
1732 1277 1819 1298 com-

1092 1325 1278 1366 paraveritis.
1301 1326 1383 1356 Acer
1395 1323 1515 1362 utique,
1529 1320 1578 1351 vel
1588 1330 1686 1360 asper,
1699 1318 1734 1349 fit
1744 1316 1821 1350 odor

1090 1380 1130 1409 ob
1145 1378 1385 1409 amaritudinem
1408 1374 1579 1404 fumorum.
1625 1369 1819 1411 Propertius,

1090 1429 1121 1460 ii.
1140 1432 1188 1460 24.
1204 1432 1255 1459 50.
1271 1428 1365 1467 probe
1380 1429 1567 1464 apponetur:

1151 1497 1320 1529 pampineus.
1335 1494 1418 1524 nosti,
1432 1499 1514 1525 quam
1526 1492 1560 1517 sit
1570 1497 1676 1516 amarus
1685 1489 1756 1515 odor.

1093 1557 1244 1588 Acerbum
1255 1555 1369 1586 vociwt
1376 1552 1526 1584 Valerius
1537 1549 1679 1588 Flaccus,
1695 1549 1734 1579 iv.
1747 1550 1817 1580 493.

1123 1640 1233 1671 Fragrat
1243 1637 1346 1662 acerbus
1356 1636 1427 1666 odor,
1437 1634 1570 1668 patriique
1581 1631 1696 1665 exspirat
1705 1628 1806 1657 Averni

1123 1677 1299 1702 Halitus—.

1092 1750 1115 1782 J
1116 1758 1168 1780 am
1182 1758 1254 1779 vero
1268 1748 1366 1779 literae
1380 1757 1396 1778 c
1411 1752 1443 1777 et
1456 1753 1469 1777 t
1490 1744 1604 1786 passim
1619 1747 1820 1774 commutan-

1091 1807 1159 1838 tur;
1181 1810 1237 1830 nec
1252 1798 1382 1835 mirum,
1405 1807 1503 1838 quum
1518 1796 1582 1826 sint
1594 1793 1704 1825 formis
1719 1791 1818 1824 simil-

1093 1852 1191 1882 limae:
1217 1858 1431 1890 saepenumero
1460 1851 1698 1878 commutantur
1727 1844 1823 1874 etiam

1094 1913 1183 1933 voces
1197 1902 1327 1942 integra!
1341 1911 1412 1931 acer
1427 1905 1458 1930 et
1472 1905 1556 1929 nter.-
1574 1896 1644 1927 vide
1658 1905 1716 1926 nos
1726 1893 1766 1925 ad
1777 1892 1821 1924 iii.

1093 1959 1164 1986 502.
1181 1960 1211 1985 et
1225 1963 1332 1993 nuper,
1355 1951 1395 1982 ad
1411 1961 1469 1982 ver.
1487 1954 1536 1982 64.
1552 1950 1611 1980 hoc
1624 1948 1723 1984 libr03
1747 1954 1820 1976 cum

1094 2003 1362 2041 Drakenborchio‚
1385 2002 1424 2032 ad
1451 2001 1502 2032 Sil.
1535 2000 1575 2030 It.
1599 2009 1626 2028 v.
1653 1998 1723 2030 154.
1749 1995 1820 2026 xvii.

1094 2060 1165 2088 250.
1211 2055 1274 2092 Qui
1289 2058 1462 2094 sequuntur
1477 2058 1582 2082 autem
1598 2051 1683 2080 hunc
1696 2057 1820 2078 versum

1093 2118 1185 2149 porro
1199 2117 1298 2149 usque
1313 2105 1353 2137 ad
1375 2115 1434 2135 ver.
1459 2107 1529 2135 192.
1551 2101 1765 2133 desiderantur
1787 2098 1820 2129 in

1096 2160 1134 2190 V.
1150 2159 1199 2190 ed.
1216 2165 1246 2189 et
1263 2159 1299 2189 B.

1136 2211 1210 2240 Ver.
1228 2212 1298 2239 1‘24.
1315 2208 1492 2238 Abrotonei:
1512 2205 1549 2235 L.
1561 2204 1609 2234 M.
1627 2203 1817 2234 Habroeoni:

1093 2260 1148 2292 sed
1163 2259 1277 2291 laboris
1290 2263 1368 2288 esset
1383 2254 1620 2286 fastidiosissimi
1633 2252 1710 2283 tales
1721 2251 1819 2282 varie-

1094 2317 1171 2342 tates
1193 2311 1445 2341 membranarum
1471 2313 1610 2336 veterum
1632 2312 1820 2344 percensere,

1095 2373 1169 2394 nam
1184 2371 1316 2392 numero
1330 2365 1404 2391 sunt
1419 2356 1655 2389 innumerabili:
1681 2364 1821 2395 superse·

1095 2414 1234 2446 dendum
1264 2413 1367 2453 itaque
1397 2410 1585 2450 putavimus,
1612 2407 1672 2438 nisi
1701 2405 1822 2448 quoties

1095 2468 1134 2498 de
1164 2465 1235 2496 vera
1264 2462 1486 2505 orthographia
1515 2460 1598 2492 vocis
1627 2460 1719 2501 cujus
1747 2458 1823 2489 libet

1095 2520 1245 2549 hactenus
1259 2507 1444 2558 ambigatur.

1097 2571 1266 2609 Caeterum,
1289 2570 1329 2601 ad
1350 2571 1435 2600 hunc
1460 2567 1534 2599 Cari
1555 2575 1679 2598 versum
1702 2563 1821 2594 effictus

1095 2629 1143 2654 est
1155 2633 1239 2653 unus
1253 2621 1463 2663 virgilianus,
1485 2629 1553 2661 geo.
1568 2618 1608 2649 iv.
1623 2619 1703 2648 270.

1125 2695 1335 2727 Cecropiumque
1345 2695 1487 2727 thymum,
1505 2695 1530 2717 ee
1547 2695 1628 2723 grave
1644 2687 1744 2714 olentia
1762 2693 1820 2711 cen-

1201 2738 1301 2760 taurea.

1095 2798 1218 2830 Servius
1231 2797 1346 2828 ibidem
1361 2796 1400 2827 de
1417 2794 1590 2826 centaurio.-
1610 2794 1632 2810 “
1646 2790 1735 2821 Folia
1746 2793 1820 2820 sunt

1094 2851 1194 2881 “lata
1216 2855 1247 2879 et
1268 2849 1416 2889 oblonga,
1438 2851 1568 2883 serrata,
1591 2842 1710 2874 ambitu
1725 2841 1821 2872 densa

1094 2906 1116 2922 “
1132 2913 1151 2933 a
1175 2900 1350 2932 radice-.“
1399 2898 1528 2938 Corrige
1551 2902 1583 2927 et
1604 2894 1819 2926 constituet-—
