1912 3292
348 215 442 255 312

848 204 910 253 T.
962 203 1344 254 LUCRETII

376 343 460 379 630
491 338 663 388 Quanto
684 351 857 393 quaeque
877 338 1008 395 magis
1029 345 1125 379 sunt
1144 337 1362 394 asperitate
1381 337 1546 392 repleta.

494 412 676 462 Deinde,
698 411 884 467 voluptas
904 420 964 453 est
983 427 1007 454 e
1027 427 1139 462 suco,
1173 412 1256 454 fine
1274 411 1417 468 palati;

495 486 637 535 Quom
657 499 755 527 vero
774 485 966 527 deorsum
986 501 1061 541 per
1080 486 1215 528 fauces
1235 485 1522 541 praecipitavit,

493 560 618 602 Nulla
636 560 822 615 voluptas
843 568 917 609 est,
949 560 1049 601 dum
1069 560 1226 601 diditur
1246 560 1382 601 omnis
1401 561 1445 600 in
1465 567 1587 601 artus.

495 633 586 675 Nec
606 634 731 675 refert
750 633 991 688 quidquam,
1014 648 1096 689 quo
1117 635 1227 676 victu
1247 649 1396 690 corpus
1416 634 1563 684 alatur,

395 789 476 820 Ibid.
499 790 617 828 linguoe
631 791 761 829 templa:
786 789 830 819 sic
849 790 983 820 vocitata
997 790 1079 821 scili-

351 847 400 872 cet
424 842 464 871 ob
490 840 705 871 rotundiorem
730 840 826 880 palati
849 842 1024 880 cavitatem,
1052 849 1083 873 et

351 892 440 933 quasi
456 895 765 924 concamerationem:
791 894 838 923 uti
856 894 976 924 Graecis
992 907 1083 935 εφαινον

354 953 472 974 nomen
501 953 570 973 mos
600 950 646 974 est
675 954 834 983 usurpare.
888 944 1087 985 Tempestiva

355 996 455 1027 aderit
471 996 625 1036 Hesychii
640 996 755 1036 glossa,
778 997 818 1028 ad
831 1008 927 1038 quam
942 998 1087 1029 eruditis-

353 1048 452 1078 simus
475 1047 576 1078 editor
606 1048 818 1079 consulendus
843 1055 901 1080 est:
939 1050 1088 1092 Περσαιδε

354 1114 409 1135 τας
427 1101 570 1135 Carmena
586 1113 703 1137 σκηνας,
728 1115 778 1132 και
794 1109 901 1137 αυλις,
925 1103 960 1133 ὦν
976 1116 1017 1133 τοι
1032 1117 1087 1134 κα·

356 1159 508 1192 >tulupam-ot
535 1159 708 1195 κυκλοτερῆ,
743 1166 839 1194 ερινυς
866 1160 992 1194 λιγεσιν.
1039 1154 1090 1184 Ita

361 1203 505 1242 suppleas
520 1213 558 1233 ex
577 1203 764 1234 Phavorino.
802 1205 922 1235 Versus
935 1205 1091 1244 proferam

357 1253 522 1293 impendio
546 1253 718 1285 laudabiles
743 1255 861 1286 Alcimi
878 1256 975 1294 Aviti,
999 1263 1091 1297 atque

358 1305 398 1336 ad
413 1305 606 1336 locutionem
621 1306 845 1337 Lucretianam
868 1308 1087 1339 illustrandam

356 1357 451 1387 unice
463 1363 665 1396 comparatos,
689 1358 789 1397 po'e'm.
805 1359 824 1389 i.
840 1361 894 1390 87.

388 1438 496 1463 nexilis
506 1443 610 1464 artatur
619 1447 715 1464 recavo
726 1441 762 1465 sic
774 1441 864 1473 lingua
872 1442 970 1474 palato,

387 1480 490 1504 pressus
501 1483 531 1503 ut
543 1479 569 1503 in
581 1479 682 1504 camerti
694 1480 822 1511 puisantis
835 1482 944 1505 verbere
955 1480 1050 1511 plectri

388 1519 513 1542 Percussa
523 1521 629 1543 resonet
640 1518 795 1543 modulatus
805 1519 832 1543 in
843 1519 905 1544 a'e're
915 1525 1013 1544 sermo.

362 1588 514 1620 Similiter
529 1601 681 1621 cameram
705 1593 809 1631 palati
826 1591 973 1622 Sidonius
988 1592 1086 1631 Apol--

359 1640 468 1672 linaris
485 1643 589 1679 habet,
613 1641 666 1672 lib.
681 1643 720 1672 ix.
746 1643 831 1681 epist.
856 1645 886 1672 7.
925 1643 1090 1673 Lucretius

358 1699 466 1724 autem
483 1695 625 1724 Humida
637 1700 667 1724 et
681 1697 829 1725 sudantia
842 1705 880 1725 eo
896 1695 1024 1735 insuper
1035 1706 1089 1735 ap-

358 1744 473 1784 posuit,
497 1744 582 1784 quod
605 1745 713 1785 gustui
733 1745 889 1785 jucunda,
912 1756 949 1776 ac
974 1746 1091 1786 sapida,

358 1795 487 1825 salivam
503 1801 658 1826 moveant.
706 1796 768 1827 Sed
792 1797 868 1827 huic
894 1798 1093 1828 Lucretianae

359 1847 463 1887 phrasi
476 1847 546 1878 luce
558 1847 785 1886 perfundenda!
799 1859 864 1879 non
875 1849 997 1881 felicius
1007 1860 1093 1881 com-

362 1905 502 1938 paratam
519 1899 592 1929 novi
607 1899 757 1930 Enniana
771 1900 876 1937 altera,
893 1912 987 1943 quam
1005 1903 1093 1934 Cice-

361 1960 400 1980 ro
413 1950 605 1980 conservavit
616 1951 655 1981 ad
670 1957 732 1981 nat.
749 1951 830 1982 deor.
845 1952 876 1983 ii.
897 1956 943 1983 18.
957 1953 1011 1984 fin.
1025 1964 1096 1994 quae

364 2001 505 2032 vicissim
528 2001 597 2032 luce
618 2003 836 2041 perfundetur:
864 2009 895 2034 et
909 2003 1096 2035 doctissimae

361 2054 484 2085 Davisii
499 2054 783 2085 animadversiones
799 2055 993 2097 dignissimae
1007 2064 1093 2096 sunt,

361 2116 433 2145 quae
448 2106 669 2143 consulantur;
692 2107 745 2147 qui
762 2113 866 2137 tamen
883 2107 922 2138 de
946 2108 1093 2139 Lucretio

363 2157 443 2188 nibil
458 2158 630 2199 cogitabat:
659 2162 682 2177 “
703 2159 773 2194 Sed,
799 2159 875 2190 dum
899 2159 1002 2198 palato
1016 2160 1092 2201 quid

363 2213 386 2228 “
403 2209 442 2239 sit
466 2209 622 2249 optimum
645 2210 767 2250 judicat
794 2212 995 2252 (Epicurus),
1025 2214 1094 2243 coelz'

363 2262 549 2300 “palatum,
574 2266 610 2291 ut
624 2261 668 2291 ait
684 2262 822 2300 Ennius,
843 2273 907 2292 non
923 2263 1092 2302 suspexit.'’

365 2314 427 2345 Sed
443 2315 669 2346 animadvertat
684 2316 788 2353 lector,
813 2316 869 2347 suii
892 2317 1093 2348 translatione

366 2377 462 2408 quam
487 2374 591 2398 noster
612 2369 787 2399 orationem
812 2369 1038 2406 nobilitaverit;
1063 2375 1093 2401 et

365 2428 460 2458 quam
490 2418 545 2449 sna
575 2429 682 2450 rursus
715 2420 841 2450 Ennius
875 2421 1093 2452 dehonestarit.

370 2472 528 2510 Templum
543 2471 660 2502 scilicet
675 2471 714 2502 de
739 2484 788 2503 ore
812 2473 931 2504 dictum
953 2473 1094 2504 sublimis

363 2527 409 2551 est
423 2521 557 2560 locuti03
578 2522 618 2553 de
640 2525 711 2554 caelo
734 2529 838 2554 autem
858 2527 1010 2564 palatum,
1034 2525 1092 2555 hu-

364 2573 448 2604 milis
485 2580 515 2605 et
552 2574 706 2606 indecora.
763 2576 890 2607 Addam
924 2576 1093 2613 Isidorum,

364 2624 464 2665 origg.
488 2625 530 2655 xi.
563 2629 589 2656 1.
626 2630 647 2644 “
665 2629 812 2657 Palalum
840 2634 990 2663 nostrum,
1014 2627 1094 2658 sicut

367 2678 390 2693 “
406 2678 523 2712 coelum,
539 2686 662 2707 sursum
675 2684 721 2708 est
735 2678 870 2717 positum
883 2690 892 2714 ;
907 2685 937 2709 et
952 2678 1024 2709 inde
1039 2688 1092 2717 pa-

367 2728 388 2742 “
407 2725 505 2756 latum
522 2738 540 2757 a
553 2728 636 2767 polo,
660 2739 714 2768 per
729 2729 964 2760 derivationem:
995 2729 1048 2760 sed
1065 2734 1096 2759 et

369 2777 392 2793 “
411 2776 510 2807 Graeci
540 2778 684 2809 similiter
707 2780 845 2819 palatum
873 2794 965 2818 epam
990 2780 1093 2820 appel-

369 2827 393 2843 ‘⁴
407 2825 484 2861 lant,
509 2838 545 2857 eo
559 2830 642 2868 quod
662 2841 718 2869 pro
745 2831 792 2862 sui
819 2834 1005 2863 concavitate
1026 2830 1093 2862 coeli

372 2879 397 2894 ‘⁴
411 2875 648 2910 similitudinem
664 2882 807 2914 habeat.”
846 2884 913 2914 Nos
928 2888 1032 2914 autem
1048 2882 1092 2912 vi-

1124 792 1198 823 deas
1211 792 1252 823 ad
1266 792 1297 823 ii.
1314 796 1364 823 28.
1379 803 1442 834 quo
1460 792 1529 823 loco
1543 792 1634 823 dictis
1648 801 1754 823 versus
1768 792 1851 823 Var-

1125 844 1208 874 ronis
1222 844 1310 874 valde
1325 844 1491 882 conspirat,
1516 844 1623 875 Nonio
1650 850 1852 879 memoratus,

1128 895 1168 926 ad
1183 895 1243 925 viii.
1262 899 1310 926 13.
1326 895 1381 936 qui
1396 895 1467 926 ideo
1483 895 1685 927 adscribetur:

1144 974 1207 997 Tua
1215 972 1308 1004 templa
1317 973 1352 996 ad
1361 972 1416 996 alta
1420 972 1485 1004 sani
1496 979 1651 1005 properans,
1661 975 1730 1000 citus
1741 976 1820 1002 itere:

1131 1038 1151 1068 i.
1163 1047 1188 1068 e.
1205 1038 1390 1068 camerarias
1404 1038 1470 1069 fani
1485 1038 1743 1079 contignationes.

1175 1099 1249 1129 Ver.
1266 1101 1338 1130 629.
1356 1105 1521 1139 pungunt:
1548 1098 1585 1129 P.
1601 1099 1642 1130 V.
1657 1098 1705 1129 ed.
1723 1099 1762 1130 Ο.
1782 1101 1859 1139 pin·

1129 1155 1376 1191 gunt—coorta:
1412 1149 1450 1180 P.
1478 1155 1617 1183 com-cta,-
1644 1154 1676 1179 et
1701 1159 1774 1180 sane
1800 1159 1859 1180 vox

1133 1209 1236 1233 coorta
1263 1201 1384 1232 videtur
1407 1201 1441 1231 in
1464 1200 1581 1232 menda
1606 1202 1732 1238 cubare3
1756 1211 1858 1242 neque

1133 1253 1221 1284 valeo
1236 1253 1382 1294 equidem
1397 1253 1569 1284 discernere
1582 1258 1766 1293 potestatem
1780 1252 1860 1294 ejus,

1132 1306 1192 1336 nisi
1216 1305 1426 1345 interpreteris
1450 1315 1506 1344 per
1539 1308 1561 1323 “
1577 1315 1613 1335 ea
1638 1305 1758 1335 semina
1783 1303 1856 1342 cibi,

1132 1360 1156 1376 ‘⁶
1170 1356 1219 1386 vel
1233 1356 1307 1392 suci,
1339 1367 1410 1397 quae
1427 1355 1509 1386 inter
1523 1355 1739 1387 mandendum
1753 1355 1861 1386 oriun-

1132 1412 1155 1427 “
1171 1408 1256 1444 tur,’'
1287 1414 1319 1438 et
1343 1408 1571 1446 exprimuntur.
1617 1408 1806 1447 Interpretes
1830 1413 1862 1438 et

1130 1463 1271 1497 editores,
1296 1462 1350 1492 ubi
1367 1462 1420 1492 ubi
1435 1462 1474 1491 sit
1488 1472 1574 1497 usus,
1601 1461 1689 1491 natio
1709 1460 1858 1492 calidissi-

1130 1523 1194 1550 ma,
1211 1512 1381 1542 dictionem
1406 1512 1494 1542 siccis
1516 1511 1648 1550 pedibus
1671 1511 1860 1542 transiliunt.

1133 1563 1320 1594 Committas
1334 1568 1442 1593 autem
1456 1563 1550 1593 velim
1566 1563 1611 1593 iii.
1627 1567 1697 1594 825.
1714 1563 1753 1594 vi.
1769 1566 1859 1594 1011.

1133 1615 1258 1645 —Mox
1275 1621 1315 1645 Π.
1331 1617 1405 1652 sint,
1422 1625 1478 1654 pro
1492 1622 1573 1646 sunt.

1175 1676 1250 1705 Ver.
1267 1678 1338 1706 630.
1361 1677 1524 1715 asperitate
1547 1677 1679 1716 repleta:
1708 1676 1859 1708 audacius

1135 1731 1166 1756 et
1189 1736 1269 1756 nove
1294 1725 1422 1762 dictum,
1448 1736 1504 1765 pro
1527 1730 1549 1746 “
1565 1726 1682 1767 asperis
1703 1728 1862 1768 particulis

1136 1781 1159 1796 “
1177 1777 1357 1808 instructa.'’

1180 1837 1256 1868 Ver.
1273 1841 1343 1869 6:31.
1365 1849 1454 1870 suco:
1474 1842 1508 1870 Δ.
1522 1841 1734 1883 sicca—fine.-
1758 1840 1800 1871 V.
1814 1841 1862 1872 ed.

1138 1892 1177 1922 B.
1191 1894 1273 1929 sine;
1299 1891 1397 1923 Vind.
1416 1897 1452 1924 Δ.
1472 1899 1513 1924 Π.
1539 1897 1572 1925 in
1585 1895 1676 1937 fine:
1701 1899 1733 1925 et
1753 1893 1862 1926 omnia

1138 1943 1220 1974 inter
1233 1950 1276 1975 est
1292 1950 1323 1974 et
1337 1946 1422 1983 dum,
1438 1954 1498 1976 ver.
1515 1949 1587 1977 633.
1602 1945 1715 1976 desunt
1731 1952 1772 1977 11.
1787 1956 1861 1977 ocu-

1139 1994 1170 2025 lo
1184 1994 1299 2025 librarii
1315 1995 1348 2025 in
1363 1998 1499 2036 voluptas
1512 2003 1555 2028 est
1570 1996 1701 2027 inferius
1713 1997 1863 2038 conjecto.

1184 2047 1264 2078 Ibid.
1276 2050 1348 2090 fine
1357 2051 1470 2089 palati.
1502 2049 1554 2080 Sic
1577 2049 1763 2090 legendum;
1786 2061 1863 2090 non,

1136 2104 1172 2129 ut
1186 2099 1292 2139 vulgo,
1315 2102 1349 2130 in
1362 2102 1454 2141 fine:
1479 2101 1498 2131 i.
1525 2111 1551 2131 e.
1577 2101 1682 2140 palato
1705 2108 1807 2141 tenus,
1831 2108 1863 2133 et

1137 2163 1200 2184 non
1215 2153 1308 2191 ultra,
1331 2164 1453 2193 sapores
1467 2160 1642 2195 gustamus:
1675 2155 1861 2186 ΒεΝτιεῙ·

1137 2216 1190 2242 us,
1222 2207 1256 2236 in
1280 2207 1392 2237 Horat.
1416 2207 1465 2237 od.
1490 2207 1521 2237 ii.
1551 2211 1599 2237 18.
1617 2210 1667 2238 50.
1692 2208 1746 2248 qui
1771 2207 1864 2239 debet

1136 2258 1252 2288 ibidem
1276 2258 1402 2299 perlegi,
1435 2269 1534 2300 quum
1563 2259 1712 2290 rariorem
1737 2260 1863 2299 phrasin

1137 2320 1194 2340 suo
1209 2320 1305 2347 more,
1328 2310 1347 2341 i.
1363 2321 1388 2341 e.
1414 2310 1591 2342 doctissime
1607 2317 1638 2342 et
1653 2311 1862 2352 sagacissime,

1136 2362 1277 2402 pluribus
1291 2362 1435 2394 illustret.

1180 2421 1255 2452 Ver.
1271 2425 1343 2452 652.
1366 2433 1449 2453 vero:
1476 2422 1511 2453 P.
1527 2422 1625 2453 Vind.
1642 2423 1682 2453 V.
1698 2422 1745 2454 ed.
1762 2423 1799 2454 Β.
1817 2429 1862 2454 Ω..

1136 2483 1216 2509 vere;
1241 2483 1298 2503 nec
1322 2473 1415 2510 male,
1442 2473 1467 2503 si
1492 2473 1568 2514 quid
1592 2473 1692 2512 video,
1717 2479 1858 2514 respectu

1138 2524 1178 2554 ad
1201 2535 1290 2556 voces
1305 2527 1376 2566 fine
1395 2528 1499 2566 palati
1523 2526 1640 2557 habito:
1667 2526 1687 2557 i.
1710 2536 1736 2556 e.
1760 2529 1782 2545 “
1798 2536 1862 2557 non

1138 2578 1160 2593 “
1176 2575 1272 2606 modo
1286 2576 1325 2606 ad
1341 2576 1435 2607 finem
1447 2577 1541 2616 palati
1555 2587 1648 2608 sucus
1663 2576 1792 2614 venerit,
1807 2577 1862 2608 sed

1138 2630 1160 2644 “
1177 2637 1209 2656 rc
1229 2627 1300 2657 vera
1323 2627 1471 2658 deorsum
1493 2639 1548 2667 per
1569 2628 1674 2659 fauces
1695 2627 1862 2659 descende-

1138 2680 1160 2695 “
1176 2677 1245 2708 rit.”
1306 2678 1378 2716 Sed,
1416 2678 1639 2720 antiquissimis
1673 2679 1864 2709 membranis

1137 2728 1294 2767 vulgatam
1325 2730 1492 2761 lectionem
1527 2730 1745 2768 retinentibus,
1783 2731 1864 2761 nihil

1140 2785 1237 2810 muto.

1182 2831 1253 2861 Ver.
1270 2835 1340 2862 655.
1356 2834 1493 2864 diditur:
1514 2833 1553 2863 Ο.
1568 2838 1602 2864 Δ.
1618 2837 1652 2864 Σ.
1671 2839 1715 2864 Ω..
1731 2833 1863 2864 deditur.

1180 2883 1253 2914 Ver.
1270 2887 1340 2916 654.
1364 2886 1532 2925 quidquam
1540 2899 1550 2915 .·
1576 2885 1618 2916 V.
1634 2884 1681 2916 ed.
1697 2886 1860 2926 quiquam:

1111 2944 1132 2971 3
