1912 3292
480 241 712 288 LIBER
762 239 1144 297 QUARTUS.

1457 253 1555 293 283

268 374 428 415 Caetera
447 370 498 411 de
517 384 667 427 genere
687 369 767 410 hoc
786 369 975 410 mirande
994 371 1123 411 multa
1142 371 1343 423 videmus,

91 452 172 488 465
206 447 314 497 Quae
333 445 483 487 violare
502 443 626 484 fidem
646 443 762 500 quasi
781 443 963 484 sensibus
984 445 1124 484 omnia
1143 454 1350 500 quaerunt:

203 519 491 575 Nequidquam
498 535 510 567 3
544 518 739 573 quoniam
759 532 855 572 pars
874 516 1025 558 horum
1044 518 1227 560 maxima
1246 519 1346 560 fallit

204 595 380 648 Propter
399 593 590 648 opinatus
608 592 750 642 animi,
773 606 875 647 quos
896 591 1085 633 addimus
1105 592 1221 647 ipsei,

203 667 287 708 Pro
307 667 400 708 visis
419 676 466 709 ut
485 668 580 718 sint,
603 682 696 723 quae
715 681 802 708 non
822 674 917 708 sunt
937 667 1118 708 sensibus
1138 667 1235 708 visa.

60 832 82 860 ὲ*
98 845 148 872 cat
161 839 348 877 existimare,
374 841 557 872 arbitrari:”
582 841 696 881 quibus
710 841 782 870 sub-

53 891 162 932 jungit
187 891 329 931 exempla
353 892 445 931 plura
466 902 504 922 ex
519 892 718 932 scriptoribus
732 902 782 922 ve-

58 944 159 974 tustis.
205 945 279 975 Vox
293 944 435 975 usitatior
446 951 492 975 est
501 946 561 975 hoc
573 955 676 983 sensu,
688 955 784 986 quam

57 1006 127 1037 quae
142 995 296 1026 desideret
310 995 385 1026 locis
399 996 552 1036 congestis
566 996 722 1027 illustrari.

101 1047 175 1077 Ver.
205 1050 278 1078 460.
315 1049 457 1079 Conclusa
467 1062 475 1077 .-
513 1054 553 1078 Π.
583 1050 780 1084 Οονιοίαεατης

58 1109 172 1139 nempe
193 1110 249 1138 per
263 1099 380 1140 gradus
400 1099 640 1139 depravationis,
663 1103 785 1132 conclu-

58 1162 129 1187 som,
153 1152 202 1182 vel
216 1153 366 1190 conclusii,
390 1153 542 1183 concluso:
570 1152 609 1183 Ο.
636 1155 784 1185 Conclusz‘.

58 1204 194 1242 —Mox,
212 1205 249 1234 B.
263 1206 410 1241 videmus,
430 1214 487 1243 pro
500 1206 783 1244 videmur.—Apu·

57 1255 148 1293 leius,
162 1261 234 1286 met.
250 1255 289 1285 vi.
305 1266 333 1294 p.
349 1258 490 1285 44o.—-“
505 1260 537 1285 et
554 1256 707 1286 Arionem
721 1258 784 1287 del-

57 1311 81 1327 “
92 1311 188 1349 plzz'no
204 1308 465 1350 gubernasse—.“

56 1360 77 1391 i.
93 1371 119 1391 e.
141 1362 328 1400 delphinum.

509 1309 607 1349 Lege,
623 1311 765 1349 delphin&
772 1321 784 1338 .-

98 1421 174 1451 Ver.
189 1423 261 1451 461.
285 1421 425 1451 Mutare:
443 1421 462 1451 i.
475 1431 500 1451 e.
517 1431 572 1461 per
587 1422 697 1452 seriem
713 1433 782 1461 per-

56 1481 173 1512 agrare.
219 1471 429 1502 Graecismum
459 1482 535 1511 esse,
561 1479 592 1503 et
614 1484 688 1504 eum
714 1475 783 1514 qui-

55 1523 130 1554 dem
159 1528 372 1563 pervagatum,
403 1522 493 1554 docte
522 1524 622 1554 Faber
651 1526 783 1557 monuit.

56 1576 184 1606 Ilsutare
199 1576 286 1611 lares,
301 1576 420 1610 limina,
436 1577 546 1612 domos,
562 1582 668 1613 terras,
690 1583 720 1607 et
742 1578 782 1607 si-

57 1625 156 1664 milia,
172 1626 286 1666 passim
297 1627 508 1657 obversantur.
553 1627 719 1658 Lector-em
730 1629 783 1659 de-

60 1680 166 1710 tinebo
181 1686 298 1719 tamen,
315 1680 391 1711 dum
409 1681 589 1720 explicitam
604 1682 719 1712 dedero
734 1693 786 1714 ve·

60 1742 129 1761 ram
151 1742 298 1762 versuum
324 1732 564 1771 AEschyleorum
589 1739 784 1770 structuram,

59 1783 100 1812 ad
114 1789 189 1822 sept.
205 1783 304 1813 Theb.
319 1786 390 1813 510.
413 1783 533 1813 nemini
545 1783 707 1813 doctorum
720 1784 784 1814 edi-

61 1841 176 1870 torum,
202 1835 256 1874 qui
282 1833 450 1874 magnifico
471 1835 570 1873 po'e‘tae
585 1835 786 1875 contigerint,

59 1887 284 1927 deprehensam
293 1898 299 1916 :

176 1982 248 2006 Hom:
261 1979 283 2005 δ’
293 1979 432 2013 anaspia-Hs
443 1990 522 2011 γαιοις
532 1980 600 2006 esbon

177 2026 271 2057 Toegb',
284 2036 419 2062 apum—‚-

59 2115 81 2130 “
99 2110 271 2147 Quodnam
285 2110 396 2146 solum,
413 2110 496 2151 quod
522 2110 635 2141 melius
649 2111 696 2148 sit,
712 2121 786 2142 cum

59 2166 83 2182 ‘⁵
99 2163 158 2193 hac
172 2161 254 2192 terra
269 2162 462 2198 mutabitis,'’
485 2162 533 2192 vel
548 2163 784 2201 permutabitis?

60 2213 160 2244 Illum
175 2214 259 2244 vocis
269 2224 396 2244 sensum
407 2220 523 2244 temere
532 2214 661 2244 damnat
671 2215 783 2245 Schut-

59 2275 133 2296 21uS.

102 2324 178 2354 Ver.
192 2328 265 2355 462.
286 2327 426 2356 silentia.-
454 2331 495 2355 Π.
519 2326 783 2356 sedentia—noc-

59 2378 116 2406 tis:
144 2375 240 2406 Vind.
257 2376 297 2406 V.
320 2376 367 2406 ed.
394 2377 431 2406 Β.
457 2376 504 2406 Μ.
529 2381 563 2408 Σ.
579 2378 705 2412 montis;
731 2377 786 2406 sed

59 2428 182 2458 vitiose:
211 2434 252 2458 Π.
268 2430 386 2459 mentis.

105 2489 186 2520 Ibid.
209 2500 308 2520 severa
324 2491 465 2520 silentia:
492 2489 511 2519 i.
521 2499 546 2519 e.
562 2488 651 2527 seria,
668 2494 699 2519 et
712 2490 784 2519 hor-

61 2550 165 2571 rorem
177 2540 335 2581 quandam
346 2540 543 2570 incutientia:
563 2550 632 2578 nos,
645 2552 661 2570 a
675 2542 785 2571 solemn

59 2595 179 2625 silence.
223 2593 377 2629 Lucilius,
392 2593 476 2632 apud
491 2593 647 2631 Nonium,
663 2593 702 2623 iv.
713 2596 784 2624 455.

61 2647 86 2662 “
105 2644 198 2675 Adde
221 2644 331 2675 eodem
355 2647 450 2676 cristis
466 2654 502 2675 ac
515 2655 633 2675 severus
647 2644 784 2683 philoso-

61 2704 84 2720 “
100 2701 211 2741 phu5.’'
248 2701 367 2732 Confer
385 2701 474 2742 Virg.
491 2701 565 2731 AEn.
581 2700 613 2730 ii.
630 2702 701 2731 755.
727 2700 784 2730 Al—

62 2753 162 2783 cimus
184 2753 310 2792 Avitus,
338 2754 357 2784 i.
385 2756 435 2784 93.
457 2752 591 2783 disticho
615 2752 649 2782 in
678 2752 787 2792 primis

61 2804 216 2846 elegante:

107 2886 179 2917 Quin
191 2890 219 2912 et
228 2887 343 2913 sidereus
354 2890 488 2913 nocturno
500 2891 624 2920 tempore
635 2887 735 2912 candor

106 2927 254 2958 Temperat
268 2927 392 2954 horrentes
403 2932 535 2955 astrorum
549 2928 607 2954 luce
619 2927 752 2956 tenebras.

829 838 995 873 Caeterum,
1026 837 1104 868 dum
1132 836 1295 868 doctorum
1325 838 1437 880 aliquis
1466 840 1556 871 nobis

827 890 943 920 eruerit
971 890 1100 920 certiora
1126 889 1165 920 de
1191 892 1293 921 Severo
1318 897 1436 929 monte,
1464 894 1556 932 cujus

828 942 924 972 etiam
940 952 997 972 nec
1012 942 1082 972 vola
1096 947 1142 972 est
1164 952 1222 972 nec
1237 942 1405 983 vestigium
1421 943 1453 973 in
1479 944 1556 975 locis

827 993 982 1033 parallelis
1007 993 1094 1029 Silio,
1119 993 1263 1023 Nonium
1290 994 1481 1024 Marcellum
1507 1006 1555 1025 se-

828 1055 918 1086 quor,
934 1045 973 1076 ad
989 1045 1027 1076 iv.
1039 1048 1109 1075 418.
1126 1045 1181 1085 qui
1194 1044 1320 1085 Virgilii
1332 1046 1408 1077 AEn.
1420 1046 1469 1077 vii.
1483 1049 1555 1078 713.

830 1098 874 1128 ita
889 1099 1039 1137 scriptum
1053 1097 1174 1128 laudat:

859 1180 912 1211 Qui
927 1180 1048 1204 Tetrica:
1064 1179 1199 1203 horrenreis
1217 1185 1295 1210 rupes
1310 1183 1472 1211 montemque
1483 1187 1558 1206 seve-

949 1226 1017 1248 rum,

859 1259 1078 1291 Casperiamque,
1089 1259 1230 1283 colunt-z

829 1322 914 1353 unde
937 1322 1076 1352 fortassis
1090 1322 1289 1352 Lucretianae
1303 1321 1446 1353 lectionis
1460 1323 1557 1354 varie-

826 1379 874 1403 tas
900 1373 1098 1403 emanaverit.
1145 1372 1348 1410 Claudianus,
1375 1374 1493 1413 praefat.
1522 1375 1556 1404 in

829 1424 936 1456 Rufin.
951 1425 971 1455 i.
986 1435 1046 1455 ver.
1067 1429 1114 1455 14.

858 1507 1013 1538 Auditoque
1024 1507 1118 1539 procul
1129 1509 1266 1532 Musarum
1279 1508 1399 1534 carmIne
1409 1509 1496 1539 ducti,

888 1546 930 1571 Ad
941 1546 1082 1571 Themidis
1094 1547 1194 1572 cocunt
1205 1550 1283 1571 antra
1294 1554 1389 1571 severa
1401 1547 1453 1572 dei.

831 1621 1021 1652 Ammianus
1031 1622 1248 1660 Marcellinus,
1266 1632 1335 1652 xxv.
1345 1624 1443 1652 :vt—‘⁶
1454 1620 1557 1652 medio

830 1678 852 1693 “
868 1676 964 1704 noctis
985 1676 1107 1704 horrore
1130 1673 1192 1704 vita
1214 1680 1259 1704 est
1281 1674 1405 1704 facilius
1433 1673 1556 1704 absolu-

830 1730 852 1745 “
868 1727 994 1758 tus—.”

873 1779 946 1809 Ver.
963 1783 1035 1810 464.
1058 1782 1209 1815 mirande,
1227 1779 1324 1809 Vind.
1341 1779 1379 1810 L.
1398 1780 1446 1809 M.
1464 1779 1503 1809 O.
1521 1783 1556 1809 Δ.

830 1835 865 1862 Σ.
882 1837 926 1861 Ω.
943 1837 978 1861 ut
992 1841 1053 1861 ver.
1069 1835 1141 1861 421.
1158 1831 1195 1862 P.
1211 1833 1370 1867 mirando;
1394 1831 1438 1861 V.
1455 1830 1501 1860 ed.
1518 1830 1557 1860 Β.

831 1889 873 1913 Π.
891 1885 1045 1914 miranda.

872 1935 946 1965 Ver.
970 1938 1044 1966 465.
1068 1941 1227 1975 quaerunt:
1258 1937 1281 1952 “
1296 1933 1383 1974 quasi
1406 1932 1559 1963 nimirum

830 1988 852 2003 “
869 1985 1070 2015 rationalibus
1095 1985 1178 2015 curis
1193 1991 1223 2015 et
1237 1984 1478 2025 cogitationibus
1498 1985 1558 2013 hoc

830 2039 852 2054 “
868 2035 968 2066 facere
984 2036 1205 2066 conarentur.’'
1252 2036 1368 2065 vivide
1379 2046 1415 2066 ac
1425 2036 1558 2074 poetice,

829 2095 865 2119 ut
880 2089 1033 2128 superius,
1049 2089 1089 2119 ad
1104 2099 1180 2120 verr.
1204 2092 1275 2119 154.
1291 2092 1364 2119 246.

875 2141 948 2172 Ver.
972 2144 1044 2171 466.
1067 2144 1231 2181 quoniam:
1258 2141 1299 2170 V.
1322 2139 1370 2170 ed.
1398 2141 1492 2180 quim
1518 2149 1557 2169 ex

829 2192 1015 2232 compendio
1028 2192 1186 2230 scripturae
1198 2191 1308 2221 iisdem
1325 2191 1477 2227 ductibus,
1492 2191 1553 2230 φῆμ-

828 2244 866 2273 Β.
883 2244 1147 2283 inquam.—Mox
1164 2250 1207 2273 Π.
1221 2245 1352 2279 animis,-
1376 2248 1407 2273 et
1424 2243 1473 2272 M.
1490 2243 1556 2280 opi-

827 2302 924 2326 natos.

872 2347 947 2378 Ver.
962 2351 1034 2378 468.
1059 2350 1120 2379 Pro
1141 2349 1233 2379 visis:
1260 2347 1300 2377 Ο.
1324 2353 1367 2377 Π.
1392 2350 1428 2378 Σ.
1454 2350 1486 2375 et
1511 2350 1555 2375 Ω.

831 2401 983 2436 Provisis‚-
1003 2399 1149 2440 junctim.

872 2450 946 2480 Ver.
964 2453 1035 2482 469.
1058 2453 1189 2491 aegrius,-
1216 2451 1235 2480 i.
1251 2461 1276 2480 e.
1299 2448 1471 2485 difficilius;
1494 2457 1557 2487 quo

830 2511 922 2531 sensu
938 2501 1016 2531 nihil
1031 2501 1254 2542 congruentius
1277 2510 1342 2530 esse
1355 2504 1476 2538 poterat
1489 2503 1557 2528 tam

829 2555 925 2584 totius
946 2555 1006 2585 loci
1022 2566 1125 2595 scopo,
1146 2565 1243 2595 quam
1267 2553 1428 2588 universis,
1443 2551 1559 2592 quibus

829 2605 967 2644 protulit,
982 2606 1098 2636 delusae
1113 2605 1240 2636 visionis
1254 2604 1405 2643 exemplis
1420 2609 1451 2634 et
1461 2612 1555 2643 argu-

828 2658 954 2688 mentis:
974 2658 1114 2699 adeoque
1126 2668 1191 2688 non
1206 2656 1422 2688 excusandum
1437 2660 1556 2685 memet

829 2709 1018 2748 habuissem,
1045 2710 1071 2739 si
1096 2719 1204 2740 vocem
1224 2709 1425 2746 rarissimam,
1448 2716 1555 2736 exem-

829 2760 966 2800 plaribus
996 2760 1256 2791 emendatissimis
1283 2766 1314 2790 et
1335 2755 1558 2798 antiquissimis

831 2813 1069 2853 suppeditatam‚
1096 2813 1162 2844 sine
1192 2811 1299 2844 caussa
1327 2810 1555 2851 repudiassem;

829 2864 986 2896 codicibus
1008 2864 1123 2895 scilicet
1148 2865 1185 2896 L.
1202 2865 1249 2895 M.
1287 2862 1414 2904 Reliqui
1438 2870 1555 2895 omnes,

829 2919 967 2958 egregius
981 2923 1036 2957 est,
1058 2922 1169 2957 praeter
1185 2916 1219 2951 P.
1237 2916 1276 2948 Ο,
1290 2921 1325 2948 Δ.
1338 2921 1381 2947 Ω.
1396 2913 1450 2957 qui
1460 2912 1554 2944 omit·

790 2975 854 3007 Ts
