1912 3292
496 228 732 285 LIBER
780 238 1131 289 TERTIUS.

1473 258 1560 297 145

217 373 248 394 “
271 368 511 422 Praeripere,
535 375 575 407 et
594 366 716 407 tacita
736 374 877 422 pectus
897 369 1113 413 dulcedine
1133 381 1315 431 tangent.

101 445 185 481 910
217 447 247 469 “
271 442 368 483 Non
387 441 538 496 poteris
557 440 672 482 sactis
691 441 930 485 florentibus
951 460 1054 496 esse3
1087 448 1247 504 tuisque

84 596 164 620 Fama
173 599 224 626 eet,
234 594 368 625 Enceladi,
378 595 538 620 semiustum
547 595 672 628 fulmine,
683 604 779 630 corpus

79 634 185 666 Urgueri
204 634 266 659 mole
276 634 399 659 hac—.

111 698 186 728 Ver.
211 700 284 729 907.
307 699 392 729 Ναπι
411 699 501 738 jam:
538 699 582 730 sic
609 699 721 731 diserte
747 702 795 732 M.

67 748 121 778 alii
135 748 205 779 libri
220 748 263 779 sic
280 749 409 786 variant,
432 756 468 780 ut
483 750 658 787 ostendant,
675 752 724 782 vel
738 763 794 783 au-

67 799 149 829 n'um
163 799 368 830 delicatarum
389 801 607 840 offensionem,
637 803 685 833 vel
700 803 795 833 aliam

68 860 209 881 caussam
230 851 338 887 levem,
370 862 475 882 veram
498 853 635 884 Lucretii
661 856 792 895 scriptu-

67 913 134 933 ram
158 902 321 934 detorsisse
347 909 377 933 et
400 906 587 936 obscurasse.
620 906 660 936 P.
686 913 726 937 Π.
751 909 793 939 Ac

56 956 144 996 jam,·
168 961 200 985 et
214 956 282 996 ejus
304 956 424 987 codices
439 957 579 997 quidam,
604 960 648 989 At
663 965 736 990 tua:
762 966 793 990 et

65 1007 196 1037 editores
210 1018 285 1038 sane
299 1008 379 1038 illud
394 1010 437 1039 At
454 1009 560 1039 statim
575 1011 787 1050 arripuerunt:

65 1059 118 1089 sed
149 1060 322 1098 undenam,
351 1071 467 1100 quaesO,
499 1061 596 1092 talem
624 1062 792 1095 lectionem

64 1111 183 1143 librarii
204 1113 457 1152 corrumperent?
483 1113 579 1144 Vind.
596 1114 633 1144 L.
657 1117 771 1146 amiam
778 1131 789 1151 ;

64 1163 190 1199 omissa,
221 1163 304 1204 quod
333 1163 447 1202 passim
480 1164 546 1194 fieri
573 1165 662 1204 solet,
691 1166 794 1205 prima

65 1213 154 1244 litera
175 1224 264 1244 novae
285 1215 441 1245 sectionis:
471 1225 536 1245 non
558 1215 643 1246 aliud
664 1216 794 1247 fortasse

64 1265 132 1294 vult
156 1279 190 1296 «ro
213 1267 257 1296 At
278 1268 372 1304 viam,
401 1265 439 1295 V.
463 1265 512 1297 ed.
541 1268 612 1297 Jam
634 1278 725 1302 nam;
754 1268 793 1298 O.

63 1318 129 1346 Ac'n
152 1327 200 1352 ne,
232 1321 268 1346 Δ.
286 1317 372 1355 jam,
401 1322 446 1346 Ω.
475 1316 587 1347 desunt
615 1318 733 1348 voculae
757 1324 792 1350 Σ.

63 1366 151 1402 Quid
178 1365 303 1397 autem?
335 1366 493 1396 Particula
515 1379 587 1398 nam
614 1368 654 1398 ad
675 1369 787 1399 transi-

59 1418 160 1448 tiones
186 1418 332 1448 orationis
354 1417 543 1459 laevigaudas
563 1419 677 1458 passim
700 1420 788 1451 adhi-

63 1470 165 1506 betur;
189 1475 221 1499 et
233 1480 307 1499 nam
322 1469 392 1509 jam
419 1476 641 1509 repraesentant
655 1471 790 1502 similem

63 1521 246 1552 Graecorum
263 1520 433 1552 formulam
451 1521 484 1556 δη
501 1536 568 1565 γαρ.
593 1523 786 1563 Hesychius:

62 1580 109 1608 An
136 1585 204 1616 γαρ·
229 1573 279 1608 ηδη
304 1588 369 1616 γαρ.
417 1574 466 1604 sic
492 1575 662 1611 Homerus,
692 1576 730 1607 11.
758 1582 791 1607 A.

62 1630 136 1658 314.

61 1707 127 1734 Δλλ·
141 1717 191 1740 ωγε
204 1708 277 1744 δευρο,
291 1718 372 1739 πεσὸν,
393 1709 452 1744 παρ’
472 1709 510 1744 ψ’
523 1709 624 1736 ἵστασθ’
647 1711 697 1735 ΔΗ
724 1711 791 1737 ΓΑΡ

256 1761 357 1790 §.pyxos

65 1805 183 1834 Era-ceroti,
198 1814 215 1829 ει
228 1813 258 1830 κε
271 1814 330 1833 νῆας
347 1803 390 1840 ἕλῃ
403 1803 558 1839 κορυθαιολος
569 1805 675 1840 Ἕκτωρ.

63 1882 85 1898 “
100 1881 186 1910 ivam
200 1879 272 1919 jam
287 1880 487 1918 opprobrium
503 1879 671 1911 fuerit-,³³
699 1880 790 1911 Simi-

61 1930 132 1961 liter
146 1931 240 1960 etiam
255 1930 295 1960 ad
312 1930 351 1960 Il.
368 1937 400 1960 N.
419 1934 488 1961 122.

345 2010 405 2036 αλλ’
420 2020 440 2036 εν
455 2018 520 2045 φρεσι
533 2010 615 2040 ἔθεσθε,
630 2010 748 2041 ἕκαστος,

102 2057 170 2083 Αιδω
179 2068 226 2084 και
241 2059 353 2091 Νεμεσιν·
375 2059 424 2082 ΔΗ
437 2059 503 2083 ΓΑΡ
514 2068 588 2091 μεγοι
601 2067 675 2086 ιεικος
689 2067 775 2093 ορωρεν.

63 2134 115 2165 De
129 2132 188 2164 ista
209 2143 281 2163 vero
298 2133 449 2174 Hesycliii
466 2133 578 2173 glossa,
601 2144 702 2172 nuper
722 2135 788 2174 egi-

61 2196 133 2215 mus
157 2184 196 2215 ad
228 2185 350 2216 Moschi
376 2184 461 2224 idyll.
485 2185 516 2215 ii.
540 2188 592 2216 77.
647 2185 788 2223 Plautus,

62 2237 151 2268 Asin.
168 2237 191 2266 i.
209 2240 239 2267 2.
256 2240 285 2267 4.

125 2315 160 2338 At
171 2314 243 2338 malo
254 2321 318 2338 cum
329 2318 390 2340 tuo:
409 2322 469 2339 nam
475 2316 532 2347 jam
545 2323 582 2340 ex
593 2316 643 2341 hoc
656 2316 715 2340 loco

126 2354 171 2378 ibo
182 2360 232 2385 ego
243 2355 276 2378 ad
285 2355 482 2380 tresviros—.

27 2448 29 2450 .
64 2416 168 2455 idem,
184 2417 257 2447 ibid.
273 2416 318 2449 iii.
330 2421 360 2448 5.
380 2421 426 2449 17.

76 2494 143 2518 Nam
154 2493 280 2524 equidem
291 2501 337 2519 me
347 2495 415 2526 jam,
432 2498 565 2526 quantum
576 2498 675 2527 potest,
692 2502 708 2520 a
718 2495 774 2520 viti

215 2533 381 2564 abjudicabo.

59 2596 137 2627 Alia
147 2597 319 2637 disquirere
333 2608 398 2628 non
409 2604 507 2637 vacat,
525 2609 626 2640 neque
638 2599 671 2629 in
681 2609 714 2629 re
729 2600 788 2629 mi-

60 2649 146 2678 nime
161 2649 351 2689 ambigenda
372 2660 495 2680 necesse
510 2651 610 2680 habeo
628 2651 790 2690 scrupulo-

62 2699 126 2731 sius
135 2702 278 2742 persequi
291 2701 649 2743 locutionem-neque:
677 2708 712 2734 Δ.
724 2714 787 2734 nec.

104 2760 178 2791 Ver.
193 2765 266 2793 908.
291 2761 331 2792 In
349 2762 479 2802 hujusce
503 2763 563 2793 loci
590 2762 788 2794 mollissimos

66 2809 191 2841 affectus
210 2812 326 2852 stylum
342 2814 497 2854 Virgilius
513 2813 654 2852 intinxit,
676 2821 707 2845 et
722 2824 789 2844 rem

60 2861 317 2902 jucundissimam
332 2866 376 2897 ita
391 2867 465 2897 scite
481 2867 675 2908 suaviterque
690 2867 787 2897 varia-

63 2911 119 2952 vit,
142 2921 177 2944 ut
191 2917 320 2948 nescires
335 2917 427 2956 plane
450 2918 511 2948 utri
528 2917 631 2956 palma
647 2917 788 2949 deferen-

840 602 880 632 da
894 601 985 640 foret,
1001 603 1061 633 nisi
1076 609 1180 635 noster
1191 607 1402 646 praecessisset,
1418 619 1453 639 ac
1470 609 1567 640 Man-

839 659 973 684 tuanum
989 655 1106 696 magna
1121 667 1158 686 ex
1174 663 1270 696 parte,
1295 665 1431 699 quantus
1446 667 1501 698 est,
1519 661 1565 691 fe-

839 705 936 736 cisset.
973 707 1092 737 Versus
1106 714 1205 738 exstat
1219 709 1252 738 in
1267 719 1335 750 geo.
1350 710 1382 740 ii.
1399 713 1472 741 525.

870 789 985 818 Interea,
1000 788 1083 814 dulces
1093 791 1212 822 pendent
1224 793 1326 817 circum
1337 795 1422 819 oscula
1433 795 1501 824 nati,-

869 827 948 852 Casta
959 829 1117 860 pudicitiam
1129 836 1217 856 servat
1227 832 1388 858 domus--.

838 890 1013 922 Pullulavit
1037 899 1143 923 autem
1165 895 1216 925 hic
1238 895 1341 926 frutex
1364 897 1509 929 odoratus
1524 901 1562 929 ab

838 942 1008 974 Maeonidis
1030 944 1161 975 diffusili
1183 946 1297 985 radice,
1321 948 1362 978 ad
1387 949 1426 979 11.
1443 955 1475 980 E.
1492 953 1563 982 408,

836 995 920 1035 quod
934 996 1109 1027 Lambinus
1123 998 1217 1028 etiam
1231 1000 1449 1031 animadvertit
1463 1002 1559 1040 prior:

875 1080 954 1105 OYA’
968 1082 1030 1106 ΕΤῙ
1042 1091 1084 1114 μυ
1097 1082 1182 1110 σαιδες
1195 1092 1251 1109 ποτε
1267 1093 1360 1115 ymmo-1
1373 1085 1542 1115 transmitto-w

876 1126 976 1154 Ezoow‘
990 1138 1018 1155 ex.
1032 1134 1148 1163 πολεμοιο
1160 1141 1207 1156 και
1223 1141 1289 1159 αινης
1301 1131 1433 1161 δηὲὸτητος.

840 1203 890 1232 Sic
915 1203 1084 1243 legendum
1108 1210 1200 1242 put03
1230 1205 1324 1245 longe
1349 1206 1510 1244 pulchrius
1534 1215 1564 1237 et

839 1253 1002 1287 efficacius,
1047 1256 1156 1294 Neque
1177 1257 1310 1294 amplius
1332 1258 1428 1292 illum,
1455 1258 1503 1288 vel
1526 1261 1564 1288 ab

837 1305 894 1335 hac
909 1305 975 1344 ipsa
991 1305 1068 1336 hora
1090 1306 1217 1337 scilicet:
1246 1308 1329 1347 quod
1345 1319 1410 1339 rem
1434 1310 1564 1340 certissi.

836 1366 924 1385 mam
961 1357 1060 1387 verbis
1095 1357 1224 1397 signatis
1260 1358 1377 1397 optime
1413 1360 1560 1391 declarat.

835 1406 955 1448 Vulgo,
980 1407 1048 1439 Ουδε
1075 1422 1101 1439 τ’
1118 1423 1177 1448 μιν.
1225 1410 1265 1439 In
1283 1410 1434 1451 Hesychii
1450 1413 1563 1452 glossa,

834 1458 1040 1489 distinctionis
1059 1460 1195 1500 virgulas
1217 1461 1407 1502 negligente,
1431 1470 1562 1505 uterque

834 1519 942 1539 sensus
972 1512 1259 1550 comprehenditur:
1301 1514 1400 1545 Ουδετι
1432 1529 1487 1546 πω·
1521 1516 1563 1546 εδε

837 1575 920 1600 παπ,
938 1562 1061 1603 εδαμως.
1107 1563 1148 1593 In
1164 1575 1253 1594 versu
1269 1566 1444 1597 notissimo:

1012 1642 1051 1668 κδ’
1064 1652 1097 1669 ετι
1113 1643 1198 1677 Raptor
1212 1644 1301 1671 εδειετο
1315 1645 1398 1675 Boura,-
1413 1648 1485 1676 sic-45·

835 1710 878 1740 sic
901 1710 1014 1739 melius
1038 1710 1165 1750 legitur,
1190 1712 1237 1741 uti
1252 1712 1450 1743 Phavorinus
1468 1714 1563 1744 etiam

834 1763 960 1801 accepit.
1004 1762 1150 1792 Valerius
1165 1763 1295 1793 Flaccus
1309 1774 1433 1804 quoque
1451 1776 1487 1794 cx
1505 1767 1565 1795 hoe.

835 1815 914 1852 loco,
938 1819 969 1843 et
984 1813 1075 1853 Virg.
1091 1814 1166 1844 AEn.
1181 1813 1213 1843 ii.
1229 1817 1301 1844 724.
1324 1815 1444 1845 videtur
1459 1817 1561 1855 prosc-

835 1867 924 1905 cisse,
941 1864 981 1894 ad
998 1866 1117 1905 Argon.
1133 1864 1152 1895 i.
1169 1868 1240 1896 264.

881 1947 974 1970 Laetus
984 1950 1011 1970 at
1023 1944 1148 1977 impliciti
1157 1946 1249 1971 Peleus
1260 1946 1326 1979 rapit
1337 1947 1419 1972 oscula
1433 1949 1498 1972 nati.

836 2009 904 2039 Nec
923 2009 1029 2039 minus
1053 2008 1182 2047 Seneca,
1205 2009 1332 2049 Thyest.
1354 2014 1422 2042 145.
1447 2011 1478 2041 in
1496 2021 1559 2041 ves-

833 2060 916 2091 sibus
932 2060 1109 2090 admirabili
1124 2066 1298 2092 venustate:

927 2146 1064 2178 Exceptus
1074 2146 1163 2178 gladio
1175 2147 1301 2179 parvulus
1311 2148 1406 2179 impio,

927 2187 999 2210 Dum
1012 2186 1091 2211 currit
1099 2186 1214 2219 patrium
1225 2191 1302 2212 natus
1313 2189 1347 2212 ad
1358 2188 1481 2219 cuculum„

927 2226 1077 2250 lmxnatura
1086 2225 1153 2250 focis
1163 2227 1277 2252 victima
1287 2227 1414 2252 concidit.

831 2298 854 2329 J
855 2307 908 2327 am
924 2308 996 2328 vero
1010 2299 1178 2336 obcument,
1191 2300 1323 2330 domum
1338 2300 1495 2331 accedenti
1511 2303 1558 2330 ol»-

831 2352 963 2389 venient,
991 2350 1067 2380 alter
1092 2350 1238 2386 alterum,
1265 2361 1480 2390 praeoccupare
1496 2362 1560 2381 cer-

832 2401 923 2431 tatim
946 2402 1134 2433 festinantes.
1183 2403 1322 2433 Subinde
1346 2410 1452 2433 tamen
1475 2404 1559 2442 eogi-

833 2453 896 2483 tavi
911 2463 1049 2492 mecum,
1065 2464 1105 2484 an
1118 2455 1224 2485 scribae
1239 2455 1424 2485 recentiores
1440 2455 1560 2486 literam

833 2515 930 2535 unam
945 2505 1026 2536 forte
1040 2506 1168 2537 fortuna
1191 2507 1447 2546 transposuerint,
1470 2512 1501 2536 et
1523 2517 1558 2536 e:··.

833 2559 1002 2595 cficurrent,
1040 2557 1200 2588 effecerint
1235 2557 1362 2587 tandem
1395 2565 1560 2588 occurrent:

834 2608 899 2638 Hae
920 2618 1009 2639 voces
1030 2619 1144 2649 nempe
1166 2609 1343 2649 frequentes
1366 2609 1477 2647 solent,
1500 2609 1560 2639 alia

833 2659 866 2688 in
892 2658 998 2697 aliam,
1023 2661 1167 2701 migrare.
1212 2660 1287 2691 Hoc
1312 2660 1431 2690 factum
1453 2665 1498 2690 est
1520 2660 1559 2690 ad

835 2711 925 2742 ovid.
942 2717 1015 2742 met.
1030 2712 1082 2743 vii.
1097 2716 1148 2743 50.
1164 2712 1223 2742 xiv.
1239 2715 1311 2743 452.
1334 2711 1401 2742 Liv.
1416 2712 1489 2742 xxii.
1508 2715 1558 2743 19.

832 2767 861 2793 4.
884 2763 929 2792 Et
950 2773 1023 2793 sane
1039 2763 1222 2794 vividiorem
1243 2763 1377 2803 speciem
1399 2769 1555 2794 concerta-

833 2813 926 2845 tionis
943 2824 1007 2853 prae
1029 2825 1061 2844 se
1085 2814 1145 2845 fert
1169 2824 1228 2845 vox
1251 2815 1443 2852 concurrent,
1470 2816 1556 2855 quasi

833 2865 960 2906 agmine
975 2865 1059 2896 facto
1073 2866 1112 2897 de
1127 2865 1237 2896 limine
1252 2867 1479 2906 proruentium.
1508 2865 1559 2895 Ad

834 2919 914 2948 hanc
943 2924 1048 2949 autem
1077 2919 1299 2959 cogitationem
1337 2918 1423 2949 locus
1460 2917 1558 2954 Statii,
