1912 3292
449 283 687 334 LIBER
735 282 1090 332 TERTIUS.
1461 290 1522 336 27

163 421 243 462 Per
262 418 445 460 membra
465 424 587 473 atque
606 422 720 457 artus
739 414 848 456 nulla
870 415 1052 457 novitate
1072 415 1214 457 cietur.

162 495 332 542 Verum,
353 491 426 533 ubi
446 491 681 532 vehementi
701 490 834 547 magis
854 497 915 531 est
934 497 1129 532 conmota
1148 496 1262 532 metu
1281 505 1411 542 mens,

163 567 406 609 Consentire
427 566 611 608 animam
630 572 763 607 totam
783 578 858 620 per
880 564 1069 606 membra
1089 564 1288 607 videmus:

48 646 126 683 155
157 642 417 698 sudoresque
436 642 508 692 ita,
529 641 828 697 palloremque,
851 639 1046 681 exsistere
1066 646 1155 681 toto

159 716 361 772 Corpore,
383 725 425 758 et
445 717 617 774 infringi
638 716 839 774 linguam,
862 729 1087 771 vocemque
1107 714 1278 765 aboriri,

158 790 348 848 Caligare
368 792 523 843 oculos,
547 806 694 833 sonere
714 790 863 842 aureis,
886 789 1102 831 subcidere
1121 796 1247 830 artus.

10 950 32 966 “
48 947 130 978 tari.‘'
170 947 230 979 Sed
243 950 372 981 luminis
385 957 465 981 nutu
481 950 532 980 vix
547 950 654 981 locum
670 956 740 981 tue-

9 998 101 1030 bitur.
156 1000 352 1032 Scribo:—“
379 1001 510 1032 luminis
539 1002 742 1043 numinisque

7 1054 30 1069 “
46 1053 129 1083 initu
151 1053 321 1093 vegetari:”
343 1064 384 1084 ne
399 1054 497 1085 ductu
511 1055 641 1096 quidem
667 1065 738 1085 mu-

7 1106 72 1132 tato
87 1103 239 1144 singulari
253 1104 426 1136 literarum.

50 1153 133 1186 Ibid.
153 1167 279 1188 momen.
327 1157 501 1196 Amobius,
526 1157 578 1188 lib.
594 1158 625 1188 ii.
641 1168 669 1197 p.
687 1160 738 1189 67.

9 1209 77 1229 —“
93 1216 151 1237 nec
174 1207 308 1238 rationes
330 1208 598 1240 considerabimus
625 1216 746 1240 nostras

11 1261 34 1276 “
51 1263 116 1288 tam
143 1269 208 1289 esse
236 1260 392 1299 mortales,
423 1272 518 1301 quam
549 1272 660 1292 sumus
688 1272 745 1292 nos

12 1312 34 1327 “
51 1309 120 1348 ipsi,
151 1316 183 1340 et
211 1311 333 1341 nullius
361 1311 445 1350 apud
474 1312 649 1351 principem
677 1325 743 1343 mo·

12 1364 35 1379 “
49 1362 174 1393 minis.”
205 1363 256 1392 Ex
272 1363 492 1393 emendatione
506 1364 650 1402 Canteri;
667 1375 742 1394 nam

7 1412 129 1443 codices
152 1413 203 1443 hic
229 1413 324 1443 etiam
345 1415 463 1445 habent
488 1418 629 1446 nominis.
675 1416 741 1446 Ite-

8 1473 80 1494 rum
106 1465 281 1504 Arnobius‚
308 1476 337 1506 p.
359 1468 482 1497 77.—“
497 1473 528 1497 et
553 1467 649 1498 modo
675 1478 739 1498 non

6 1517 30 1533 “
45 1515 141 1554 parvi,
169 1515 222 1547 sed
246 1527 311 1547 esse
335 1517 465 1554 nullius,
492 1518 740 1549 existimandum

6 1569 29 1585 “
45 1573 91 1597 est
105 1570 316 1600 mominis—.”
362 1570 459 1601 Hanc
473 1580 583 1601 vocem
600 1572 739 1603 Manilio

6 1618 120 1658 saepius
134 1620 242 1651 intulit
258 1621 412 1662 Scaliger3
436 1622 501 1661 sed,
526 1623 672 1654 Bentleio
683 1624 737 1664 ju·

6 1670 85 1707 dice,
116 1682 272 1714 nusquam
298 1673 438 1705 feliciter.
484 1674 567 1705 Vide
587 1685 674 1714 mox,
698 1675 739 1707 aa

5 1733 83 1754 verr.
101 1728 171 1757 189.
189 1729 261 1758 190.
299 1728 427 1758 Numen
443 1733 550 1758 autem
566 1733 598 1758 et
612 1740 741 1767 momen,

9 1789 97 1816 nevam
113 1783 144 1808 et
156 1780 242 1819 ῥοπῇ,
258 1778 377 1818 optime
388 1780 642 1821 conjunguntur:
667 1791 743 1811 nam

9 1828 170 1862 translatio
185 1830 308 1861 videtur
322 1842 342 1861 a
355 1832 440 1862 trabe
455 1831 490 1862 in
505 1831 690 1872 aequilibrio,
711 1843 743 1863 se

9 1885 163 1911 movente.
209 1881 261 1912 Sic
275 1882 298 1913 J
301 1882 455 1920 uvenalis,
468 1882 514 1913 iii.
532 1885 603 1914 254.

299 1953 382 1977 modo
393 1953 475 1985 longa
485 1957 610 1984 coruscat,

41 1989 150 2013 Sarraco
160 1990 299 2021 veniente,
311 1992 398 2023 abies5
416 1996 499 2023 atque
510 1992 595 2017 altera
607 1993 701 2025 pinum

39 2027 157 2053 Plaustra
179 2029 299 2054 vehunt:
316 2034 413 2055 nutant
429 2031 506 2061 altae,
523 2032 678 2063 populoque
693 2032 743 2057 mi-

164 2071 274 2093 riantur.

9 2125 157 2156 coruscat
178 2131 286 2156 autem
309 2132 412 2166 potest
437 2129 548 2168 vibrat,
579 2130 643 2160 huc
669 2129 744 2161 illuc

7 2176 155 2216 trepidat,
176 2184 335 2210 movetur:
362 2179 472 2211 redeas
494 2181 534 2212 ad
549 2181 633 2212 dicta
655 2182 689 2212 in
710 2183 743 2213 ii.

6 2231 85 2260 520.

51 2279 127 2312 Ver.
146 2284 217 2313 146.
241 2288 269 2314 ει
292 2283 381 2314 deest
404 2285 444 2315 L.
460 2285 510 2316 M.
554 2286 744 2328 Legendum

6 2330 106 2362 forte:

39 2400 125 2430 quue
134 2400 184 2426 sibi
194 2402 282 2428 solum
297 2411 345 2436 per
354 2411 381 2429 se
392 2404 472 2437 sapit,
484 2405 511 2429 id
520 2405 569 2431 sibi
580 2407 690 2438 gaudet.

54 2465 127 2497 Ver.
145 2470 216 2499 147.
238 2468 318 2501 um‘i:
345 2471 364 2501 i.
382 2482 408 2502 e.
431 2471 539 2511 simul,
562 2471 611 2503 vel
631 2472 743 2504 eodem

9 2522 165 2558 tempore:
192 2530 294 2561 neque
318 2521 380 2552 alia
395 2522 518 2553 videtur
542 2533 608 2554 esse
630 2524 742 2555 dictio-

9 2569 61 2600 nis
83 2576 219 2609 potestas
241 2572 275 2602 in
295 2574 459 2613 permultis
482 2575 560 2606 locis
584 2583 742 2615 veterum;

10 2621 145 2663 ideoque
161 2633 225 2654 non
242 2633 341 2655 ausus
361 2636 432 2656 sum
458 2627 591 2658 editores
614 2628 742 2665 imitari,

9 2674 64 2715 qui
79 2673 119 2705 de
141 2685 198 2706 suo
213 2684 421 2716 reposuerunt
434 2681 511 2718 ulla,
538 2680 624 2711 libris
639 2681 742 2711 omni-

9 2726 69 2757 bus
86 2727 182 2759 MSS.
205 2734 237 2759 et
257 2729 349 2760 editis
371 2731 590 2763 vetustioribus
609 2744 675 2764 uno
690 2744 744 2764 ore

9 2777 260 2811 reclamantibus.
309 2781 507 2813 Commutari
526 2793 601 2816 sane
616 2786 673 2816 has
688 2796 741 2816 vo-

9 2838 60 2859 ees
85 2841 180 2870 supra
204 2832 352 2872 vidimus,
380 2833 422 2865 ad
443 2835 463 2865 i.
485 2839 557 2867 666.
582 2836 638 2867 sed
662 2837 743 2866 nihil

10 2885 128 2913 temere
142 2885 324 2916 novandum
342 2893 399 2926 est,
416 2893 447 2917 et
462 2887 663 2920 infructuose.

53 2933 128 2965 Ver.
146 2939 214 2967 148.
236 2944 373 2970 tentante
388 2941 497 2972 dolore.
530 2940 663 2978 Plinius,
679 2947 741 2972 nat.

5 2985 80 3017 hist.
95 2989 199 3022 xxviii.
216 2995 266 3024 56.
290 2996 313 3012 ‘⁶
329 2994 460 3025 Ventris
486 2994 614 3036 quidem
639 2997 741 3027 dolore

785 953 809 969 “
824 950 941 980 tentari
955 953 1073 989 negant
1095 946 1196 978 talum
1212 945 1327 986 leporis
1340 945 1520 976 habentes.'‘

787 1001 875 1032 Alibi
890 1000 1034 1031 similiter
1052 999 1230 1040 elegantem
1246 997 1439 1028 locutionem
1454 997 1520 1028 Lu-

786 1054 901 1084 cretius
916 1051 1070 1089 adhibuit,
1086 1057 1118 1081 et
1132 1050 1186 1080 alii
1197 1052 1276 1080 bene
1291 1049 1396 1080 multi.
1426 1051 1523 1084 Quasi

785 1111 905 1143 autem,
928 1114 985 1144 pro
999 1106 1104 1142 sicuti,
1127 1103 1177 1134 vel
1192 1105 1461 1144 quemadmodum;
1485 1107 1524 1133 ut

784 1158 824 1189 iv.
841 1162 913 1189 162.
953 1157 1030 1188 Huc
1045 1156 1079 1186 in
1093 1156 1202 1196 primis
1217 1155 1350 1195 pertinet
1370 1155 1523 1196 glossator

787 1216 890 1241 vetus:
919 1212 941 1228 “
961 1211 1069 1246 Quasi,
1087 1211 1164 1238 καθα
1180 1209 1256 1249 rep?

831 1262 906 1291 Ver.
934 1263 1007 1291 149.
1044 1260 1209 1290 Laediwr:
1243 1263 1280 1288 Δ.
1306 1259 1443 1289 Editur.-
1480 1257 1524 1288 ita

788 1313 890 1343 solent
914 1312 1024 1351 primae
1049 1311 1149 1341 literae
1175 1310 1293 1348 omitti;
1317 1320 1396 1351 quas
1416 1310 1524 1340 scribae

787 1364 993 1399 reservabant,
1020 1368 1057 1393 ut
1079 1361 1251 1392 studiosius
1267 1367 1442 1399 exararent,
1469 1367 1525 1391 aut

787 1414 906 1456 largius
920 1413 1033 1445 darent
1047 1420 1079 1444 et
1094 1412 1285 1444 exornatius.
1312 1412 1397 1443 Vide
1412 1422 1469 1443 nos
1483 1411 1525 1442 ad

787 1467 929 1508 AEschyli
961 1468 1099 1498 Eumen.
1137 1469 1252 1498 157.—
1264 1468 1519 1498 concruciamur.-

786 1524 827 1550 Π.
843 1530 912 1550 cum
929 1521 1119 1550 cruciamur.

827 1571 903 1602 Ver.
923 1573 991 1602 151.
1014 1572 1112 1610 viget:
1138 1570 1179 1600 V.
1198 1568 1246 1600 cd.
1264 1569 1301 1600 B.
1318 1575 1415 1609 urget.

827 1622 912 1654 Ibid.
930 1621 1062 1654 Loetz'tz'd
1074 1624 1169 1663 viget:
1188 1621 1208 1652 i.
1222 1633 1249 1653 e.
1266 1627 1286 1640 “
1301 1627 1458 1662 vegetam,
1474 1619 1524 1652 vel

784 1681 804 1694 “
819 1677 955 1707 validam
977 1681 1009 1705 et
1034 1675 1208 1715 ingentem,
1234 1673 1329 1704 sentit
1349 1672 1522 1703 laetitiam.'’

789 1727 1043 1759 Consimillimus
1068 1732 1114 1757 est
1142 1737 1219 1757 usus
1246 1726 1333 1756 verbi
1360 1725 1394 1755 in
1419 1725 1522 1766 subja-

787 1784 877 1809 cente
892 1778 961 1808 loco
979 1777 1136 1815 Maronis,
1151 1787 1190 1807 ex
1207 1777 1282 1807 AEn.
1298 1777 1338 1807 iv.
1356 1778 1426 1807 175.

835 1845 976 1870 Mobilitate
986 1845 1071 1877 viget,
1082 1845 1204 1876 viresque
1215 1844 1332 1876 adquirit
1344 1845 1449 1869 eundo:

788 1905 807 1935 i.
824 1915 850 1935 e.
874 1915 1026 1946 magnam
1041 1906 1134 1935 habet
1150 1904 1314 1935 celeritatis
1329 1904 1402 1934 vim.
1449 1904 1522 1934 Ma-

789 1956 849 1986 luit
873 1956 1048 1994 Bentleius,
1078 1959 1100 1974 ‘⁶
1117 1954 1277 1986 Laetitiave
1299 1954 1423 1996 viget:''
1448 1965 1521 1985 cum

788 2008 877 2038 nullo
892 2008 1007 2038 fructu.

831 2061 904 2091 Ver.
918 2063 988 2092 152.
1011 2061 1143 2090 membra
1160 2065 1251 2100 atque
1267 2065 1364 2090 artus.
1405 2059 1456 2089 Sic
1471 2058 1520 2088 di-

787 2112 879 2142 visim
895 2122 1020 2153 quoque
1035 2111 1204 2152 Virgilius,
1222 2112 1297 2141 AEn.
1313 2111 1353 2141 vi.
1369 2113 1440 2143 752.

787 2174 955 2206 Terrenique
965 2174 1097 2199 hebetant
1113 2177 1197 2204 artus,
1215 2173 1431 2205 moribundaque
1446 2180 1522 2198 mem-

941 2214 997 2239 bra.

788 2274 919 2314 Proprie
948 2280 1057 2305 autem
1087 2279 1119 2305 et
1148 2273 1358 2315 conjunctim,
1389 2272 1463 2304 ibid.
1494 2283 1522 2303 v.

788 2330 860 2357 422.

881 2379 914 2402 Et
927 2384 1040 2409 magnos
1051 2376 1218 2401 membrorum
1229 2380 1318 2401 artus.-

787 2438 862 2458 nam
877 2434 964 2459 artus
979 2433 1052 2458 sunt
1066 2438 1099 2458 re
1115 2427 1186 2458 vera
1202 2437 1361 2467 compages
1377 2426 1521 2456 membro-

786 2491 866 2516 rum,
893 2486 987 2521 atque
1011 2479 1164 2520 ligaturae.
1212 2478 1404 2508 Ammianus
1432 2475 1520 2505 Mar-

786 2531 930 2569 cellinus,
956 2531 1016 2561 xiv.
1034 2534 1062 2562 7.
1094 2534 1116 2549 “
1135 2536 1261 2561 artuum
1277 2535 1305 2559 et
1322 2528 1521 2558 membrorum

787 2585 810 2600 “
826 2582 949 2613 divulsa
968 2581 1350 2623 compage—.”—Porr0,
1374 2577 1443 2608 loco
1465 2589 1519 2608 ηο-

785 2635 878 2665 vitate
893 2636 1004 2672 cietur,
1021 2633 1136 2674 legitur
1150 2633 1183 2662 in
1201 2632 1237 2662 L.
1254 2631 1302 2661 M.
1318 2631 1520 2672 novz'tagficie-

787 2691 859 2722 tur5
881 2686 970 2727 quasi
992 2684 1177 2726 marginalis
1198 2682 1412 2721 interpretatio
1434 2691 1519 2722 quae-

787 2736 860 2767 dam
877 2738 959 2768 vocis
969 2740 1078 2774 cietur,
1094 2746 1209 2775 nempe
1220 2735 1385 2775 afficietur,
1402 2743 1434 2764 se
1446 2743 1520 2764 cum

787 2793 935 2819 contextu
950 2788 1128 2827 perturbate
1149 2785 1387 2817 commiscuerit.

831 2838 906 2869 Ver.
926 2842 994 2870 153.
1016 2840 1199 2869 vehementi:
1226 2837 1322 2867 Vind.
1342 2837 1379 2867 V.
1406 2836 1453 2866 ed.
1483 2836 1519 2865 B.

786 2892 921 2921 venienti
924 2906 935 2926 ,·
960 2889 1078 2920 eisdem
1101 2900 1214 2929 nempe
1238 2889 1400 2919 literarum
1417 2886 1519 2918 ducti-

785 2942 855 2978 bus,
878 2946 970 2982 atque
984 2941 1105 2972 brevior
1121 2941 1272 2980 scriptura
1284 2941 1424 2976 vementi,
1447 2948 1518 2978 quae

785 3001 945 3036 comparet
959 2995 993 3026 in
1009 2996 1045 3027 P.
1063 2996 1102 3032 Q.
1119 3000 1150 3026 et
1167 2999 1202 3027 Σ.

737 3056 808 3086 C5
