1912 3292
360 173 450 216 126

861 171 922 220 T.
969 171 1345 223 LUCRETII

500 299 631 342 Haud
651 301 777 359 igitur
794 302 861 345 leti
881 305 1082 360 praeclusa
1099 313 1160 347 est
1171 306 1302 361 janua
1319 306 1460 347 menti.

386 377 468 414 830

556 374 699 426 Quod,
721 376 754 417 si
773 376 878 419 forte
895 378 990 420 ideo
1010 379 1141 437 magis
1159 379 1386 421 inmortalis
1405 377 1597 420 habenda
1614 386 1690 429 est,

499 447 627 498 Quod
647 450 834 493 vitalibus
854 452 906 494 ab
926 452 1062 503 rebus,
1084 453 1258 503 munita,
1280 461 1461 503 tenetur3

497 522 584 564 Aut
607 524 703 580 quia
723 539 808 566 non
828 526 998 567 veniunt
1017 526 1188 567 omnino
1208 526 1340 567 aliena
1358 527 1516 576 salutis3

497 597 584 638 Aut
603 598 716 654 quia,
738 614 833 656 quae
852 601 1036 651 veniunt,
1058 599 1192 656 aliqua
1212 601 1370 641 ratione
1388 601 1586 642 recedunt

499 669 621 712 Pulsa
640 673 768 727 prius,
790 688 928 729 quam,
951 673 1050 730 quid
1071 681 1262 724 noceant,
1285 673 1435 715 sentire
1455 688 1669 730 queamus3

355 822 408 853 sed
432 823 518 854 aliud
544 824 652 855 suadet
673 827 841 865 parallelus
863 829 960 867 locus,
987 830 1027 860 ad
1050 840 1077 861 v,

351 877 424 904 375.
448 874 506 904 nisi
529 875 613 915 quod
639 877 738 907 Carus
759 885 863 909 noster
879 880 935 910 has
951 880 1077 911 diversi-

353 929 431 954 tates
446 926 596 956 sermonis
611 926 651 956 sit
665 937 719 966 per
733 930 841 959 omnia
851 936 993 962 sectatus

397 976 468 1007 Ver.
495 981 566 1009 8529.
591 980 646 1009 leci
664 979 780 1019 janua.
826 982 998 1019 Arnobius,
1024 983 1078 1014 lib.

351 1027 383 1057 ii.
398 1037 427 1066 p.
445 1031 562 1059 64.—“
578 1029 603 1059 si
619 1029 734 1060 animae
749 1032 804 1062 leti
817 1032 935 1063 adeunt
943 1034 1078 1074 januas,

351 1083 375 1099 “
392 1079 523 1120 Epicuri
538 1088 576 1112 ut
591 1083 746 1114 sententia
761 1084 986 1117 definitur—.”

396 1131 480 1162 Ibid.
507 1133 627 1163 Versus
655 1134 743 1165 deest
764 1136 801 1166 L.
824 1136 873 1167 M.
896 1137 1020 1176 rectius,
1043 1144 1080 1169 ut

351 1190 444 1224 puto;
475 1186 561 1217 unde
591 1187 682 1218 lectio
710 1192 812 1229 perire
834 1191 938 1222 versus
963 1203 1078 1232 praece-

350 1236 453 1267 dentis
468 1239 599 1270 omnino
618 1240 712 1271 fuerit
732 1242 949 1274 sincerissima:
979 1255 1078 1286 quum

350 1298 423 1320 vero
443 1290 520 1321 Pius
543 1299 690 1332 agnoscat
707 1303 843 1332 versum,
870 1295 958 1326 nullo
983 1298 1079 1328 modo

349 1341 538 1380 ejiciendum
554 1353 620 1374 esse
639 1345 761 1376 censui:
787 1356 862 1377 nam
888 1347 1078 1380 tolerabilius

348 1398 398 1423 est
411 1394 507 1433 copiae
521 1395 642 1433 vitium,
658 1407 753 1438 quam
763 1397 952 1439 jejunitatis;
975 1411 1077 1442 neque

348 1443 530 1483 simplicitas
543 1447 602 1478 hoc
616 1457 718 1489 genus
728 1448 831 1480 aliena
842 1456 889 1480 est
900 1450 1000 1482 indoli
1009 1452 1075 1483 Lu-

349 1496 504 1528 cretianae.

391 1547 466 1579 Ver.
492 1552 562 1580 850.
591 1552 694 1585 Quod:
726 1552 745 1582 i.
771 1563 797 1583 e.
821 1556 888 1585 καθ’
913 1556 942 1585 o‘:
979 1566 1074 1597 quam

347 1597 529 1638 formulam,
559 1602 794 1634 usitatissimam
817 1605 974 1644 Lucretio,
1004 1607 1073 1637 ani-

346 1659 437 1679 mum
452 1651 564 1690 saepius
585 1652 713 1684 adverti.
760 1654 804 1684 Ni
828 1655 966 1686 multum
991 1657 1072 1688 salli-

347 1709 429 1736 mur,
447 1701 556 1732 eadem
571 1703 645 1734 latet
659 1704 693 1734 in
708 1706 794 1735 ὅσω-ε
821 1706 1015 1747 Graecorum,
1043 1715 1074 1740 et

346 1750 416 1781 aliis
438 1752 669 1793 ,consimilibus;
693 1755 746 1786 sed
770 1756 966 1789 vitiosissima
997 1770 1072 1791 con-

344 1802 479 1834 suetudo
502 1804 639 1844 junctim
667 1806 820 1838 scribendi
850 1814 897 1839 tot
920 1810 1074 1843 dictiones

345 1854 498 1885 sermonis
526 1856 689 1898 utriusque
714 1866 854 1891 mentem
879 1861 1032 1894 lectorum
1054 1875 1073 1895 a

345 1905 418 1936 vera
448 1909 678 1940 constructione
713 1911 826 1942 talium
855 1913 1070 1955 discernenda,

344 1965 409 1987 non
425 1957 493 1988 sine
507 1969 625 2000 magno
646 1961 802 1999 profectus
823 1963 997 2004 dispendio,
1023 1978 1069 1997 se-

344 2009 474 2039 vocavit.
521 2010 714 2050 Exemplum
740 2023 805 2044 non
827 2014 967 2055 ignobile
981 2017 1073 2049 liceat

342 2068 509 2099 apponere,
532 2071 570 2091 ex
588 2061 724 2093 Homeri
741 2063 779 2094 11.
797 2070 830 2096 E.
846 2069 918 2097 258.

378 2146 462 2172 Tua-u
475 2146 497 2172 δ’
511 2158 525 2173 υ
537 2153 612 2175 ,amm
624 2159 695 2178 αυτις
709 2160 836 2178 narravero»
847 2162 917 2181 ωκεες
927 2153 994 2180 lew

379 2193 465 2227 Αμφω
475 2194 518 2228 αφ’
528 2195 625 2229 ἦμειων·
641 2206 658 2222 ει
670 2207 717 2228 7⁸¹
731 2197 806 2233 ἔτερος
818 2209 847 2231 7⁶
859 2207 969 2236 φησιν.

341 2268 376 2300 si
390 2269 470 2302 illud
485 2284 539 2312 yur
553 2272 678 2304 divisim
692 2275 801 2306 fuisset
815 2277 965 2317 scriptum
982 2281 1013 2320 ‘y'
1027 2293 1069 2319 vv,

340 2319 455 2360 duplex
472 2336 507 2363 yn
523 2323 627 2355 locum
643 2326 767 2357 mendae
781 2329 1067 2362 manifestissimum

339 2372 467 2405 cuilibet
493 2375 626 2416 fecisset,
664 2384 757 2419 atque
787 2380 982 2413 Maeonidem
1011 2383 1065 2415 de-

338 2423 434 2455 disse:

377 2518 610 2530 ——-
621 2519 638 2536 υ
649 2509 678 2536 Γ’
690 2513 759 2538 ΟΥΝ
770 2512 846 2550 inpos
858 2516 900 2540 ΚΕ
913 2522 1023 2552 coptam

340 2577 422 2609 Rem
439 2580 606 2614 declarabit
628 2584 819 2618 scholiastes:
847 2592 880 2618 Ea
896 2590 925 2618 r'
942 2594 994 2620 AN
1010 2602 1066 2621 erm

337 2627 400 2660 3110:
426 2631 444 2662 ἰ.
461 2643 489 2664 e.
505 2640 538 2666 Ει
553 2649 589 2676 γε
605 2650 689 2669 22—-

380 2681 455 2714 Ver.
482 2689 552 2717 851.
584 2691 688 2723 Quod:
714 2694 750 2721 Δ.
785 2692 1059 2726 Qui—vitalibus.-

336 2731 378 2763 V.
393 2733 442 2764 ed.
456 2737 489 2766 in
504 2740 616 2771 talibus
621 2757 632 2777 ;
656 2741 774 2773 eisdem
786 2754 911 2783 prorsus
926 2744 1062 2776 elemen-

335 2783 383 2814 tis.
436 2787 583 2821 Vitalibus
599 2798 716 2830 nutem,
740 2795 808 2835 ejus
828 2796 925 2827 vitam
939 2807 1062 2828 conser-

334 2837 478 2870 vantibus
491 2850 528 2871 nc
543 2844 714 2884 tuentibus,
725 2847 894 2880 contineri:
915 2849 986 2880 vide
1002 2860 1063 2882 ver.

1121 832 1194 861 856.
1211 829 1419 868 obstupescas
1430 829 1550 860 interea
1560 828 1667 860 sceleri
1681 828 1846 868 impuden-

1121 880 1241 911 tissimo
1256 881 1412 911 editorum
1427 880 1467 910 de
1488 880 1553 910 suis
1574 879 1759 910 commentis
1781 879 1846 910 Lu-

1122 931 1217 962 cretio
1231 931 1468 962 obtrudentium
1490 931 1732 962 insulsissimam
1749 930 1848 962 unde·

1122 993 1245 1024 quaque
1281 983 1454 1014 dictionem
1490 985 1641 1015 letalibus.
1690 983 1850 1024 Magnum

1123 1043 1195 1064 vero
1209 1034 1389 1074 praesidium
1404 1035 1446 1077 (si
1457 1036 1515 1066 hac
1525 1035 1575 1066 via
1586 1035 1850 1066 constructionem

1123 1086 1326 1128 aggrediaris)
1343 1088 1458 1119 scilicet
1469 1089 1514 1119 rei
1525 1089 1662 1129 cuipiam
1672 1089 1800 1128 ponitur
1815 1088 1850 1118 in

1122 1138 1271 1174 letalibus,
1299 1138 1340 1170 ad
1365 1140 1513 1172 salutem!
1537 1146 1574 1170 ut
1594 1139 1675 1171 nihil
1690 1140 1793 1170 dicam
1810 1139 1851 1181 (ω’

1122 1189 1209 1220 illam
1232 1190 1332 1232 ineas)
1356 1191 1396 1222 de
1421 1192 1602 1231 Latinitate,
1627 1195 1649 1211 ‘⁴
1665 1192 1790 1222 munita
1813 1192 1852 1222 ab

1123 1243 1145 1259 ‘⁴
1162 1242 1287 1279 rebus,”
1302 1253 1397 1283 quam
1413 1243 1470 1274 sibi
1485 1244 1560 1274 boni
1575 1243 1631 1274 viri
1647 1243 1805 1282 finxerint,
1816 1242 1851 1274 in
1871 1254 1875 1265 ¹

1121 1292 1207 1322 hunc
1223 1303 1322 1334 usque
1337 1294 1434 1333 diem,
1450 1295 1511 1325 nisi
1527 1295 1629 1333 fallor,
1653 1295 1737 1335 apud
1752 1300 1853 1326 castos

1122 1343 1284 1382 scriptores
1312 1345 1504 1384 inauditam
1530 1346 1608 1385 vice,
1632 1346 1792 1387 “defensa
1815 1347 1855 1377 ab

1121 1396 1143 1412 “
1159 1395 1382 1427 rebus.’'-ab.·
1418 1402 1453 1427 Δ.
1476 1409 1514 1432 a,·
1543 1403 1588 1428 Ω.
1612 1398 1787 1430 ad.—Mox
1815 1397 1853 1430 P.

1114 1446 1220 1484 plena,
1239 1445 1305 1476 loco
1319 1449 1442 1478 atiena:
1467 1454 1499 1478 et
1516 1447 1555 1480 Ο.
1569 1449 1677 1479 saluae.

1162 1497 1234 1527 Ver.
1247 1501 1319 1528 855.
1340 1498 1467 1538 aliqud:
1495 1505 1536 1531 Π.
1552 1499 1681 1540 reliqua.

1161 1548 1234 1579 Ver.
1259 1553 1329 1580 854.
1361 1552 1453 1590 quid.-
1480 1555 1515 1582 Δ.
1541 1553 1639 1592 quod‚·
1664 1551 1702 1582 P.
1727 1551 1768 1583 V.
1794 1551 1844 1584 ed.

1117 1601 1186 1640 que}
1211 1600 1230 1630 i.
1249 1611 1276 1630 e.
1297 1600 1364 1641 qui,
1388 1601 1438 1632 vel
1452 1612 1516 1644 quo
1530 1602 1639 1634 modo:
1665 1602 1751 1644 quod
1775 1612 1847 1634 vero

1117 1650 1219 1681 simile
1234 1658 1291 1689 est,
1307 1658 1415 1692 utpote
1430 1654 1539 1685 minus
1554 1654 1675 1685 tritum.

1159 1702 1234 1732 Ver.
1251 1707 1322 1735 835.
1339 1704 1457 1735 Versus
1467 1705 1518 1736 hic
1532 1707 1571 1736 ab
1581 1706 1730 1737 omnibus
1740 1715 1846 1737 exem-

1116 1753 1262 1793 plaribus,
1285 1761 1350 1786 tam
1375 1756 1472 1788 MSS.
1500 1767 1595 1798 quam
1622 1756 1722 1794 editis,
1749 1759 1849 1797 abest,

1118 1811 1228 1844 praeter
1245 1806 1282 1837 P.
1299 1814 1329 1838 et
1345 1814 1438 1847 recte,
1450 1814 1486 1839 ut
1499 1819 1571 1840 mea
1584 1809 1646 1840 fert
1659 1809 1780 1850 opinio;
1807 1809 1848 1841 ad

1116 1858 1172 1888 has
1196 1858 1280 1889 enim
1306 1859 1457 1899 ellipticas
1480 1861 1606 1892 dicendi
1630 1861 1784 1893 formulas
1798 1861 1848 1893 lu-

1115 1911 1223 1940 benter
1238 1911 1400 1950 scriptores
1415 1912 1527 1951 optimi
1538 1912 1738 1954 confugiunt,
1765 1919 1801 1944 ut
1829 1923 1850 1944 a

1115 1960 1208 1991 taedio
1235 1961 1406 1992 defendant
1434 1963 1616 1994 orationem.
1660 1963 1713 1994 De
1734 1964 1793 1994 hac
1812 1974 1848 1995 re

1115 2022 1188 2042 vero
1203 2018 1324 2043 nostras
1346 2013 1629 2044 animadversiones
1644 2024 1710 2045 non
1724 2014 1846 2045 infruc-

1114 2069 1204 2094 tuose
1219 2063 1373 2100 consulas,
1392 2074 1469 2104 quas
1484 2065 1642 2096 uberiores
1657 2066 1846 2106 aspersimus

1114 2115 1147 2146 in
1161 2115 1236 2147 Silv.
1255 2117 1331 2148 Crit.
1347 2123 1418 2148 sect.
1435 2117 1545 2149 clxxvi.
1560 2118 1657 2150 initio.

1155 2163 1237 2198 Ibid.
1261 2179 1280 2198 a
1296 2170 1414 2200 racione
1428 2171 1515 2210 longe
1528 2176 1685 2202 remotum.
1708 2170 1842 2211 Apulei-

1114 2232 1160 2258 uS‚
1189 2227 1265 2254 met.
1296 2222 1336 2253 iv.
1361 2233 1390 2262 p.
1416 2226 1489 2255 277.
1521 2228 1543 2243 ‘⁴
1568 2225 1645 2256 Post
1668 2226 1748 2264 haec,
1777 2225 1846 2260 vale

1114 2276 1136 2291 “
1153 2273 1247 2312 facto,
1274 2274 1485 2312 discessimus;
1510 2282 1550 2313 et,
1574 2282 1696 2316 portam
1712 2277 1844 2308 civitatis

1113 2328 1136 2343 ‘⁶
1152 2325 1278 2366 egressi,
1308 2326 1541 2358 monimentum
1576 2327 1735 2369 quoddam
1765 2338 1840 2360 con·

1111 2378 1135 2395 “
1150 2375 1305 2415 spicamur
1313 2379 1427 2417 procul
1436 2389 1455 2408 a
1471 2377 1521 2410 vici
1535 2385 1695 2418 remotum,
1710 2385 1742 2410 et
1751 2379 1840 2411 abdi-

1111 2431 1133 2446 “
1150 2434 1183 2458 to
1197 2428 1266 2459 loco
1282 2429 1443 2468 positum.”
1490 2430 1542 2462 Sic
1556 2441 1639 2462 unus
1653 2431 1762 2471 codex,
1783 2442 1839 2473 op-

1111 2479 1203 2512 timez
1228 2481 1333 2522 vulgo,
1348 2489 1472 2514 remoto.

1143 2541 1218 2572 Ver.
1229 2545 1302 2574 856.
1316 2543 1469 2575 Mirificas
1479 2546 1586 2576 turbas
1595 2545 1733 2576 excitant
1741 2544 1773 2576 in
1783 2545 1843 2576 hoo

1107 2601 1197 2623 versu
1207 2593 1383 2625 exhibendo
1391 2595 1509 2626 librarii
1519 2596 1690 2636 scriptores.
1702 2597 1840 2628 Proeter:

1108 2644 1151 2675 V.
1163 2644 1210 2675 ed.
1222 2647 1259 2676 B.
1270 2648 1410 2687 Propter;
1420 2647 1535 2679 deinde
1543 2647 1730 2689 adjungunt,
1740 2651 1840 2688 aegn't.

1106 2697 1272 2727 -omorhiae
1291 2697 1388 2728 Vind.
1401 2698 1442 2728 V.
1453 2698 1502 2729 ed.
1517 2699 1556 2729 B.
1572 2698 1611 2729 Ο.
1628 2703 1663 2729 Δ.
1681 2704 1722 2729 Π.
1739 2702 1773 2730 Σ.
1791 2704 1838 2730 Ω.

1106 2748 1203 2778 morbi
1216 2754 1257 2779 est
1264 2764 1275 2785 ,·
1298 2749 1383 2789 quod
1398 2749 1569 2780 formatum
1583 2754 1630 2780 est
1643 2760 1681 2780 ex
1701 2751 1835 2787 mor-bist.

1106 2803 1229 2838 arrepto
1250 2805 1263 2830 t
1285 2799 1430 2831 dictionis
1458 2801 1622 2832 venientis:
1659 2801 1703 2832 sic
1727 2807 1835 2833 autem

1107 2850 1281 2882 scribebant
1310 2865 1344 2883 w
1377 2853 1475 2888 morbi
1501 2859 1679 2886 esa-tum.-
1716 2854 1757 2885 V.
1786 2851 1836 2884 ed.
1882 2880 1884 2883 ,
