1912 3292
515 240 752 291 LIBER
799 237 1150 287 TERTIUS.

1487 248 1578 288 183

231 377 400 431 Sceptra
418 372 586 428 potitus,
607 369 750 412 eadem
771 368 858 410 aliis
878 369 1033 424 sopitus
1053 368 1189 424 quiete
1208 375 1279 409 est.

284 447 491 502 Denique,
513 443 818 494 Democritum,
839 449 935 498 post
954 456 1079 498 quam
1103 449 1266 483 matura
1285 448 1460 485 vetustas

276 601 347 633 iacet
358 599 460 632 campis
472 598 631 631 Carthaginis
641 599 727 623 horror
734 606 744 624 .·

115 645 212 668 Forsan
225 640 348 674 Scipiadae
356 639 475 665 confecti
486 640 596 664 nomina
607 638 670 663 belli

114 685 258 714 Rapturus,
269 681 290 705 si
300 680 358 712 quis
368 679 488 712 paullum
499 679 564 705 deus
575 679 685 704 adderet
695 685 766 703 aevo.

86 758 150 790 Ubi
165 758 282 794 malim,
305 759 380 793 aevi;
406 756 446 788 ad
468 766 562 787 usum
581 755 733 786 tritiorem
748 754 809 786 ele-

84 811 236 853 gantioris
250 810 438 841 Latinitatis.

126 864 202 895 Ver.
215 867 306 894 1048.
322 865 466 906 infimus:
486 862 524 892 P.
537 862 704 902 improbus‚-
720 859 811 891 male.

127 916 208 947 Ibid.
230 917 348 947 Famul
366 925 460 945 suum
475 914 641 945 Lucretius
655 913 759 943 hausit
773 923 811 943 ex

84 967 234 999 Enniano
248 967 344 1003 fonte,
369 971 445 996 teste
468 965 576 996 Nonio
592 963 755 1000 Marcello,
778 964 810 995 ii.

83 1022 158 1051 522.
183 1022 205 1038 “
223 1020 350 1057 Famul,
365 1017 512 1048 famulus.
532 1016 665 1052 Ennius,
681 1015 733 1046 lib.
749 1014 810 1046 viii.

247 1104 390 1129 Mortalem
407 1110 548 1128 summum
567 1103 684 1127 Fortuna
701 1104 812 1133 repente

86 1145 106 1159 ‘⁴
116 1144 253 1174 Reddidit,
260 1147 291 1168 ut
298 1150 405 1168 summo
413 1151 425 1167 e
431 1142 607 1175 regnosamul
613 1141 717 1173 infimus
722 1141 813 1165 esset.”

86 1229 138 1260 Sic
151 1228 334 1260 facillimam
349 1228 502 1260 laboranti
528 1233 690 1258 structurae
705 1225 811 1256 mede-

84 1281 148 1312 lam
165 1281 286 1311 afferas:
317 1286 349 1310 et
362 1280 419 1310 viri
442 1279 526 1310 docti
549 1277 747 1318 probabiliter
764 1287 812 1306 re-

84 1337 209 1372 ponunt
236 1333 369 1374 infimus,
396 1340 453 1369 pro
482 1331 622 1369 optimus,
652 1327 816 1357 laudantes

86 1381 190 1413 Plaut.
208 1382 295 1420 Capt.
311 1381 343 1410 ii.
360 1384 391 1411 2.
409 1383 462 1411 55.
493 1381 612 1411 Famul
626 1384 743 1414 autem,
759 1387 815 1417 pro

75 1434 219 1474 famulus
225 1447 236 1468 ,·
261 1437 298 1462 ut
315 1430 418 1463 Graeci
434 1430 482 1470 δω,
506 1440 562 1470 pro
577 1430 671 1470 δωμα·
694 1435 725 1459 et
746 1429 816 1459 aliis

84 1485 119 1515 in
133 1484 249 1515 multis.

130 1539 204 1570 Ver.
223 1541 314 1570 1049.
338 1538 443 1569 Adde.-
469 1536 490 1568 i.
505 1547 530 1567 e.
558 1547 624 1568 non
647 1547 731 1577 reges
745 1542 814 1567 tan-

86 1597 156 1622 tum
181 1589 388 1630 potentissimi
414 1594 446 1619 et
468 1588 714 1628 prudentissimi,
741 1599 816 1619 cum

88 1642 236 1675 maximis
249 1643 493 1682 imperatoribus,
516 1646 616 1671 morte
631 1640 705 1671 victi
720 1641 814 1671 decu-

86 1698 202 1734 buere;
224 1695 279 1726 sed
288 1697 387 1736 po'etoe
404 1693 532 1729 summi,
551 1694 794 1733 philosophique.

133 1747 214 1778 Ibid.
236 1752 401 1787 repertores
416 1746 637 1776 doctrinarum.
666 1743 741 1773 Non
755 1743 816 1773 mi-

90 1809 162 1829 rum
177 1804 234 1836 est,
256 1799 314 1828 hos
328 1807 444 1832 versus,
461 1795 553 1835 plane
569 1794 700 1830 divinos,
716 1799 818 1824 vetus-

90 1850 130 1880 tis
145 1849 346 1888 scriptoribus
359 1846 583 1878 studiosissime
599 1856 664 1875 esse
678 1846 818 1875 observa-

92 1906 147 1931 tos.
171 1899 296 1930 Plinius
305 1899 368 1929 huc
382 1898 525 1937 respexit,
542 1896 582 1927 ad
594 1902 656 1926 nat.
668 1896 738 1926 hist.
750 1906 820 1927 xxv.

92 1955 121 1983 5.
146 1955 169 1970 ‘⁶
187 1952 340 1981 Homerus
365 1949 503 1990 quidem,
529 1948 649 1988 primus
663 1949 819 1978 doctrina-

92 2006 115 2022 “
131 2014 200 2033 rum
216 2007 248 2032 et
261 2000 454 2041 antiquitatis
468 2010 589 2040 parens,
610 1999 730 2030 multus
744 1999 820 2030 alias

93 2057 116 2073 ‘⁴
132 2053 167 2083 in
189 2052 397 2083 admiratione
414 2052 529 2086 Circes,
553 2050 686 2091 gloriam
706 2052 818 2081 herba-

94 2108 116 2125 “
133 2115 204 2136 rum
214 2105 354 2145 AEgypto
365 2102 547 2134 tribuit—.”
565 2101 731 2143 Virgilius,
744 2102 819 2133 AEn.

93 2157 145 2188 vii.
161 2159 233 2188 772.

227 2227 375 2257 repertorem
386 2223 517 2248 medicinae
527 2222 597 2253 talis,
615 2225 644 2248 et
655 2222 758 2247 artis—.

98 2286 270 2322 Arnobius,
292 2286 345 2316 lib.
371 2285 390 2316 i.
416 2296 446 2324 p.
472 2288 521 2315 24.
554 2287 576 2303 “
596 2283 824 2322 AEsculapium‚

98 2341 120 2358 “
139 2340 375 2369 medicaminum
389 2335 646 2377 repertorem—.''
686 2335 825 2370 Orosius,

111 2392 121 2408 ‘
138 2388 208 2418 hist.
225 2388 244 2419 i.
259 2391 289 2418 4.
321 2391 343 2406 “
361 2386 734 2426 Zoroastrem—magicae
749 2388 826 2416 artis

100 2443 122 2460 ‘⁶
138 2439 389 2479 repertorem—.”
412 2437 622 2469 Locutionem
639 2438 686 2467 M.
702 2436 828 2467 Tullius

110 2492 289 2528 mmutavit‚
306 2492 345 2523 de
356 2497 431 2522 orat.
447 2492 468 2522 i.
484 2494 581 2522 4.-“
597 2490 742 2521 omnium
757 2493 827 2521 doc-

101 2547 124 2562 “
139 2545 294 2574 crinorum
307 2545 500 2581 inventrices,
514 2542 729 2572 Athenas—2²
760 2541 828 2573 Ser-

101 2595 184 2626 vavit
199 2600 306 2625 autem
323 2594 469 2632 Ovidius,
486 2594 601 2625 remed.
617 2604 677 2624 am.
695 2596 745 2625 76.

133 2662 267 2692 Carminis,
279 2666 311 2687 et
322 2662 450 2693 medicae,
467 2662 579 2692 Phoebe,
596 2665 705 2694 repertor
715 2663 780 2695 opis.

148 2719 230 2752 Ibid.
252 2722 406 2761 leporum:
432 2721 452 2752 i.
470 2731 496 2752 e.
522 2724 544 2739 “
561 2720 721 2751 literarum
735 2731 831 2751 amoe-

106 2773 130 2789 “
146 2771 273 2802 niorum
287 2771 468 2810 omnium,’'
493 2778 604 2812 praeter
614 2775 751 2813 poeticas
770 2772 831 2803 ele-

109 2821 246 2861 gantias;
261 2822 300 2854 de
315 2823 428 2864 quibus
446 2823 479 2853 in
494 2833 584 2854 versu
600 2822 749 2863 proximo.

154 2871 226 2903 Ver.
245 2877 336 2906 1050.
361 2877 603 2907 Heliconiadum
630 2878 760 2908 comites.
786 2875 838 2906 Ita

114 2924 310 2958 Mantuanus
325 2927 389 2967 ille,
414 2928 490 2960 AEn.
505 2928 546 2960 ix.
564 2930 636 2960 775.

154 2984 243 3017 Vox..
260 2985 309 3017 ΙΙ.

1153 595 1274 621 amicum
1285 596 1402 622 Crethea
1410 597 1507 627 Musis3

898 635 1024 665 Crethea,
1041 637 1178 660 Musarum
1188 635 1310 660 comitem.

853 709 920 741 Ubi
941 710 976 741 in
999 710 1107 741 Servio
1121 709 1225 741 videas
1246 708 1443 751 grammatici
1463 709 1581 751 jejuni-

853 767 960 793 tatem.

898 813 979 844 Ibid.
1002 825 1083 845 unus
1099 815 1272 845 Homerus:
1298 813 1318 844 i.
1335 823 1360 844 e.
1377 813 1500 852 unicus,
1516 814 1584 845 sine

854 865 958 904 rivali3
989 866 1041 896 cui
1070 866 1151 896 nihil
1180 865 1281 896 simile
1310 871 1366 895 aut
1391 866 1581 898 secundum:

855 917 925 948 vide
940 917 971 949 ii.
990 920 1082 949 1076.
1106 916 1282 958 Magnifice
1307 917 1464 957 profect03
1487 917 1540 949 sed
1555 924 1587 949 et

855 979 934 1000 vere.
977 969 1120 1000 Velleius
1146 969 1332 1000 Paterculus
1352 969 1505 1007 similiter,
1528 980 1587 1001 nec

854 1021 961 1052 minus
971 1021 1152 1059 honorifice,
1164 1020 1203 1051 de
1215 1020 1270 1051 illo
1278 1020 1395 1057 scribit,
1405 1021 1425 1052 i.
1437 1024 1465 1052 5.
1478 1025 1501 1040 “
1513 1021 1586 1052 Cla-

856 1077 879 1093 “
895 1074 1057 1104 rissimum
1074 1073 1187 1104 deinde
1210 1073 1346 1103 Homeri
1360 1072 1476 1103 inluxit
1497 1074 1586 1115 inge-

858 1127 880 1143 “
898 1124 998 1161 nium,
1008 1127 1074 1156 sine
1083 1126 1213 1164 exemplo
1225 1126 1412 1154 maximum:
1431 1124 1486 1164 qui
1498 1135 1587 1166 ma„-

859 1179 882 1194 “
897 1175 1042 1205 nitudine
1057 1175 1170 1214 operis,
1194 1180 1225 1204 et
1253 1174 1378 1214 fulgore
1399 1176 1588 1215 carminum,

857 1229 881 1245 “
897 1225 981 1256 solus
995 1225 1144 1264 appellari
1160 1225 1260 1255 Po'e'ta
1273 1225 1421 1255 meruit.‘’
1466 1226 1587 1257 Versu-

857 1287 913 1307 um
928 1282 1036 1306 autem
1058 1275 1322 1306 Lucretianorum
1341 1277 1530 1308 sententiam
1545 1279 1590 1309 sic

860 1326 993 1357 Ovidius
1008 1326 1188 1356 suavissime
1202 1326 1353 1364 dilatavit,
1376 1338 1474 1359 amor.
1493 1329 1537 1360 iii.
1561 1334 1591 1362 9.

859 1380 909 1408 25.
940 1388 1035 1418 quem
1064 1377 1170 1407 locum
1199 1387 1270 1408 vere
1299 1379 1516 1416 constitutum,
1551 1380 1592 1411 ad

859 1429 1038 1460 Burmanni
1055 1439 1181 1471 quoque
1196 1435 1348 1469 mentem,
1372 1431 1530 1464 dabimus:

875 1515 969 1546 Adjice
979 1516 1164 1547 Moeonidem3
1183 1523 1199 1541 a
1210 1523 1275 1548 quo,
1286 1523 1337 1542 ceu
1349 1517 1428 1542 fonte
1438 1518 1559 1549 perenni,

906 1555 1006 1579 Vatum
1018 1555 1105 1580 Pieriis
1115 1562 1162 1579 ora
1173 1555 1295 1586 rigantur
1305 1556 1396 1586 aquis;

875 1596 953 1620 Hunc
966 1601 1075 1626 quoque
1085 1601 1193 1619 summa
1203 1595 1259 1620 dies
1269 1595 1347 1627 nigro
1358 1595 1457 1620 demisit
1467 1596 1575 1622 Averno
1585 1608 1591 1626 :

907 1634 1051 1666 Defugiunt
1062 1634 1154 1659 avidos
1165 1635 1286 1660 carmina
1297 1634 1352 1660 sola
1361 1642 1449 1667 rogos.

904 1709 980 1740 Ver.
1001 1712 1094 1740 1051.
1104 1712 1240 1749 potitus:
1266 1710 1366 1740 Vind.
1385 1710 1425 1740 V.
1441 1710 1489 1741 ed.
1506 1716 1537 1741 et
1553 1718 1593 1742 Π.

856 1762 963 1800 polius
972 1775 982 1795 ;
1009 1760 1148 1798 Nonius,
1163 1761 1215 1791 vii.
1232 1764 1303 1791 112.
1314 1763 1443 1801 potitur.

907 1811 990 1841 Ibid.
1015 1812 1140 1850 Sceptra
1150 1813 1277 1851 potitus.
1308 1811 1420 1852 Hujus
1434 1812 1598 1852 regiminis

864 1863 1006 1903 exempla
1022 1872 1131 1892 cernas
1145 1863 1237 1903 plura.
1259 1863 1293 1893 in
1321 1863 1439 1899 Nonio,
1466 1863 1487 1894 l.
1513 1874 1539 1894 c.
1566 1869 1597 1894 et

864 1916 906 1946 ix.
931 1919 980 1946 14.
1007 1919 1057 1947 21.
1082 1915 1207 1946 Redeas
1232 1914 1273 1945 ad
1297 1915 1329 1945 ii.
1348 1918 1421 1946 652.
1446 1915 1596 1946 Lucretii.

866 1967 954 1998 Hinc
980 1967 1113 1997 libenter
1136 1967 1322 2007 castigarem
1337 1966 1467 2007 Virgilii
1490 1966 1597 1998 locum

864 2018 957 2057 plane
973 2018 1160 2058 depositum,
1176 2016 1445 2058 deploratumque,
1462 2018 1539 2048 AEn.
1554 2017 1597 2050 ix.

863 2072 936 2100 563.

864 2140 924 2163 Post
936 2141 1067 2168 mortem,
1084 2137 1191 2171 spolium
1203 2137 1306 2168 Rutuli,
1314 2137 1496 2170 praedamque,
1504 2138 1578 2171 potiti
1583 2149 1592 2165 .-

866 2210 903 2235 ut
917 2215 992 2235 mox
1015 2204 1090 2235 ibid.
1115 2215 1176 2235 ver.
1200 2207 1274 2235 450.
1300 2206 1443 2244 spolium,
1465 2206 1599 2245 spallam,

868 2259 978 2297 spolio:
1006 2256 1091 2287 unde
1112 2257 1239 2298 vulgata
1265 2256 1370 2287 lectio:
1397 2256 1452 2287 sed
1477 2257 1516 2287 de
1542 2258 1600 2286 hoc

869 2308 983 2339 eruditi
998 2309 1148 2347 viderint;
1176 2319 1233 2339 nos
1254 2308 1341 2339 haud
1356 2308 1485 2348 poenitet
1499 2308 1600 2348 suspi-

871 2360 995 2391 cionem
1011 2360 1044 2390 in
1060 2360 1204 2392 medium
1219 2361 1262 2392 sic
1277 2360 1451 2400 protulisse.

915 2414 995 2444 Ibid.
1018 2413 1122 2445 eadem
1138 2417 1226 2446 aliis:
1255 2429 1280 2446 εν
1296 2417 1397 2455 τάνυ-ῳ
1414 2428 1470 2448 τοις
1487 2420 1600 2449 azzon,

871 2466 919 2496 uti
950 2467 1129 2506 Xenophon
1158 2467 1283 2498 locutus
1313 2472 1367 2502 est,
1395 2467 1485 2496 anab.
1507 2465 1550 2496 iii.
1573 2475 1603 2505 p.

875 2520 947 2549 195.
972 2523 1003 2548 et
1020 2518 1196 2558 Sophocles,
1219 2518 1319 2549 Elect.
1337 2521 1408 2549 269.

1238 2615 1312 2643 ειςιδω
1325 2614 1347 2641 δ’
1358 2614 1495 2650 εσθηματα

993 2662 1098 2697 ‘Papam'
1109 2673 1187 2697 εκεινῳ
1197 2663 1331 2690 ‘ro'wrtz—.

879 2748 980 2779 Simili
996 2749 1151 2780 structura
1165 2759 1242 2780 usus
1256 2754 1303 2780 est
1319 2748 1462 2789 OvidIus,
1478 2758 1574 2780 amor.
1587 2749 1605 2780 i.

877 2805 906 2832 4.
925 2804 953 2832 1.

928 2868 974 2893 Vir
985 2872 1047 2894 tuus
1059 2872 1098 2895 est
1109 2870 1200 2902 epulas
1210 2869 1279 2895 nobis
1290 2870 1410 2895 aditurus
1421 2869 1519 2894 easdem
1529 2878 1538 2894 :

883 2927 924 2960 ad
939 2939 1034 2970 quem
1049 2939 1174 2962 versum
1189 2929 1249 2961 alia
1259 2930 1390 2972 hujusce
1400 2927 1546 2961 formulae
1557 2937 1609 2958 ex-

847 2987 881 3017 N
