1912 3292
0 701 2 724 Ι

0 700 10 824 5

11 903 150 945 margine
167 910 210 934 Ω..
234 905 537 935 sacra—Heliconi:
564 903 601 934 P.
631 904 667 934 B.
690 909 733 933 Ω.

12 958 179 989 Heliconis.

51 1007 132 1038 Ibid.
154 1007 256 1047 Lego:

67 1081 173 1106 Nomen
183 1081 216 1105 ab
228 1080 350 1112 organicis
360 1080 410 1104 alto
421 1080 541 1105 delatum
554 1079 684 1104 Helicone.-

13 1142 80 1180 ·'ve,
96 1142 149 1179 ait,
164 1143 312 1183 organici,
328 1143 377 1173 vel
392 1143 514 1181 musici,
533 1145 584 1184 (ut
598 1143 629 1173 ii.
645 1143 735 1183 412.)

25 1203 77 1222 am
91 1203 199 1223 vocem
219 1204 257 1224 ex
275 1194 431 1224 Helicone
447 1194 635 1230 detulerunt,
658 1194 693 1236 (i.
709 1204 734 1224 e.

15 1244 62 1284 psi
92 1246 263 1275 commenti
288 1246 376 1285 sunt)
397 1246 461 1276 sive
484 1246 613 1276 aliunde
644 1256 737 1285 porro

21 1302 167 1326 raxerunt
181 1297 220 1326 ab
234 1297 302 1326 aliis
316 1302 478 1336 repertam,
491 1303 522 1327 et
533 1297 574 1327 ad
585 1307 673 1327 suam
687 1308 734 1327 ar-

22 1358 73 1377 em
88 1347 319 1378 transtulerunt.

508 1400 735 1432 BENTthus.

26 1452 174 1494 ngeniose
199 1451 338 1492 quidem,
373 1450 428 1481 sed
451 1451 545 1481 nimis
570 1451 734 1491 laboriose,

25 1510 97 1546 tque
119 1503 158 1534 ad
178 1503 281 1534 Vossii
305 1509 457 1542 mentem,
483 1503 545 1533 nisi
568 1504 654 1544 quod
680 1504 736 1535 ille

27 1555 138 1586 oluerit
148 1557 189 1585 ad
199 1557 365 1595 organicos.
399 1555 467 1585 Nec
479 1554 579 1594 placet
589 1569 622 1586 ero
632 1558 734 1593 redde,

23 1607 51 1637 ’c
65 1606 149 1637 nude
157 1606 309 1637 relictum.
340 1606 476 1637 Pulchre
488 1612 610 1637 vetusta
620 1618 736 1638 manus

55 1658 197 1698 margine
212 1657 326 1688 codicis
341 1658 442 1688 nostri
459 1665 503 1689 Ω.
520 1659 564 1689 sic
574 1669 734 1690 commen-

0 1712 2 1717 '
38 1717 102 1742 tur:
130 1714 152 1729 “
170 1713 276 1742 Redde
302 1722 427 1742 nomen:
453 1711 473 1741 i.
499 1722 525 1742 e.
550 1712 589 1742 sit
619 1723 736 1743 nomen

23 1766 33 1781 ‘
45 1761 128 1792 illud
141 1762 365 1801 inventoribus,
381 1768 531 1803 tanquam
543 1773 674 1802 vanum,
688 1775 737 1795 re-

23 1818 32 1833 ‘
48 1814 222 1845 stitutum.”
268 1815 344 1845 Non
366 1821 496 1854 poterat,
520 1816 642 1855 opinor,
666 1818 736 1847 bre-

29 1868 89 1906 ius,
105 1869 287 1908 simplicius,
303 1876 395 1910 atque
406 1870 608 1908 luculentius,
619 1871 736 1901 Lucre-

25 1921 47 1951 ii
61 1927 201 1951 mentem
212 1921 259 1951 vir
273 1921 382 1952 doctus
397 1922 607 1953 declaravisse.

45 1972 201 2003 ffectatam
216 1977 321 2003 tamen
332 1973 480 2012 phrasim,
491 1976 635 2014 organico
644 1977 737 2012 saltu,

34 2035 132 2065 equeo
153 2034 356 2065 concoquere,
382 2035 440 2055 nec
465 2026 575 2056 dubito
598 2026 674 2066 quin
698 2027 738 2058 sit

25 2075 208 2106 ‘brariorum
253 2076 437 2115 corruptela.
499 2078 587 2108 Dicit
627 2079 737 2120 utique

49 2127 109 2163 ‘'ta,
126 2137 242 2157 nomen
257 2129 448 2159 harmoniam
465 2130 504 2159 ab
520 2135 584 2159 arte
599 2131 734 2161 musico-

99 2181 163 2209 esse
177 2179 361 2210 derivatum.
393 2180 468 2211 Hoc
483 2186 617 2212 tantum.
642 2183 736 2213 Unde

43 2243 60 2263 e
74 2243 255 2272 persuasum
269 2234 378 2269 habeo,
395 2244 469 2264 eum
483 2235 532 2265 vel
549 2236 714 2275 scripsisse,

233 2302 267 2326 ab
278 2302 404 2334 organico
417 2305 494 2327 cantu
506 2303 672 2328 delatum—2

32 2369 82 2389 uae
96 2368 155 2388 vox
170 2359 270 2389 Fabro
284 2359 416 2398 placuit:
442 2360 501 2397 vel,

237 2427 270 2452 ab
281 2428 406 2459 organico
409 2428 480 2459 flatu
492 2429 658 2455 delatum—:

29 2483 71 2521 el,
88 2483 235 2523 denique,

237 2551 270 2575 ab
282 2553 409 2583 organico
419 2554 501 2579 sonitu
513 2555 676 2580 delatum—-

38 2609 46 2616 ’
62 2609 138 2650 quid
152 2610 276 2649 melius,
304 2617 335 2641 et
349 2611 574 2643 elementorum
590 2613 738 2653 deprava-

47 2671 117 2691 rum
155 2661 301 2692 ductibus
336 2663 522 2702 proximius,
559 2665 740 2705 conjectura

27 2711 133 2743 elicior
147 2714 298 2752 attulerit,
317 2713 521 2744 libentissime
537 2725 669 2746 manum
682 2716 738 2746 da-

34 2763 129 2796 imus:
156 2776 231 2796 nam
254 2766 287 2796 in
310 2766 433 2806 recepta
456 2767 588 2798 lectione
602 2767 740 2807 leporem

43 2816 151 2846 ueretii
162 2827 226 2847 non
242 2818 335 2848 hodie
350 2818 561 2859 agnoscimus,
573 2829 674 2860 neque
689 2830 740 2850 su-

49 2875 87 2895 us
99 2868 246 2908 agnituri.
290 2869 449 2910 Denique,
470 2870 578 2901 omnia
592 2871 739 2902 tentanti-

35 2927 84 2956 με,
98 2920 184 2959 quod
200 2920 352 2958 dedimus,
369 2921 550 2963 perplacuit.

449 241 682 291 LIBER
714 221 1096 289 TERTIUS.

48 384 126 419 140
158 378 396 425 Consilium,
418 374 531 430 quod
550 388 625 414 nos
645 372 845 422 animum,
867 379 1144 426 mentemque,
1167 384 1374 412 vocamus:

155 453 285 508 quue
303 452 425 492 situm
443 447 579 489 media
599 448 768 504 regione
786 446 830 486 in
850 445 1026 501 pectoris
1045 444 1188 486 haeret.

153 527 263 568 Heic
282 523 458 566 exsultat
477 523 587 564 enim
606 536 751 577 pavor,
773 536 821 562 ac
840 528 990 570 metus5
1023 519 1115 561 haec
1129 519 1224 573 ,loca
1243 519 1413 569 circum,

152 599 329 641 Laetitiae
350 597 544 639 mulcent:
574 597 668 638 heic
687 611 787 653 ergo
806 610 938 645 mens,
961 594 1216 649 animusque,
1240 601 1311 635 est.

152 674 314 715 Caetera
332 687 427 728 pars
447 673 611 722 animae,
632 686 707 727 per
727 679 860 713 totum
881 670 1021 711 dissita
1041 683 1204 723 corpus,

152 748 291 797 Paret3
325 755 365 788 et
384 746 438 788 ad
457 761 611 788 numen
632 746 796 796 mentis,
818 758 1081 799 momenque,
1104 750 1308 783 movetur:

823 902 903 933 Ibid.
928 902 1009 932 Haec
1025 901 1120 942 longe
1138 900 1310 932 certissima
1324 901 1430 931 versus
1446 902 1505 932 hu·

774 955 864 995 jusce
887 955 1067 985 constitutio
1089 954 1180 991 mihi,
1204 953 1280 983 dum
1296 953 1413 994 plagas,
1437 964 1506 993 pre-

778 1006 847 1036 lum
860 1012 1048 1043 exercentes,
1072 1015 1274 1041 recenserem,
1298 1007 1430 1035 subnata
1445 1012 1506 1042 est;

779 1064 811 1088 et
825 1058 934 1088 incuso
949 1067 1052 1086 meam
1068 1056 1256 1093 tarditatem,
1279 1066 1349 1095 quae
1365 1066 1429 1086 non
1444 1062 1506 1086 sta-

779 1111 838 1141 tim
853 1111 1014 1140 veritatem
1029 1109 1225 1149 perspexerit.
1271 1109 1322 1139 Ne
1348 1120 1420 1139 vero
1442 1110 1506 1140 for-

780 1161 868 1192 mula
886 1161 1021 1199 dicendi,
1045 1161 1146 1200 specie
1160 1159 1352 1195 insolentior,
1377 1166 1397 1178 ‘⁶
1412 1161 1506 1191 redde

781 1217 803 1231 “
818 1212 936 1252 aliquid
949 1215 991 1242 ad
1006 1210 1177 1251 aliquem,”
1201 1210 1349 1240 lectorem
1370 1221 1506 1241 remore-

779 1271 847 1300 tur3
868 1273 975 1293 secum
1000 1262 1094 1292 velim
1109 1261 1294 1299 consideret,
1311 1272 1367 1301 par
1381 1263 1507 1293 schema

779 1316 812 1345 in
837 1315 931 1345 verbo
960 1314 1101 1353 simplice
1130 1313 1314 1353 saepiuscule
1336 1314 1503 1345 obversari:

779 1377 837 1397 nec
848 1366 992 1406 analogia
1004 1366 1146 1396 dubitare
1157 1366 1273 1404 siverit,
1285 1366 1373 1406 quin,
1386 1366 1412 1396 si
1429 1371 1449 1385 “
1459 1378 1507 1397 res

780 1421 803 1437 ‘⁶
817 1421 907 1449 detur
921 1420 962 1448 ad
975 1417 1184 1458 quempiam‚”
1199 1424 1278 1449 retro
1288 1428 1411 1458 quoque
1422 1420 1507 1457 dari,

779 1470 827 1501 vel
840 1473 941 1508 reddi,
953 1472 994 1500 ad
1008 1470 1202 1510 quempiam,
1219 1469 1286 1499 sine
1298 1469 1508 1500 controversia

779 1524 947 1556 rectissime
959 1524 1063 1564 possit.

822 1584 896 1615 Ver.
917 1588 983 1615 134.
1007 1591 1143 1615 traaeere:
1169 1584 1210 1614 V.
1225 1582 1274 1614 ed.
1291 1590 1432 1619 ἳππων-9,·
1456 1585 1505 1615 M.

778 1644 884 1668 terere.
929 1637 1033 1674 Forte,
1049 1647 1159 1667 vexere.

824 1689 898 1719 Ver.
922 1691 994 1719 155.
1011 1689 1137 1727 proprio
1160 1698 1245 1728 quae:
1273 1693 1313 1717 Π.
1332 1690 1489 1728 principio
1497 1705 1506 1725 ;

781 1739 866 1771 unde
881 1750 945 1769 non
961 1738 1043 1769 male
1058 1738 1098 1769 ad
1113 1740 1198 1769 hunc
1213 1737 1346 1768 modum
1361 1745 1474 1770 tentes:

796 1798 1019 1827 Transtulerunt5
1031 1804 1089 1828 quae
1096 1797 1219 1829 principio
1230 1804 1270 1822 res
1280 1797 1391 1823 nomine
1401 1799 1507 1830 egebat.

780 1853 906 1877 —tum:
934 1845 972 1875 V.
989 1844 1036 1875 ed.
1054 1850 1089 1875 Δ.
1105 1847 1365 1876 cum—nomine:
1393 1853 1433 1877 11.
1450 1850 1509 1878 mi-

780 1901 870 1929 nime.

825 1949 896 1981 Ver.
917 1954 985 1981 156.
1010 1953 1042 1981 id
1064 1951 1150 1980 abest
1175 1956 1217 1980 Π.
1241 1954 1272 1979 et
1297 1955 1380 1979 totus
1405 1960 1511 1981 versus

781 2001 1023 2032 desideratur-in
1046 2003 1082 2032 L.
1101 2003 1150 2032 M.
1178 2002 1291 2042 quibus
1312 2002 1378 2040 ipse
1399 2002 1510 2033 lubens

780 2053 844 2083 fere
856 2053 1054 2083 assenserim:
1075 2063 1150 2083 nam
1165 2052 1311 2092 illepidus
1325 2059 1382 2092 est,
1398 2060 1429 2084 et
1443 2055 1509 2094 ple-

780 2105 842 2135 beii
857 2105 992 2141 artificis,
1009 2105 1188 2136 versiculus

825 2157 906 2188 Ibid.
938 2159 1087 2188 habeant:
1121 2157 1140 2187 i.
1164 2168 1190 2188 e.
1220 2157 1286 2188 sibi.
1320 2157 1440 2196 Cicero,
1471 2158 1511 2190 d'e

781 2209 871 2240 amic.
889 2214 918 2240 5.
945 2215 965 2227 ‘⁶
983 2209 1055 2246 Qua
1070 2220 1103 2239 re
1116 2211 1176 2241 sibi
1197 2211 1326 2240 habeant
1352 2210 1511 2249 sapientiae

782 2265 803 2280 “
821 2272 939 2291 nomen
955 2268 986 2291 et
1002 2261 1191 2292 invidiosum
1213 2268 1245 2292 et
1266 2263 1509 2293 obscurum—3⁵

783 2313 827 2343 Et
855 2313 1012 2355 corffaoere
1039 2320 1084 2343 est
1115 2317 1137 2331 “
1154 2313 1218 2343 una
1244 2313 1398 2349 efficere,’'
1422 2314 1511 2354 quasi

777 2364 896 2404 junctis
917 2364 1042 2394 viribus.
1090 2365 1141 2394 De
1164 2366 1223 2395 hac
1251 2364 1399 2404 primaria
1427 2365 1510 2395 verbi

781 2415 1009 2455 significatione
1033 2415 1158 2446 videndi
1185 2423 1260 2447 sunt
1285 2417 1342 2446 viri
1366 2416 1448 2447 docti
1471 2416 1511 2447 ad

783 2467 908 2498 Cornel.
924 2468 1003 2508 Nep.
1019 2469 1104 2498 xxiii.
1125 2472 1171 2499 10.
1191 2471 1221 2500 5.

824 2520 900 2551 Ver.
915 2524 983 2551 1:38.
1006 2532 1100 2550 ‘etnam
1113 2527 1269 2555 naturam,
1282 2519 1380 2549 animi
1397 2525 1427 2549 et
1441 2520 1510 2549 ani-

782 2581 852 2601 mae.
884 2571 935 2601 Sic
950 2571 1034 2611 prior
1046 2572 1258 2608 Democritus,
1275 2576 1351 2600 teste
1366 2571 1512 2611 Diogene

783 2621 918 2657 Laertio,
932 2622 972 2652 ix.
989 2626 1135 2652 44.--και
1151 2635 1202 2655 την
1219 2623 1326 2661 ψυχὴν
1346 2621 1455 2660 ὅμοιως,
1478 2622 1510 2654 ἦν

783 2687 833 2704 και
851 2687 892 2704 vm
908 2675 1014 2706 ‹raba-ov
1030 2688 1104 2705 ειναι.

825 2725 901 2755 Ver.
927 2729 995 2757 159.
1018 2732 1111 2766 caput
1136 2727 1227 2765 quasi
1251 2726 1423 2755 dominari:
1448 2725 1469 2756 i.
1484 2735 1510 2756 e.

785 2789 819 2807 ero
846 2777 1012 2816 ἦγεμονιιον
1045 2775 1455 2815 Graecorum—Caeterum,
1482 2783 1511 2807 et

784 2828 870 2858 abest
884 2828 925 2857 V.
941 2827 990 2858 ed.

828 2879 902 2910 Ver.
922 2882 992 2910 140.
1014 2882 1152 2910 animum
1167 2885 1362 2920 mentemque.
1389 2878 1512 2910 Pariter

785 2930 950 2972 conjunxit
965 2931 1070 2968 Maro,
1086 2930 1126 2962 ad
1144 2930 1217 2961 AEn.
1233 2930 1272 2961 vi.
1290 2934 1338 2961 11.

722 2990 784 3021 (⁸2
