1912 3292
465 232 698 280 LIBER
747 229 1123 287 QUARTUS.

1448 241 1538 280 221

186 365 387 420 Corpora,
410 377 473 402 res
492 361 633 402 multae
652 374 746 415 quae
765 360 936 401 mittunt
955 373 1128 414 corpore
1147 368 1306 416 aperto,

184 439 323 487 Quam
342 451 434 493 quae
453 436 592 477 tenuia
611 443 721 486 sunt,
743 434 933 476 hiscundi
951 442 1013 477 est
1031 435 1142 477 nulla
1160 443 1349 492 potestas.

180 512 285 553 Sunt
305 511 429 567 igitur
450 517 592 550 tenues
612 508 854 560 forinarum,
885 508 1195 566 dissimilesque,

182 584 373 640 Ecfigies,
397 583 632 640 singillatim
652 598 752 639 quas
773 598 939 625 cernere
958 598 1082 625 nemo

71 661 150 698 105
182 657 321 706 Quom
341 657 483 711 possit,
505 665 660 708 tamen,
682 658 855 699 adsiduo
874 657 1101 713 crebroque
1119 657 1286 713 repulsu

177 730 370 785 Rejectae‚
393 730 572 772 reddunt
592 731 848 786 speculorum
868 746 921 773 ex
940 746 1107 787 aequore
1125 731 1283 773 visum:

31 884 220 925 tabrigiensi,
236 885 277 916 ad
291 886 314 917 J
316 896 365 917 uv.
381 892 436 917 sat.
452 886 472 917 i.
485 890 536 918 60.
552 898 606 917 axe
617 887 760 918 scribitur

29 947 109 972 asse;
129 943 160 967 et
168 947 274 968 rursus
288 937 328 968 ad
344 943 398 968 sat.
414 948 443 968 x.
463 941 532 969 116.
548 944 584 969 ut
593 938 666 969 alibi
678 939 758 979 pari-

29 993 76 1017 ter
90 988 283 1028 saepiuscule.
328 991 405 1021 Esse
422 996 538 1026 autem,
556 1004 590 1021 ero
606 996 694 1027 Eum,
712 990 760 1021 vel

27 1042 156 1071 essentia
167 1053 177 1070 .·
203 1047 235 1071 et
260 1041 395 1072 similem
422 1043 517 1072 habes
541 1042 710 1073 formulam
725 1043 760 1072 in

30 1091 90 1122 hoc
105 1091 195 1130 libro,
211 1103 288 1123 verr.
306 1096 378 1125 769.
394 1096 465 1125 855.
511 1094 608 1131 Hinc,
621 1097 760 1137 oexpaCsmw

28 1141 265 1174 distinctionum
281 1145 314 1174 in
330 1145 429 1175 doctis
446 1145 572 1175 Phaedri
593 1146 759 1176 cultissimi

28 1193 200 1226 editoribus
209 1195 376 1227 desiderari
387 1196 518 1227 fidenter
529 1197 758 1234 affirmaverim,

29 1246 69 1277 ad
84 1247 144 1278 fab.
160 1248 203 1279 iii.
222 1251 249 1280 7.
266 1248 318 1279 fin.

91 1315 203 1346 Regnare
213 1314 286 1345 nolo,
297 1315 364 1340 liber
374 1318 406 1340 ut
416 1321 471 1340 non
481 1315 542 1345 sim,
554 1315 636 1340 mihi:

26 1369 46 1400 i.
64 1380 89 1400 e.
112 1371 232 1410 opinor,
257 1374 279 1390 ‘⁴
296 1371 370 1401 nolo
385 1371 462 1401 mihi
479 1382 623 1412 regnum,
640 1378 676 1403 ut
690 1383 755 1403 non

28 1424 52 1440 “
66 1423 126 1452 sim
142 1423 248 1453 liber.’'
286 1424 456 1462 Caeterum,
473 1435 576 1462 nemo,
593 1426 640 1456 vel
656 1425 756 1456 editor

25 1474 74 1504 vel
89 1474 250 1514 interpres,
275 1475 316 1505 ad
337 1481 478 1506 mentem
493 1477 631 1507 Lucretii
647 1477 680 1506 in
696 1479 755 1508 hoc

25 1534 115 1555 versu
131 1525 292 1564 pervenire
306 1526 419 1567 quivit;
443 1536 514 1567 quae
528 1527 569 1557 ad
584 1529 670 1558 hunc.
684 1538 753 1558 mo-

25 1574 104 1606 dum
118 1576 270 1616 capienda
295 1583 354 1608 est:
382 1581 404 1596 “
422 1578 558 1609 Necesse
578 1582 630 1609 'est
643 1589 754 1610 eorum

25 1633 48 1648 “
63 1640 240 1670 corporum,
251 1641 323 1672 quae
337 1630 503 1662 simulacra
519 1642 557 1662 ex
574 1633 752 1671 superficIe-

23 1685 45 1701 ‘³
60 1683 119 1712 bus
127 1682 297 1721 splendidis
308 1684 485 1722 remittunt,
500 1685 667 1714 essentiam
677 1694 752 1715 con-

23 1735 45 1751 “
62 1732 167 1763 sistere
193 1734 412 1765 adumbratam
435 1735 468 1764 in
483 1735 532 1764 his
546 1735 753 1775 imaginibus;

23 1786 46 1802 “
66 1783 145 1814 adeo
159 1789 196 1814 ut
215 1784 378 1824 quodlibet
392 1795 562 1815 manamen
577 1786 616 1815 sit
631 1786 677 1816 rei
691 1785 753 1816 illi·

24 1837 47 1852 “
63 1844 101 1864 us
116 1834 201 1864 unde
222 1835 426 1874 emanaverit,
449 1836 650 1866 subtilissima
671 1836 753 1873 licet,

23 1888 46 1904 “
64 1895 136 1916 vera
148 1885 249 1916 nihilo
260 1887 376 1923 minus,
387 1888 647 1926 repraesentatio.'’
665 1888 754 1918 Hinc

22 1942 129 1967 autem
145 1937 260 1976 pendet
274 1948 371 1978 quam
394 1938 532 1968 maxime
555 1944 621 1968 tota
638 1939 755 1978 Epicu-

24 1998 151 2018 reorum
175 1989 269 2019 ratio:
296 1999 381 2025 nam,
410 1989 435 2019 si
461 1995 563 2020 totum
585 2000 697 2030 corpus
718 2000 757 2020 ex

23 2038 199 2070 innumeris
210 2039 293 2070 hisce
304 2046 424 2070 constet
433 2040 635 2081 imaginibus,
646 2051 751 2080 super-

23 2089 164 2120 ficialiter
177 2090 358 2130 constipatis
363 2102 372 2128 ;
396 2096 428 2121 et
441 2091 509 2121 istae
523 2091 586 2121 sint
599 2092 753 2132 imagines

24 2148 63 2171 ex
89 2141 280 2180 corpusculis
302 2141 519 2173 insecabilibus
540 2143 750 2179 conformatae,

25 2191 65 2222 ad
80 2192 237 2232 liquidum
252 2192 433 2232 perducitur
458 2199 634 2224 atomorum
660 2194 749 2230 ratio,

24 2248 55 2273 et
69 2243 102 2273 in
119 2249 188 2273 tuto
203 2244 338 2284 navigat.
383 2245 458 2275 Mos
479 2251 586 2275 autem
608 2246 661 2275 ille
685 2247 750 2276 Lu-

22 2294 179 2324 cretianus
199 2295 234 2324 in
259 2306 373 2331 eorum,
398 2295 438 2326 de
461 2296 654 2335 praecedente
675 2298 748 2327 sub-

24 2345 157 2375 stantivo
184 2356 286 2376 rerum
317 2347 449 2377 minime
478 2347 626 2385 solicitus,
666 2349 750 2390 (vide

22 2406 80 2426 nos
109 2396 149 2427 ad
178 2404 237 2427 ver.
266 2396 335 2438 92.)
357 2399 447 2435 viros,
470 2410 523 2429 me
546 2399 639 2440 longe
661 2410 749 2440 saga-

21 2449 123 2479 ciores
137 2454 168 2479 et
184 2449 348 2488 doctiores,
367 2451 452 2481 haud
467 2451 561 2482 dubie
575 2451 752 2482 ludificatus

22 2507 77 2532 est.

66 2552 139 2582 Ver.
157 2556 228 2584 loo.
253 2553 453 2593 Repetuntur
467 2554 501 2584 hi
522 2565 627 2586 versus
651 2566 670 2586 a
688 2566 749 2586 ver.

21 2608 72 2636 65.
90 2607 245 2647 superius,
261 2614 298 2638 ut
311 2615 536 2649 argumentum
550 2610 609 2640 rite
623 2610 750 2641 conclu·

20 2656 122 2696 datur,
135 2664 167 2689 et
177 2659 217 2690 ad
229 2670 386 2691 summam
397 2661 614 2701 disputationis
623 2663 752 2703 hujusce

22 2715 188 2747 revocetur,
211 2718 304 2753 atque
321 2713 532 2752 resuscitetur,
559 2713 682 2745 lectoris
703 2725 750 2745 re-

23 2760 172 2794 cordatio.

67 2812 148 2846 Ibid.
169 2826 250 2854 quur
267 2817 339 2846 illa:
365 2816 384 2846 i.
400 2826 427 2846 e.
441 2826 541 2847 crassa
554 2817 609 2847 illa
623 2817 750 2847 simula-

23 2870 83 2898 cra,
99 2868 136 2893 ut
149 2869 185 2894 ut
198 2865 237 2896 de
254 2867 387 2906 speculis
401 2868 622 2899 tantummodo
637 2875 668 2898 et
683 2879 750 2907 per-

23 2922 118 2952 quam
132 2916 251 2953 tenuia‚
272 2927 342 2958 quae
367 2925 498 2957 possunt
521 2919 620 2949 oculis
644 2925 751 2950 tamen

802 887 955 928 contingi,
989 897 1054 927 prae
1081 886 1153 926 inis,
1184 896 1255 928 quae
1280 895 1321 917 ex
1345 886 1533 927 quibusdam

802 939 981 980 corporibus
991 938 1209 977 effunduntur,
1224 944 1256 969 et
1267 939 1534 971 contentissimam

802 997 897 1032 atque
910 990 1124 1022 acutissimam
1144 989 1310 1022 oculorum
1331 990 1430 1022 aciem
1445 991 1533 1030 peni.

803 1049 854 1073 tus
869 1042 1010 1073 eludunt.

847 1094 920 1125 Ver.
939 1097 1010 1125 101.
1028 1094 1128 1124 Deest
1141 1103 1247 1123 versus
1263 1093 1358 1124 Vind.
1376 1093 1415 1124 V.
1431 1093 1480 1124 ed.
1494 1093 1532 1124 L.

805 1146 844 1176 Ο.
862 1150 896 1177 Σ.
914 1151 958 1176 Ω..
982 1154 1040 1175 nec
1061 1154 1147 1182 sane,
1170 1143 1197 1173 si
1221 1143 1333 1183 reliqui
1359 1143 1431 1173 libri
1456 1154 1532 1174 con·

803 1196 978 1233 sensissent,
1005 1203 1159 1234 magnum
1174 1193 1222 1224 sui
1239 1193 1428 1224 desiderium
1443 1195 1532 1225 nobis

802 1246 996 1283 incussisset3
1033 1244 1177 1285 quamvis
1205 1246 1245 1275 ab
1275 1246 1416 1275 ubertate
1441 1244 1533 1275 solita

800 1296 949 1332 Lucretii,
973 1301 1066 1337 atque
1080 1294 1249 1334 evidentia,
1275 1306 1340 1326 non
1355 1297 1528 1328 abhorreat.

800 1349 941 1378 —multa
949 1361 959 1378 :
1001 1347 1038 1378 P.
1064 1349 1194 1383 multas‚·
1229 1347 1477 1387 mendosissime,
1501 1354 1532 1379 et

799 1398 937 1429 fortassis
951 1399 992 1428 ob
1006 1398 1163 1429 incuriam
1179 1398 1371 1439 typographi.

843 1449 926 1480 Ibid.
953 1461 1076 1489 corpore
1100 1456 1217 1490 aperto:
1243 1450 1387 1480 conferas
1407 1450 1428 1480 i.
1459 1453 1531 1482 298.

799 1499 971 1541 Eleganter
993 1506 1100 1530 autem
1126 1505 1221 1540 atque
1246 1500 1400 1541 exquisite
1422 1511 1531 1540 parem

797 1552 864 1581 voci
882 1557 1067 1590 potestatem
1084 1551 1239 1592 Virgilius
1260 1552 1376 1589 tribuit,
1398 1552 1438 1583 ad
1454 1554 1529 1583 AEn.

798 1603 837 1633 vi.
854 1605 926 1633 406.

796 1676 832 1700 At
841 1682 948 1700 ramum
961 1675 1034 1700 hunc
1047 1675 1137 1708 (aperit
1144 1682 1264 1707 ramum,
1275 1676 1322 1708 qui
1330 1680 1404 1702 veste
1414 1675 1527 1707 latebat)

797 1716 1021 1747 Adgnoscas—.

801 1786 955 1817 Consulas
970 1786 1055 1816 enim
1069 1796 1141 1816 vero
1159 1787 1301 1817 Servium
1318 1786 1444 1818 ibidem.

842 1838 915 1869 Ver.
935 1842 1004 1869 10‘2.
1032 1840 1149 1872 Quam.-
1177 1838 1218 1869 V.
1234 1838 1281 1869 ed.
1304 1839 1343 1869 L.
1370 1845 1413 1869 Π.
1431 1843 1467 1871 Σ.
1484 1845 1529 1870 Ω..

801 1891 1084 1921 .Nam.—lziscendi
1096 1895 1159 1920 est:
1185 1889 1222 1920 P.
1253 1892 1401 1925 ostendit;
1433 1890 1529 1921 Vind.

802 1941 842 1972 Ο.
860 1944 894 1972 Δ.
913 1948 955 1972 Π.
974 1946 1008 1972 Σ.
1026 1947 1070 1972 Ω.
1086 1943 1205 1972 ostendi
1218 1948 1260 1972 est
1266 1957 1278 1977 ;
1305 1941 1344 1971 V.
1359 1941 1406 1972 ed.
1430 1948 1528 1973 osten-

800 1997 879 2031 dist,-
908 1995 943 2025 L.
961 1997 1079 2026 iscendi
1092 2001 1136 2025 est
1142 2009 1153 2030 ,-
1185 1994 1239 2024 sed
1253 1994 1352 2033 erasa,
1378 2005 1448 2035 quae
1463 1996 1528 2035 pri..

797 2059 850 2079 ma
865 2053 1002 2086 steterat,
1017 2047 1116 2078 litera.
1163 2048 1286 2087 Nempe
1301 2048 1411 2079 eadem
1423 2049 1528 2080 fidelia

795 2100 876 2131 duos
891 2099 1021 2140 parietes
1036 2099 1201 2130 dealbavit:
1230 2099 1296 2130 redi
1323 2100 1363 2130 ad
1386 2111 1433 2139 ea,
1456 2111 1527 2142 quae

797 2152 950 2182 minutius
975 2158 1007 2182 et
1036 2152 1247 2191 scrupulosius
1276 2151 1464 2184 deduximus
1491 2154 1525 2184 in

794 2213 854 2234 ver.
871 2207 919 2234 64.
936 2203 1086 2242 superius.

838 2254 910 2285 Ver.
929 2258 998 2285 105.
1022 2257 1099 2285 Sunt
1113 2256 1262 2294 igitur—.
1309 2254 1441 2286 Orditur
1465 2254 1524 2285 sci-

792 2307 865 2337 licet
881 2317 920 2337 ex
942 2317 975 2337 re
998 2307 1085 2347 quasi
1107 2305 1262 2342 concessa,
1285 2312 1316 2337 et
1331 2307 1523 2337 demonstra-

793 2358 930 2388 tionibus
952 2358 1130 2388 communis
1152 2358 1352 2397 experientiae
1373 2357 1522 2395 stabilita;

795 2414 887 2449 atque
901 2414 971 2447 post
984 2408 1163 2449 generalem
1178 2408 1414 2439 conclusionem
1434 2414 1523 2438 teno-

794 2469 861 2489 rem
876 2459 1070 2499 persequitur
1084 2459 1263 2500 argumenti
1279 2459 1335 2490 sui.

839 2509 920 2540 Ibid.
937 2512 1115 2541 dissimiles:
1134 2510 1178 2540 sic
1189 2510 1325 2540 universi
1337 2510 1409 2539 libri
1418 2515 1522 2540 vetus-

793 2560 897 2599 tiores,
921 2566 991 2591 tum
1018 2561 1135 2591 exarati
1159 2570 1268 2596 manu,
1295 2566 1364 2590 tum
1391 2559 1522 2601 effigiati

794 2611 876 2651 typis
881 2623 890 2649 ;
906 2611 1037 2642 editores
1047 2618 1152 2642 tamen
1163 2621 1227 2641 non
1240 2611 1422 2641 dubitavere
1437 2621 1521 2641 som-

794 2662 942 2692 niculosis
957 2662 1143 2692 commentis
1159 2662 1224 2692 suis
1238 2662 1377 2692 Lucretii
1393 2662 1520 2693 sinceri-

794 2719 892 2744 tatem
922 2713 1047 2749 violare,
1085 2712 1293 2750 rescribendo,
1331 2715 1517 2744 consimiles:

794 2765 868 2805 quia
883 2765 1035 2794 nimirum
1055 2765 1155 2803 po'e'tae
1169 2770 1306 2794 mentem
1323 2774 1386 2793 non
1403 2764 1521 2793 fuerint

794 2815 1000 2855 penetrand03
1016 2825 1086 2855 quae
1097 2815 1236 2853 proinde,
1254 2825 1294 2845 ne
1310 2815 1409 2845 nihilo
1424 2825 1519 2845 nasu-

795 2867 889 2897 tiores
910 2867 1023 2896 habeat
1045 2871 1138 2906 atque
1161 2866 1416 2906 intelligentiores
1439 2877 1519 2896 asse-

795 2918 867 2956 clas,
890 2928 944 2956 per
965 2916 1149 2957 ampliorem
1172 2916 1457 2957 interpretationem
1471 2916 1520 2946 vi-
