1912 3292
877 192 939 240 T.
982 188 1361 240 LUCRETII

517 327 679 384 Perque
699 325 834 368 volare
853 339 968 367 mare
994 338 1041 365 ac
1063 332 1205 373 terrm,
1227 321 1456 376 coelumque
1476 320 1628 379 rigare3

517 402 644 451 Quod
665 416 786 457 super
805 409 879 452 est,
901 400 971 442 ubi
993 408 1077 440 tarn
1097 397 1251 439 volucri
1271 396 1431 438 levitate
1448 395 1651 446 feruntur,

401 481 483 518 ‘205
516 477 647 526 Quid,
669 491 762 532 quae
782 483 876 517 sunt
895 475 1021 532 igitur
1034 474 1122 529 jam
1141 470 1272 527 prima
1293 470 1442 521 fronte,
1462 479 1621 526 parata,

515 551 657 600 Quom
670 551 895 606 jaciuntur,
918 558 958 590 et
978 549 1169 589 emissum
1188 561 1252 587 res
1267 545 1378 586 nulla
1396 552 1597 595 moratur,

516 626 668 674 Quone
687 624 799 665 vides
820 623 937 664 citius
957 621 1121 670 debere,
1143 627 1184 660 et
1202 619 1378 675 longius,
1400 619 1477 667 ire;

371 779 504 811 Dudum
527 778 664 809 videram
679 778 747 807 haec
761 786 826 806 non
841 786 907 807 esse
923 774 1094 813 toleranda,

366 838 398 862 et
413 838 608 869 rcposueram
624 838 662 858 ex
678 828 807 868 ingenio
821 834 847 858 ει
864 837 920 866 pro
941 833 995 857 aut
1002 843 1013 863 ;
1038 826 1092 857 sed

365 883 463 914 codex
496 880 760 922 Cantabrigiensis
790 880 907 920 optime
937 880 1090 910 submini-

365 939 441 965 strat
456 945 493 965 ac
501 947 510 963 .·
536 938 568 962 et
583 933 626 962 sic
641 932 708 962 sine
723 931 819 962 dubio
834 931 1041 962 scribendum.

408 987 482 1016 Ver.
500 989 570 1016 205.
592 995 694 1015 mare:
722 985 764 1014 V.
782 984 830 1014 ed.
854 985 891 1014 B.
914 985 1092 1014 mora—‘ri-

361 1049 455 1078 gare:
482 1037 522 1067 V.
547 1035 595 1066 ed.
619 1037 657 1066 B.
679 1038 779 1076 rigore
785 1050 796 1071 ;
825 1035 864 1065 Ο.
890 1037 1008 1075 ge'rare,
1039 1045 1093 1073 per

364 1087 550 1118 metathesin
566 1087 736 1117 literarum.
782 1086 872 1116 Hinc
890 1085 1093 1126 corrigendus

361 1146 410 1171 est
427 1139 582 1176 Catullus,
597 1137 668 1168 lxiv.
686 1142 757 1170 209.

394 1206 491 1232 Lucida
502 1213 552 1232 nec
563 1209 664 1230 moesto
674 1205 819 1230 subtollens
829 1205 905 1237 signa
915 1204 1060 1237 parenti-z

356 1266 382 1296 ·i.
397 1275 423 1296 e.
446 1263 594 1301 candida3
617 1263 724 1304 vulgo,
739 1264 875 1294 Dulcia:
894 1262 948 1293 sed
962 1262 1001 1293 de
1016 1272 1089 1293 can-

359 1317 454 1352 didis,
469 1322 501 1346 et
515 1316 600 1351 albis,
616 1325 672 1355 pro
683 1314 924 1354 splendentibus,
940 1325 997 1345 nos
1012 1314 1087 1345 affa-

359 1368 420 1398 tim
435 1367 635 1399 tractavimus
649 1366 682 1396 in
700 1366 771 1397 Silv.
803 1366 878 1397 Crit.
902 1371 974 1396 sect.
990 1365 1087 1396 lxxiii.

359 1425 392 1449 et
406 1425 481 1450 tom.
500 1429 526 1450 v.
550 1429 580 1458 p.
596 1421 645 1449 53.
669 1417 753 1448 unde
779 1417 932 1447 miramur
956 1416 1087 1447 Heinsi-

360 1483 416 1504 um
431 1483 495 1503 non
512 1473 661 1502 ambabus
687 1471 771 1502 ulnis
793 1470 937 1510 amplecti
953 1470 1085 1500 castissi-

359 1534 447 1554 mam
470 1523 557 1554 illam
584 1523 761 1559 lectionem,
787 1528 819 1553 et
840 1522 935 1563 longe
961 1521 1086 1562 elegan-

356 1575 520 1612 tissimam,
535 1575 576 1606 ad
594 1575 817 1611 Claudianum,
835 1581 911 1614 rapt.
936 1574 1023 1605 Pros
1038 1573 1083 1605 iii.

363 1631 410 1658 ll.

552 1695 671 1727 placidus
682 1696 791 1725 Nereus,
798 1697 827 1720 et
837 1693 923 1719 lucida
934 1694 1028 1719 Phorci

386 1735 536 1760 canities-
546 1743 552 1758 :

352 1804 417 1835 quo
432 1794 512 1824 nihil
527 1794 701 1834 pulchrius:
722 1793 742 1824 i.
757 1804 783 1824 e.
798 1799 955 1834 argentea,
970 1792 1016 1823 uti
1029 1802 1086 1824 uos

358 1846 458 1887 Angli
472 1846 512 1877 de
526 1848 584 1877 hac
598 1856 631 1876 re
646 1846 766 1886 po‘e'tice
781 1846 867 1887 loqui
881 1845 1026 1876 solemus.

398 1899 479 1929 Ibid.
513 1901 632 1939 Perque
661 1901 772 1930 volare.
820 1897 962 1928 Similem
989 1898 1084 1928 habet

354 1950 468 1980 tmesin
484 1949 654 1990 Virgilius,
677 1949 784 1980 Servio
800 1949 918 1990 judice,
942 1948 982 1979 ad
1005 1949 1080 1980 AEn.

353 2000 394 2030 ix.
410 2004 482 2031 540.

577 2058 656 2090 plena
666 2058 708 2083 leo
717 2061 762 2090 per
772 2057 851 2082 ovilia
861 2057 977 2082 turbans.

354 2115 457 2146 Aliter
472 2120 577 2145 autem
593 2116 652 2144 hoc
667 2114 824 2155 eleganter
839 2119 938 2152 potest
949 2113 1053 2153 accipi.

396 2166 476 2196 Ibid.
498 2169 619 2206 rigare:
645 2175 702 2195 nec
732 2165 834 2195 multo
859 2164 949 2194 aliter
978 2165 1018 2195 ad
1043 2165 1074 2194 ii.

352 2221 422 2248 145.
446 2220 468 2236 “
484 2219 601 2257 spargit
618 2215 769 2247 lumine.'’
815 2215 903 2245 Hinc
923 2215 1074 2246 venustis-

349 2268 429 2300 sime
451 2269 593 2300 Lucilius
610 2268 720 2309 junior
745 2267 785 2298 de
814 2266 925 2305 AEtua,
948 2277 1009 2297 ver.
1025 2271 1074 2298 28.

350 2320 405 2360 sic,
420 2321 479 2351 nisi
493 2319 584 2350 valde
599 2319 749 2355 fallimur,
763 2317 992 2348 emendandus:

699 2398 727 2420 et
739 2394 865 2427 proxima
876 2400 993 2425 quaeque

411 2436 512 2468 Ignibus
524 2435 627 2468 irriguis
638 2434 725 2459 undet.

349 2502 464 2544 Vulg0,
485 2509 576 2533 urat:
601 2501 655 2532 sed
677 2501 784 2531 confer
807 2500 879 2531 ibid.
906 2509 983 2530 verr.
999 2503 1072 2530 580.

346 2559 418 2586 602.
441 2561 472 2586 et
494 2555 584 2595 Virg.
614 2564 682 2595 geo,
710 2554 729 2583 i.
753 2556 824 2583 472.
871 2553 984 2593 Neque
1008 2561 1072 2582 non

344 2609 497 2648 corrigam
512 2607 618 2638 statim
633 2606 779 2642 eundem,
795 2615 855 2635 ver.
870 2609 922 2636 50.

599 2682 763 2713 tumidisque
773 2689 788 2707 e
799 2681 920 2706 faucibus
931 2681 1023 2713 ignem

376 2721 488 2746 Vulcani
501 2722 593 2753 fluere.

345 2787 454 2828 Vulgo
468 2787 602 2826 illepide,
627 2799 724 2819 ruere.
771 2787 821 2818 Sic
837 2787 925 2827 Virg.
949 2786 1004 2817 ecl.
1027 2786 1066 2816 vi.

341 2842 395 2869 53.
418 2839 533 2878 liquidi
554 2840 650 2877 ignis:
677 2844 708 2868 et
732 2845 835 2868 noster
849 2838 881 2868 ii.
895 2839 1069 2878 585.fluat

343 2892 442 2930 ignis:
469 2888 522 2920 ubi
537 2899 595 2920 nos
609 2889 648 2920 de
662 2890 720 2920 hac
735 2899 768 2920 re
783 2890 892 2920 fusius.
919 2889 971 2919 De
982 2898 1067 2919 com-

1138 773 1313 804 mutatione
1327 782 1400 802 vero
1413 773 1579 802 verborum
1584 773 1689 813 fluere
1710 778 1742 803 et
1764 783 1864 813 ruere,

1139 825 1415 856 Drakenborcbius
1427 823 1467 854 ad
1481 823 1534 854 Sil.
1553 823 1592 854 1t.
1609 824 1663 854 xii.
1681 827 1752 857 619.
1776 825 1866 857 Hinc

1139 877 1366 907 Petronianum
1382 875 1460 906 illud
1475 875 1509 905 in
1526 875 1655 906 Anthol.
1671 875 1740 906 Lat.
1753 876 1866 908 Burm.

1138 928 1181 958 iii.
1201 931 1269 958 120.
1285 930 1314 959 5.
1337 927 1430 968 longe
1456 926 1684 958 venustissimis
1709 937 1864 959 annume-

1135 979 1196 1009 rari
1211 979 1317 1009 debet:

1198 1063 1256 1092 Ipsa
1266 1060 1316 1085 dies
1329 1060 1389 1085 ideo
1401 1067 1448 1084 nos
1459 1064 1538 1091 grato
1545 1060 1639 1092 perluit
1649 1061 1754 1091 haustu,

1229 1101 1309 1132 Quod
1320 1100 1480 1132 permutatis
1491 1100 1556 1124 hora
1566 1100 1679 1125 recurrit
1689 1101 1774 1132 equis.

1134 1174 1266 1213 Nempe,
1291 1176 1312 1192 “
1329 1172 1375 1203 sol
1390 1182 1448 1203 nos
1467 1172 1576 1212 irrigat
1599 1172 1636 1203 ea
1658 1172 1741 1211 luce,
1767 1183 1863 1214 quam

1133 1229 1156 1243 “
1172 1225 1334 1255 haurimus
1362 1229 1394 1254 et
1424 1222 1632 1254 adhibimus.”
1695 1223 1863 1265 Virgilius,

1132 1286 1201 1317 geo.
1217 1275 1248 1305 ii.
1262 1278 1338 1305 540.
1811 1282 1814 1285 ⁴

1194 1352 1286 1383 Quum
1298 1350 1417 1382 primum
1428 1349 1508 1374 lucem
1518 1349 1634 1381 pecudes
1645 1349 1789 1375 hausere—.

1134 1411 1179 1441 At
1193 1411 1291 1449 enim,
1317 1411 1344 1441 si
1365 1411 1421 1442 tibi
1439 1410 1589 1450 voluptati
1605 1411 1645 1441 sit
1658 1411 1795 1453 aliquem
1811 1412 1857 1442 vi-

1130 1463 1203 1493 dere
1217 1462 1258 1493 ad
1274 1462 1386 1493 incitas
1411 1462 1583 1500 redactum,
1610 1462 1752 1504 perlegas
1775 1464 1858 1495 Bur-

1910 1494 1912 1512 i

1131 1514 1240 1545 manni
1256 1520 1363 1545 notam
1379 1514 1412 1544 in
1427 1514 1562 1554 priorem
1578 1513 1692 1545 locum.
1737 1515 1860 1546 Tacent
1911 1527 1912 1532 ¹

1130 1565 1311 1605 interpretes
1327 1565 1512 1606 Virgiliani;
1536 1564 1621 1596 haud
1636 1564 1732 1596 dubie
1751 1565 1858 1597 existi-

1128 1623 1261 1655 mantes,
1291 1617 1319 1647 si
1347 1622 1413 1647 tam
1442 1616 1573 1656 planum
1594 1626 1723 1648 sensum
1745 1616 1857 1648 darent

1129 1677 1257 1707 operam
1278 1667 1445 1698 lectoribus
1473 1668 1603 1707 aperire,
1630 1677 1664 1698 se
1688 1668 1857 1699 hominum

1127 1718 1379 1758 importunorum
1399 1728 1529 1757 nomen,
1552 1725 1583 1749 et
1596 1718 1772 1750 doctrinam
1787 1729 1856 1750 am-

1127 1772 1237 1803 bitiose
1252 1773 1485 1809 ostentantium,
1502 1773 1672 1811 subituros-‚3
1689 1783 1790 1814 quum
1806 1772 1855 1804 vel

1126 1824 1266 1864 puerulis
1275 1824 1382 1855 omnia
1392 1825 1546 1864 paterent!
1564 1824 1718 1856 Heinsius
1729 1831 1761 1856 et
1769 1825 1855 1856 Bur-

1127 1886 1263 1906 mannus
1284 1875 1374 1907 nullo
1397 1885 1470 1906 cum
1488 1875 1609 1916 judicio
1623 1875 1780 1907 solicitant
1793 1886 1850 1907 no-

1126 1927 1219 1959 bilem
1235 1927 1341 1958 locum
1358 1927 1535 1964 Claudiani,
1558 1927 1598 1959 de
1619 1927 1703 1959 laud.
1733 1928 1800 1959 Stil.
1819 1928 1852 1960 ii.

1124 1983 1197 2010 467.
1217 1979 1270 2009 ubi
1287 1979 1410 2009 Titanis
1425 1980 1532 2009 hortos
1545 1978 1686 2010 oratione
1707 1978 1848 2009 luxurio-

1125 2030 1245 2061 sissima
1261 2030 1419 2061 describit:

1185 2111 1225 2136 Sic
1234 2110 1316 2140 fatus,
1330 2110 1430 2136 croceis
1440 2114 1554 2135 rorantes
1567 2110 1675 2143 ignibus,
1685 2110 1779 2136 hortos

1186 2151 1349 2183 Ingreditur,
1359 2150 1511 2182 vallemque
1522 2156 1641 2175 suam—t

1118 2233 1188 2263 quae
1203 2228 1277 2252 sunt
1290 2221 1437 2252 lectiones
1447 2221 1541 2262 longe
1560 2221 1690 2263 quidem
1703 2221 1844 2253 sinceris-

1118 2274 1212 2305 simae.

1121 2326 1289 2362 Caeterum,
1320 2325 1424 2355 nescio
1446 2334 1487 2354 an
1509 2324 1622 2355 tmesin
1645 2323 1780 2354 similem
1804 2338 1848 2365 τῳ

1119 2379 1243 2418 Perque
1254 2379 1354 2408 volare
1368 2376 1562 2407 Ammianus
1574 2375 1780 2406 Marcellinus
1788 2386 1846 2407 au-

1118 2438 1170 2458 sus
1186 2428 1237 2465 sit,
1262 2427 1302 2458 ad
1318 2427 1376 2457 xiv.
1396 2431 1443 2458 10.
1469 2430 1490 2445 “
1507 2427 1658 2457 Veritatis
1682 2427 1769 2457 enim
1791 2429 1846 2458 ab·

1119 2482 1140 2497 ‘⁶
1156 2479 1277 2509 solutus
1292 2488 1405 2516 sermo,
1422 2488 1458 2508 ac
1483 2488 1606 2518 semper
1619 2484 1666 2508 est
1680 2477 1845 2517 simplex.”

1119 2530 1190 2560 MS.
1213 2531 1306 2560 habet
1320 2530 1353 2559 in
1369 2529 1526 2566 extremis,
1551 2532 1573 2547 “
1588 2539 1710 2569 semper
1724 2539 1760 2559 ac
1774 2538 1843 2568 per-

1117 2585 1139 2600 “
1157 2587 1203 2611 est
1224 2580 1394 2620 simplex:”
1418 2581 1502 2622 legas
1523 2580 1632 2622 igitur,
1657 2579 1846 2623 “Veritatis

1115 2636 1138 2651 ‘⁴
1155 2633 1241 2663 enirn
1271 2632 1430 2663 absolutus
1453 2642 1556 2663 sermo
1578 2641 1707 2671 semper,
1730 2641 1766 2661 ac
1784 2642 1843 2671 per

1114 2688 1136 2702 “
1153 2691 1198 2714 est
1212 2684 1374 2724 simplex.''
1420 2684 1515 2715 Docti
1527 2683 1679 2724 judicent.

1156 2735 1228 2766 Ver.
1254 2739 1327 2767 204.
1348 2747 1438 2776 super
1459 2742 1520 2767 est.-
1545 2735 1589 2765 ita
1615 2735 1653 2765 P.
1681 2733 1776 2765 Vind.
1799 2734 1840 2765 V.

1111 2786 1160 2817 ed.
1176 2787 1213 2817 B.
1225 2786 1261 2817 L.
1276 2787 1323 2816 M.
1339 2786 1378 2817 Ο.
1393 2793 1437 2817 Ω..
1451 2786 1554 2826 vulgo,
1563 2797 1672 2826 supera
1682 2792 1742 2823 εει-ι,-
1758 2785 1841 2816 male

1111 2838 1145 2867 in
1160 2838 1220 2868 hoc
1233 2837 1431 2874 loco.—l1aec,
1457 2836 1541 2878 quod
1565 2837 1599 2867 in
1622 2836 1756 2878 vulgatis
1770 2843 1840 2876 post

1111 2890 1226 2920 volucri
1240 2887 1336 2927 venit,
1352 2887 1438 2919 deest
1454 2887 1551 2919 Vind.
1568 2887 1610 2918 V.
1624 2887 1672 2918 ed.
1689 2888 1727 2918 B.
1737 2887 1774 2918 L.
1790 2887 1840 2918 M.
