1912 3292
493 262 727 313 LIBER
780 260 1165 318 QUARTUS.

1465 268 1560 310 :303

95 404 179 441 590
211 398 267 440 Et
286 411 415 456 genus
434 394 658 450 agricolum
678 393 759 433 late
778 392 1009 442 sentiscere,
1032 407 1158 447 quom
1181 392 1287 443 Pan,

206 473 335 514 Pinea
355 467 526 512 semiferi
546 467 688 522 capitis
706 466 923 507 vallamina
942 481 1149 522 quassans,

105 629 186 660 Ibid.
202 628 317 659 dulceis
327 626 464 666 querelas
480 624 571 654 Tibia
585 634 662 665 quas
661 623 785 665 fundit.

63 680 152 712 Sicut
167 677 328 713 Horatius,
344 676 393 706 od.
407 675 450 705 iii.
467 678 495 706 7.
513 678 562 705 80.

437 763 525 788 neque
535 756 562 780 in
573 758 628 781 vias

123 800 176 825 Sub
191 802 275 824 cantu
285 797 398 830 querulae
408 796 514 828 despice
525 795 601 820 tihiae.

64 872 187 905 Redeas
198 870 239 902 ad
253 875 360 900 notata
375 878 475 908 nuper
488 867 521 897 in
537 877 596 897 ver.
616 868 688 898 550.

104 924 180 954 Ver.
210 925 281 953 589.
311 921 420 951 Tibia:
447 919 488 949 V.
516 918 564 948 ed.
597 918 635 948 B.
665 918 789 948 Tibi.—

50 975 182 1018 sundz't:
200 973 242 1003 V.
255 971 424 1015 ed.flndil,·
443 971 602 1012 B.fingit;
622 969 788 1009 11.fondit;

59 1038 157 1070 quam
181 1026 282 1067 po'etae
306 1024 479 1066 genuinam
501 1022 684 1061 scripturam
709 1020 789 1051 arbi-

64 1086 137 1111 tror.

104 1138 186 1170 Ibid.
217 1138 325 1177 digitis
349 1137 474 1176 pulsata
503 1140 682 1165 canentum:
717 1133 737 1163 i.
764 1142 789 1164 e.

63 1189 292 1226 accinentium;
314 1186 508 1228 pulsantium
538 1185 653 1216 scilicet
683 1191 713 1215 et
740 1195 787 1215 ca-

63 1244 208 1276 nentium
223 1242 335 1272 eodem
350 1246 497 1279 tempore.
538 1238 693 1278 Virgilius
703 1239 788 1267 hunc

61 1297 169 1328 locum
182 1294 322 1324 imitatus
346 1298 404 1329 est,
431 1292 506 1322 AEn.
533 1290 572 1321 vi.
597 1294 670 1320 646.
700 1289 790 1329 cujus

64 1357 170 1378 versus
184 1344 338 1385 pleniores
352 1343 523 1378 adhibebo;
546 1351 644 1381 quum
666 1340 789 1370 videam

62 1399 184 1433 nemini
209 1397 381 1428 intellectos
403 1406 468 1426 esse
495 1401 605 1434 praeter
627 1394 789 1425 Jortinum

60 1457 242 1488 nostratem,
255 1449 357 1478 virum
372 1447 482 1477 multis
497 1446 678 1476 nominibus
688 1445 788 1475 admi.

61 1504 208 1541 rabilem3
229 1499 370 1542 quamvis
385 1499 448 1529 sint
463 1508 554 1528 sensu
570 1497 664 1537 longe
679 1497 788 1538 longe·

61 1565 123 1597 que
136 1553 330 1594 planissimo,
357 1560 459 1590 neque
475 1548 717 1579 controversiam
732 1547 787 1578 ad-

61 1608 219 1639 mittente:

76 1700 133 1724 Nec
143 1703 199 1722 non
206 1694 350 1721 Threicius
360 1692 441 1724 longa
449 1699 513 1717 cum
525 1695 600 1717 veste
612 1691 731 1716 sacerdos

75 1737 236 1768 Obloquitur
246 1734 365 1759 numeris
375 1736 480 1764 septem
491 1732 643 1756 discrimina
653 1737 752 1755 vocum
763 1737 771 1754 t

77 1780 191 1810 Jamque
200 1775 295 1801 eadem
303 1773 458 1805 digitis‚jam
469 1772 576 1803 pectine
581 1770 668 1803 pulsat
676 1771 788 1795 eburno:

62 1858 84 1889 i.
101 1867 126 1887 e.
150 1859 172 1874 “
189 1866 206 1885 e
228 1853 383 1885 contrario
408 1851 573 1890 respondet
600 1851 736 1888 citharae,
759 1856 790 1880 et

64 1913 86 1929 ‘⁶
102 1907 204 1939 reddit
217 1912 336 1945 septem
351 1904 485 1934 flexuras
496 1903 578 1933 vocis
593 1913 658 1933 suae
672 1908 718 1932 tot
729 1912 788 1931 nu-

64 1964 86 1980 “
103 1959 197 1990 meris
223 1964 343 1997 septem
355 1954 573 1986 chordarum.'’
620 1954 708 1984 Nihil
724 1963 789 1983 cer-

62 2013 125 2044 tius
146 2011 194 2041 vel
220 2010 362 2043 Ammon
389 2009 464 2046 ipse.
510 2006 574 2042 Qui
604 2016 675 2035 vero
704 2005 790 2045 loqui

62 2063 141 2101 vult,
157 2061 220 2093 alio
233 2061 391 2100 loquente,
409 2058 594 2097 plerumque
609 2067 646 2086 ex
661 2056 790 2086 inimico

61 2113 198 2155 quodam
213 2111 326 2141 affectu
340 2109 457 2139 mentis
471 2110 530 2138 hoc
545 2107 632 2137 facit:
651 2106 725 2136 inde
737 2112 789 2141 est,

62 2165 147 2207 quod
160 2165 253 2194 verba
268 2172 341 2193 cum
364 2163 397 2191 ob
419 2160 591 2199 composita
614 2159 647 2188 in
671 2158 790 2188 malam

62 2223 182 2256 partem
197 2213 394 2254 potissimum
409 2217 579 2248 vertantur,
603 2217 713 2249 praeter
734 2219 789 2239 na-

61 2267 196 2297 turalem
218 2264 444 2304 praepositionis
469 2263 546 2300 vim,
576 2262 790 2292 indifferenter

63 2318 227 2357 utrobique
241 2327 273 2347 se
288 2316 432 2356 gerentis.
458 2314 555 2352 Vide,
569 2324 639 2354 quae
655 2313 789 2343 dixerim

63 2370 104 2400 ad
122 2370 237 2400 Horat.
265 2369 353 2408 epod.
379 2369 411 2398 ii.
436 2371 485 2398 27.
535 2366 596 2397 Sed
619 2366 790 2396 trivialibus

64 2420 223 2451 immorari
237 2420 354 2456 nolim3
378 2425 410 2449 et
423 2418 560 2449 eruditos
576 2417 658 2447 viros
673 2417 713 2448 ad
727 2423 794 2447 tam

63 2472 153 2502 laevia
173 2471 307 2507 haesisse,
324 2470 398 2501 satis
412 2470 519 2500 mirari
535 2479 665 2509 nequeo.

105 2523 181 2553 Ver.
204 2525 277 2554 590.
300 2523 479 2552 sentiscere:
507 2527 547 2550 Π.
570 2522 697 2551 sentire:
723 2518 794 2549 vide

65 2584 122 2604 nos
133 2573 173 2603 ad
186 2573 218 2603 ii.
235 2575 329 2603 1045.
345 2572 493 2612 super-lus,

106 2624 187 2655 Ibid.
213 2626 293 2655 Pan.
337 2623 456 2654 Lucius
484 2621 662 2661 Ampelius‚
682 2631 747 2660 cap.
765 2625 793 2652 8.

64 2680 86 2696 “
102 2677 188 2706 -in
210 2682 319 2706 monte
341 2677 533 2716 NJymplzaeo:
559 2674 603 2704 ibi
630 2674 715 2714 ignis
737 2679 793 2709 est,

63 2733 86 2749 “
102 2735 134 2760 et
148 2729 188 2760 de
202 2728 284 2759 terra
298 2729 362 2759 exit
379 2729 485 2770 (forte,
508 2727 623 2768 exsilit)
647 2726 790 2757 flamma:

65 2785 87 2801 “
103 2781 138 2812 in
152 2781 239 2822 sylva
255 2783 355 2812 Panis
375 2782 555 2821 symphonia
581 2779 615 2809 in
641 2778 795 2819 oppidum

67 2835 89 2852 ‘⁶
106 2833 264 2864 auditur.”

107 2893 182 2924 Ver.
198 2897 270 2926 591.
292 2894 443 2933 semiferi:
470 2893 518 2923 M.
533 2892 793 2935 semifieri.—val-

65 2945 199 2978 lamina.-
224 2946 284 2978 hoc
306 2945 439 2979 Vossius
454 2944 575 2977 effinxit
589 2954 628 2976 ex
642 2941 794 2984 scriptura

828 622 973 653 codicum
986 623 1024 653 L.
1042 622 1090 653 M.
1106 623 1270 659 ullamina,
1297 630 1354 660 pro
1368 621 1494 662 vulgato
1509 633 1556 653 ve-

829 677 964 706 lamina:
992 680 1023 705 et
1038 674 1123 705 idern
1138 673 1255 713 placuit
1271 673 1413 709 Heinsio,
1436 674 1475 704 ad
1489 675 1555 705 Va-

829 726 882 758 ler.
907 726 1008 757 Flacc.
1030 726 1073 756 iii.
1097 729 1146 756 50.
1182 725 1279 755 Hanc
1305 724 1558 756 emendationem

829 780 927 810 tribus
956 779 995 810 de
1025 779 1142 809 caussis
1180 778 1406 808 admittendam
1432 778 1560 808 arbitra-

832 837 882 862 tus
905 841 988 861 sum:
1017 830 1112 866 Quod
1134 829 1306 860 doctiorem
1328 830 1440 860 efficiat
1459 836 1489 860 et
1505 840 1560 860 ex-

831 882 1025 923 quisitior-em
1053 881 1235 918 lectionem3
1268 880 1362 917 Quod
1391 881 1558 911 Lucretius

832 944 864 963 se
879 934 993 973 passim
1008 932 1149 963 ostendat
1169 933 1315 962 varietate
1337 933 1484 971 phraseos
1505 932 1560 962 de-

832 985 951 1023 lectari,
967 991 998 1014 et
1023 984 1185 1024 vulgarem
1210 983 1399 1013 locutionem
1411 984 1479 1024 jam
1504 984 1561 1013 ha-

832 1037 945 1075 buerit,
963 1036 1003 1066 ad
1024 1036 1044 1066 i.
1060 1040 1131 1067 929.
1157 1035 1198 1066 iv.
1216 1038 1247 1066 5.
1284 1035 1390 1073 Quod,
1414 1034 1560 1075 denique,

834 1099 922 1119 voces
936 1090 1012 1120 vallo
1036 1094 1066 1118 et
1087 1090 1147 1119 velo
1163 1087 1344 1126 saepiuscule
1360 1092 1561 1117 commutatae

834 1142 897 1172 sint
919 1140 1066 1170 librariis:
1093 1140 1184 1169 adeas
1210 1150 1272 1169 var.
1295 1138 1376 1169 lectt.
1400 1139 1441 1169 ad
1468 1138 1561 1169 Ovid.

835 1203 872 1223 ex
888 1193 979 1222 Pont.
1002 1191 1022 1221 i.
1049 1194 1077 1220 2.
1103 1194 1154 1220 23.
1180 1190 1218 1220 ἰν.
1245 1193 1294 1220 14.
1319 1192 1370 1220 55.
1395 1189 1561 1220 Claudian-

831 1244 922 1283 prim.
937 1253 1020 1273 cons.
1039 1242 1106 1271 Stil.
1123 1241 1154 1271 ii.
1174 1245 1243 1272 189.
1256 1246 1331 1270 sext.
1342 1249 1424 1270 cons,
1435 1241 1560 1270 Honor.

833 1298 903 1325 647.
926 1299 1003 1332 rapt.
1021 1293 1106 1323 Pros.
1122 1292 1153 1321 ii.
1169 1295 1242 1322 525.
1265 1291 1308 1321 iii.
1325 1294 1395 1321 520.
1420 1290 1505 1330 idyll.
1521 1291 1562 1321 iv.

833 1350 882 1377 23.
930 1346 1022 1376 Certe
1037 1343 1199 1374 fatendum
1216 1349 1261 1373 est
1274 1357 1307 1373 το
1322 1345 1436 1373 vallare
1450 1342 1562 1382 saepius

833 1397 974 1428 adhiberi
988 1397 1027 1427 de
1042 1396 1181 1436 capitum
1195 1395 1386 1436 tegumentis
1408 1400 1559 1425 terrorem

832 1450 1073 1486 incutientibus;
1096 1454 1143 1486 ut,
1168 1447 1303 1487 exempli
1318 1446 1427 1487 gratia,
1453 1447 1486 1477 in
1502 1448 1562 1476 hoc

832 1502 901 1532 loco
926 1501 1059 1536 Senecae,
1090 1511 1131 1530 ne
1161 1500 1238 1529 alios
1260 1499 1431 1534 cumulem,
1464 1499 1561 1529 Herc.

834 1553 900 1584 OEt.
919 1556 1010 1585 1955.
1034 1553 1077 1582 sic
1094 1566 1118 1583 εν
1135 1551 1246 1592 παραδῳ
1260 1550 1463 1582 emendandi:

958 1653 1028 1681 Non,
1039 1651 1164 1683 Argolico
1175 1653 1252 1682 rapta
1261 1649 1344 1679 leoni,

957 1695 1039 1719 Fulva
1051 1695 1125 1726 pellis
1136 1698 1262 1719 contecta
1271 1693 1335 1724 juba

956 1738 1054 1761 Laevos
1066 1737 1153 1768 operit
1163 1736 1221 1761 dira
1232 1736 1357 1765 lacertos,

956 1780 1171 1811 Vallantqueferi
1183 1784 1293 1812 tempora
1304 1780 1398 1804 dentes.

834 1860 953 1901 Vulgo,
969 1862 1048 1890 dura
1057 1875 1067 1896 ,·
1089 1859 1184 1900 nimis
1199 1859 1326 1889 exiliter.
1351 1858 1446 1889 Unde
1459 1859 1560 1890 Hein-

833 1913 896 1943 sius
911 1912 982 1942 νει-ἃ
996 1911 1173 1952 conjectura
1188 1911 1320 1942 correxit
1337 1911 1563 1950 Claudianum,

833 1965 867 1994 in
884 1964 993 1994 Rufin.
1009 1964 1040 1994 ii.
1057 1966 1131 1994 465.

1016 2044 1156 2069 pronoque
1167 2037 1243 2062 favos
1254 2037 1382 2063 examine
1393 2038 1510 2062 vallant.

833 2111 933 2148 Libri,
956 2113 1074 2143 velant:
1100 2116 1132 2140 et
1156 2111 1200 2140 ita
1223 2116 1348 2151 egomet
1366 2111 1471 2141 Marte
1492 2119 1564 2149 pro-

833 2164 902 2203 prio
916 2165 976 2194 hoc
992 2168 1155 2202 peccatum
1177 2162 1429 2203 profligaveram:
1456 2162 1564 2192 confer

834 2215 911 2246 alios
924 2215 1009 2245 locos
1024 2214 1165 2255 ejusdem
1180 2214 1279 2253 po'etae
1294 2213 1390 2244 modo
1412 2213 1565 2250 laudatos,

834 2274 865 2298 et
901 2268 1018 2298 ibidem
1056 2266 1230 2297 Heinsium
1269 2267 1565 2305 Burmannumque·

834 2320 964 2358 Optime
994 2325 1162 2358 usurpatur
1185 2319 1280 2348 etiam
1303 2320 1392 2355 vallo,
1410 2317 1449 2347 de
1474 2323 1565 2357 tegu-

835 2370 951 2401 mentis
965 2370 1202 2401 incommodum
1217 2369 1344 2410 aliquod
1353 2370 1567 2408 propulsanti-

836 2424 898 2453 bus.
943 2421 1033 2451 Hinc
1056 2426 1138 2451 certe
1163 2420 1279 2451 menda
1300 2419 1480 2450 liberandus
1504 2419 1566 2449 Co-

837 2474 976 2510 lumella,
1000 2474 1039 2504 de
1063 2484 1096 2505 re
1121 2480 1196 2504 rust.
1219 2474 1272 2504 vii.
1297 2477 1325 2503 2.
1351 2476 1378 2503 l.
1402 2475 1424 2490 “
1442 2481 1518 2502 nam
1532 2471 1565 2502 id

838 2531 860 2546 “
879 2527 1025 2568 (ovillum
1055 2527 1165 2566 pecus)
1192 2526 1346 2566 praecipue
1370 2535 1427 2554 nos
1457 2530 1566 2554 contra

839 2579 1003 2620 “frigoris
1018 2580 1192 2609 violentiam
1208 2576 1352 2616 protegit,
1370 2575 1564 2614 corporibus-

838 2633 862 2648 “
877 2640 938 2670 que
960 2629 1073 2660 nostris
1095 2628 1271 2659 liberaliora
1289 2628 1405 2667 praebet
1426 2627 1566 2657 vallami-

839 2686 861 2701 “
878 2681 948 2712 ηα.”
993 2681 1093 2719 Editi‚
1117 2683 1287 2716 velamina;
1311 2679 1366 2710 sed
1381 2689 1464 2710 unus
1478 2678 1566 2713 liber,

837 2735 1011 2764 vellamina.
1058 2733 1138 2763 Mox
1168 2731 1241 2762 ibid.
1270 2734 1299 2761 3.
1331 2734 1380 2762 10.
1426 2733 1449 2748 “
1466 2728 1568 2760 Molle

840 2789 863 2804 “
882 2795 955 2815 vero
970 2794 1065 2824 pecus
1084 2784 1180 2813 etiam
1194 2784 1340 2820 velamen,
1355 2791 1418 2822 quo
1432 2780 1567 2820 protegi-

841 2841 863 2856 “
877 2843 939 2873 tur,
962 2835 1150 2868 amittit—.”
1197 2834 1288 2865 Idem
1302 2833 1393 2869 liber,
1405 2834 1564 2864 vellamen:

838 2888 892 2919 sed
906 2888 949 2918 ibi
966 2887 1125 2929 vulgatam
1147 2895 1256 2917 vocem
1279 2884 1397 2915 malim.
1441 2883 1566 2914 Eadem

837 2939 993 2972 medicina
1006 2938 1176 2971 certissime
1197 2936 1274 2969 Silio
1288 2934 1431 2967 facienda
1446 2940 1501 2968 est,
1525 2932 1562 2962 ad
