1912 3292
480 260 704 307 LIBER
764 258 1145 315 QUARTUS.

1461 266 1555 310 ‘267

199 391 422 440 Nimirum,
443 388 540 443 quia
558 397 666 428 terra
685 387 783 428 loeis
804 401 858 427 ex
878 387 1027 428 ordine
1048 390 1167 430 certis

196 464 374 506 Lumine
392 462 575 516 privatur
594 459 702 510 solis,
725 475 1014 515 quaquomque
1034 471 1217 504 meantes

196 538 437 580 Obficimus:
469 535 647 590 repletur
666 535 779 584 item,
803 534 917 590 quod
935 534 1129 590 liquimus
1149 537 1245 590 ejus.

195 612 418 665 Propterea
436 608 499 659 fit,
521 609 605 650 utei
625 608 825 659 videatur,
848 623 941 664 quae
960 607 1038 650 fuit
1061 609 1208 650 umbra

79 688 161 726 375
194 685 404 739 Corporis,
427 699 450 724 e
469 684 636 740 regione
656 683 800 724 eadem
820 697 895 724 nos
916 698 1046 738 usque
1067 691 1258 739 sequuta:

192 760 362 813 Semper
382 759 492 799 enim
512 772 619 798 nova
639 772 680 798 se
699 757 910 798 radiorum
932 757 1089 799 lumina
1108 757 1309 808 fundunt,

190 833 410 887 Primaque
430 833 681 887 dispereunt,
702 832 816 888 quasi
836 832 879 872 in
900 832 1038 888 ignem
1059 831 1155 873 lana
1175 832 1373 874 trahatur.

189 906 428 962 Propterea,
449 906 564 948 facile
585 915 624 948 et
645 907 843 962 spoliatur
863 906 1020 948 lumine
1043 914 1167 956 terra,

48 1066 250 1097 —videntur:
278 1065 315 1096 B.
341 1067 569 1099 videtum—De
594 1067 643 1099 his
667 1075 774 1099 autem

47 1115 199 1148 adverbiis
213 1117 246 1148 in
261 1120 316 1156 im,
331 1118 402 1149 vide
417 1130 474 1149 nos
496 1120 536 1150 ad
560 1120 579 1150 i.
605 1124 656 1152 45.
680 1127 773 1161 atque

48 1168 321 1209 Oudendorpium,
340 1169 381 1200 ad
397 1170 495 1209 Apul.
510 1178 583 1202 met.
600 1173 639 1202 iv.
651 1183 680 1211 p.
698 1176 772 1208 25⁶2,

89 1221 164 1251 Ver.
179 1225 252 1252 567.
274 1221 390 1253 credis:
416 1219 558 1259 editores,
586 1226 708 1258 credas-‚-
734 1223 774 1253 de

45 1283 130 1311 penu
145 1273 279 1312 proprio,
295 1273 381 1304 libris
395 1272 547 1304 universis
561 1276 772 1311 renuentibus

46 1337 107 1356 usu
128 1326 225 1362 nullo,
256 1327 438 1357 necessitate
462 1326 557 1357 nulla.
604 1327 655 1357 Sic
678 1328 773 1357 etiam

46 1377 143 1407 Vind.
159 1377 184 1407 si
199 1377 339 1407 collatori
355 1377 430 1407 fides
446 1377 550 1407 danda
565 1377 613 1413 sit,
631 1378 672 1407 ad
685 1378 772 1407 hunc

44 1428 150 1459 locum
164 1428 274 1467 procul
295 1428 392 1458 dubio
413 1428 610 1458 dormitanti:
637 1434 674 1458 ut
687 1429 772 1465 alibi,

43 1478 78 1509 in
110 1479 210 1518 operis
239 1479 382 1515 decursu,
414 1489 479 1509 non
508 1481 768 1510 rara—lumine.-

45 1530 142 1561 Vind.
160 1538 200 1562 Π.
218 1536 253 1562 Σ.
267 1533 396 1561 lumina.

86 1582 161 1612 Ver.
177 1585 250 1613 568.
269 1589 404 1622 gestum:
430 1582 468 1612 P.
488 1594 621 1622 gressum
629 1598 639 1619 ;
664 1582 718 1613 sed
735 1588 769 1613 Δ.

47 1639 88 1664 Π.
104 1638 140 1665 Σ.
159 1639 260 1673 gestus
266 1647 277 1669 ;
304 1641 340 1663 ut
354 1633 429 1664 editi
443 1633 596 1674 vulgares,
624 1634 663 1664 ad
679 1648 771 1665 zazo-

46 1693 160 1725 φωηαιν,
176 1685 298 1725 opinor,
315 1692 346 1715 et
368 1685 550 1726 ambiguam
571 1686 773 1716 constructio-

45 1747 130 1776 nem,
146 1737 336 1768 evitandam:
364 1737 419 1767 sed
440 1743 557 1767 veteres
572 1743 603 1767 et
617 1737 774 1768 emendati

45 1787 166 1818 codices
180 1798 245 1818 non
260 1794 334 1818 sunt
349 1788 480 1818 auribus
495 1787 668 1818 deiica‘culis
689 1793 772 1827 post-

46 1840 421 1880 habendi-sequentem:
447 1840 484 1869 P.
497 1839 690 1880 frequentem
696 1855 708 1875 ,-
736 1844 771 1869 Δ.

44 1898 229 1931 sequentum.

88 1943 162 1973 Ver.
178 1947 251 1975 369.
273 1945 389 1974 lumine
408 1955 521 1975 cassus.
569 1943 620 1972 Ita
643 1943 772 1973 BIarcus

46 1993 173 2024 Tullius
188 1995 222 2024 in
245 2005 335 2025 versu
360 1994 545 2025 suavissimo
568 1994 769 2031 Arateorum,

43 2045 83 2076 de
102 2047 222 2083 Orione,
238 2056 298 2075 ver.
315 2049 387 2076 545.
410 2045 534 2075 locutus
547 2050 604 2074 est:

74 2113 107 2136 Et
118 2111 217 2137 dextri
226 2111 354 2141 retinens,
366 2118 421 2136 non
435 2117 533 2136 cassum
544 2110 658 2140 luminis,
668 2117 768 2135 ensem:

43 2178 205 2218 pulchram
220 2189 275 2218 per
287 2192 398 2218 μειωσιν
405 2193 416 2214 ,·
434 2189 509 2208 nam
524 2178 629 2219 gladio
642 2178 768 2208 instrui-

43 2236 94 2260 tur
118 2230 358 2271 fulgentissimo.
403 2231 491 2260 Hinc
520 2230 768 2270 elegantissimus

43 2281 182 2322 Virgilii,
200 2281 239 2313 ad
256 2283 330 2312 AEn.
346 2282 390 2311 iii.
407 2285 479 2312 517.
495 2281 582 2311 locus
597 2281 726 2320 pendet:

104 2353 293 2382 Atmaeumque
302 2359 366 2376 auro
377 2351 559 2383 circumspicit
571 2351 671 2375 Oriona
679 2358 687 2374 z

45 2419 99 2449 ubi
115 2419 258 2450 consulas
279 2420 410 2450 omnino
437 2420 591 2456 Servium,
617 2425 648 2449 et
668 2419 766 2448 inter-

43 2477 152 2510 pretes.
197 2471 311 2501 Noster
339 2478 453 2507 autem,
489 2476 511 2490 ‘⁴
527 2474 690 2502 retinentes
711 2481 766 2509 po-

44 2525 67 2541 “
82 2522 185 2559 cula,”
210 2522 229 2552 i.
245 2526 318 2554 496.
332 2529 369 2552 ut
385 2523 505 2559 Cicero,
529 2526 552 2540 “
566 2524 699 2552 retinens
712 2532 766 2551 en-

41 2576 65 2591 “
80 2573 177 2609 sem,'‘
200 2583 256 2612 pro
290 2575 554 2611 tenens-Pone,
579 2583 635 2612 pro
657 2583 767 2607 cassus,

43 2630 84 2655 Π.
101 2635 203 2660 casus,·
221 2632 253 2655 et
269 2625 316 2655 M.
330 2635 386 2664 pro
397 2627 486 2680 aliae
499 2626 562 2656 nisi
576 2624 629 2654 dat
643 2625 766 2654 etiami.-

43 2675 128 2716 quod
141 2682 304 2715 peecatum
320 2676 508 2715 putavissem
528 2686 585 2715 pro
610 2677 706 2706 alium
722 2677 766 2711 ni,

43 2727 107 2758 Le.
131 2730 245 2766 alifmi,
270 2728 297 2758 si
321 2734 488 2764 constaret,
515 2733 632 2758 veteres
655 2727 768 2757 dixisse

45 2779 154 2816 alium,
180 2778 250 2809 loco
265 2781 363 2815 aliud,
389 2785 425 2809 ut
446 2779 589 2809 dicebant
609 2780 689 2813 aliae,
712 2788 768 2817 pro

41 2827 131 2858 alius.
187 2830 314 2860 Addam
344 2830 478 2871 denique
511 2829 693 2870 Virgilium,
727 2828 767 2858 ad

44 2879 120 2909 AEn.
135 2878 166 2909 ii.
186 2883 235 2911 85.

267 2946 340 2966 nunc
348 2948 449 2966 cassum
459 2941 553 2966 lumine
564 2940 673 2973 lugent:

814 1066 834 1099 i.
850 1078 876 1098 e.
899 1069 1022 1099 aetlzerz'o
1038 1068 1170 1102 limine,-
1194 1064 1301 1096 confer
1316 1065 1394 1096 AEn.
1411 1064 1456 1095 xi.
1478 1068 1547 1096 104.

860 1127 932 1157 Ver.
948 1130 1021 1158 370.
1037 1129 1189 1157 umbram:
1208 1126 1245 1155 B.
1260 1131 1300 1155 Π.
1315 1125 1546 1164 umbra.—per-

816 1179 932 1208 hibere:
959 1178 998 1207 B.
1020 1177 1198 1216 prohibere:
1224 1175 1259 1204 in
1284 1175 1381 1204 dubio
1395 1175 1548 1215 relinquit

817 1229 856 1258 V.
873 1228 924 1258 ed.
941 1227 1055 1258 omissa
1070 1226 1253 1257 horizontali
1268 1225 1360 1262 linea,
1373 1226 1432 1255 hoc
1442 1232 1542 1264 pacto:

811 1279 945 1319 phibere.

860 1337 935 1367 Ver.
951 1340 1024 1367 372.
1048 1346 1279 1377 quaquomquef
1302 1336 1338 1366 P.
1363 1336 1403 1365 V.
1430 1335 1477 1365 ed.
1504 1336 1544 1366 Β.

817 1399 1014 1428 quaecunque.

860 1448 936 1478 Ver.
957 1451 1027 1478 575.
1056 1449 1236 1490 Olgficimus:
1264 1453 1305 1477 Π.
1329 1447 1546 1487 Efficimus.—

815 1501 980 1539 Ie'que'mus:
1008 1506 1048 1530 Π.
1066 1506 1110 1531 Ω.
1125 1501 1311 1540 linquimus5
1338 1509 1389 1529 me
1405 1509 1470 1529 non
1484 1499 1545 1528 im-

814 1552 973 1590 probante.

858 1613 932 1643 Ver.
948 1616 1021 1644 376.
1044 1624 1074 1644 se
1088 1615 1249 1644 radiorum
1265 1612 1545 1653 luminafundunt.

819 1663 872 1693 Ad
893 1664 951 1694 hoc
967 1663 1089 1694 dicendi
1102 1674 1201 1704 genus
1215 1663 1445 1698 illustrandum,
1463 1662 1548 1703 quod

817 1724 1034 1752 saepenumero
1049 1715 1338 1752 animadvertimus,
1365 1724 1457 1753 opere
1472 1713 1547 1743 facit

817 1765 955 1795 maximo
971 1767 1094 1796 Festus:
1122 1770 1144 1784 “
1162 1768 1295 1796 llanare
1310 1768 1399 1796 solem
1426 1763 1547 1805 antiqui

819 1822 840 1837 ‘⁴
858 1819 1010 1854 dicebant,
1027 1830 1100 1849 cum
1116 1819 1188 1849 solis
1203 1819 1332 1849 orientis
1346 1820 1432 1849 radii
1445 1820 1545 1857 splen-

817 1873 839 1889 “
855 1873 954 1902 dorem
965 1871 1073 1911 jacere
1088 1870 1325 1910 coepissent-,⁵¹
1372 1870 1423 1900 Ita
1443 1869 1544 1900 Carus

815 1929 920 1953 noster
935 1922 1096 1953 multoties
1110 1922 1233 1952 locutus
1249 1927 1303 1952 est.

857 1983 934 2013 Ver.
949 1987 1021 2014 577.
1045 1985 1079 2013 in
1095 1985 1215 2022 ignem:
1241 1983 1285 2012 sic
1311 1981 1468 2011 verissime
1490 1989 1543 2009 co-

813 2034 897 2064 dices
911 2034 1022 2073 optimi
1038 2040 1068 2064 et
1083 2034 1302 2074 antiquissimi,
1315 2033 1351 2063 L.
1369 2033 1416 2062 M.
1439 2038 1470 2062 et
1485 2032 1543 2060 hac

813 2086 1018 2117 similitudine
1055 2087 1136 2116 nihil
1171 2086 1274 2125 aptius
1308 2083 1542 2124 expressiusque

815 2137 889 2179 fingi
905 2144 1041 2177 poterat:
1068 2137 1146 2178 quid
1162 2138 1248 2167 enim
1265 2136 1358 2166 citius
1383 2134 1541 2165 consumi-

812 2195 873 2226 tur,
890 2201 984 2230 quam
1006 2189 1189 2220 tenuissima
1210 2189 1290 2219 lanae
1311 2186 1542 2227 capillamenta,

813 2240 948 2270 flammae
975 2240 1119 2272 admota?
1150 2241 1273 2270 Mirum
1295 2246 1401 2269 autem
1423 2238 1456 2267 in
1472 2247 1540 2266 mo·

811 2292 887 2322 dum
906 2292 975 2322 libri
991 2292 1124 2322 variant:
1151 2292 1187 2322 P.
1211 2294 1351 2330 margine
1358 2307 1368 2327 ,·
1386 2289 1483 2319 Vind.
1497 2289 1539 2318 V.

811 2344 859 2374 ed.
886 2345 923 2374 B.
941 2350 986 2374 Ω.
1010 2345 1193 2383 imaginem;
1226 2344 1264 2373 Ο.
1290 2349 1324 2373 Δ.
1344 2349 1383 2372 Π.
1401 2347 1435 2372 Σ.
1461 2343 1539 2370 ima-

807 2398 896 2434 gine;
920 2394 1050 2435 quidam
1065 2395 1186 2425 codices
1204 2395 1255 2424 Pii
1271 2395 1398 2429 habent,
1425 2394 1458 2421 in
1482 2402 1537 2430 ag-

812 2448 901 2476 mine.
947 2446 1014 2476 Nos
1036 2446 1162 2476 lectioni
1189 2445 1296 2484 positae
1324 2442 1539 2473 lubentissime

812 2498 1042 2528 subscribimus.
1087 2498 1196 2533 Porro,
1217 2497 1282 2526 vice
1300 2498 1478 2534 Primaque,
1497 2500 1539 2523 Π.

812 2555 846 2580 Σ.
872 2552 998 2584 Prz‘ma,·
1025 2560 1081 2588 pro
1095 2552 1194 2589 quasi,
1220 2555 1260 2579 Π.
1276 2559 1354 2588 quen
1380 2547 1537 2585 prolana,

814 2606 849 2630 Δ.
865 2602 957 2636 luna;
985 2607 1016 2630 et
1032 2602 1262 2631 1’1.tralmnlur.
1307 2598 1369 2628 Sed
1391 2598 1476 2627 enim
1499 2597 1539 2627 ob

813 2658 974 2691 sequentes
1001 2661 1116 2686 versuS,
1139 2650 1193 2691 qui
1219 2649 1364 2680 sidentur
1389 2649 1446 2678 hac
1470 2657 1539 2685 ma·-

812 2701 888 2732 teria
903 2704 1134 2733 simulacrorum
1161 2702 1362 2741 corporalium
1386 2698 1538 2739 quiddam

814 2752 982 2783 sublimius
1005 2754 1129 2792 spirare,
1153 2762 1205 2782 me
1222 2751 1369 2792 cogitatio
1383 2750 1476 2786 subit,
1499 2749 1539 2780 ad

812 2805 896 2833 hunc
912 2804 1043 2834 modum
1057 2804 1194 2843 potuisse
1207 2803 1313 2832 forsan
1329 2801 1458 2831 scribere
1469 2801 1536 2831 Lu-

810 2862 956 2885 erenum:

1040 2931 1115 2963 quasi
1124 2931 1232 2962 imagine
1242 2930 1305 2954 lzma
1316 2928 1450 2954 traham.-

761 2987 815 3017 85
