<?xml version="1.0" encoding="UTF-8"?>
<!DOCTYPE html PUBLIC "-//W3C//DTD XHTML 1.0 Transitional//EN"
    "http://www.w3.org/TR/xhtml1/DTD/xhtml1-transitional.dtd">
<html xmlns="http://www.w3.org/1999/xhtml" xml:lang="en" lang="en">
 <head>
  <title>
</title>
<meta http-equiv="Content-Type" content="text/html;charset=utf-8" />
  <meta name='ocr-system' content='tesseract 3.04.00' />
  <meta name='ocr-capabilities' content='ocr_page ocr_carea ocr_par ocr_line ocrx_word'/>
</head>
<body>
  <div class='ocr_page' id='page_1' title='image "./tlucretiicarider02lucruoft_0124.png"; bbox 0 0 1912 3292; ppageno 0'>
   <div class='ocr_carea' id='block_1_1' title="bbox 317 180 380 220">
    <p class='ocr_par' dir='ltr' id='par_1_1' title="bbox 317 180 380 220">
     <span class='ocr_line' id='line_1_1' title="bbox 317 180 380 220; baseline 0 0"><span class='ocrx_word' id='word_1_1' title='bbox 317 180 380 220; x_wconf 82' lang='lat'><strong>80</strong></span> 
     </span>
    </p>
   </div>
   <div class='ocr_carea' id='block_1_2' title="bbox 808 161 1301 216">
    <p class='ocr_par' dir='ltr' id='par_1_2' title="bbox 808 161 1301 216">
     <span class='ocr_line' id='line_1_2' title="bbox 808 161 1301 216; baseline -0.014 0"><span class='ocrx_word' id='word_1_2' title='bbox 808 166 869 216; x_wconf 89' lang='grc' dir='ltr'><strong>Τ.</strong></span> <span class='ocrx_word' id='word_1_3' title='bbox 920 161 1301 216; x_wconf 89' lang='lat' dir='ltr'>LUCRETII</span> 
     </span>
    </p>
   </div>
   <div class='ocr_carea' id='block_1_3' title="bbox 450 293 1629 425">
    <p class='ocr_par' dir='ltr' id='par_1_3' title="bbox 450 293 1629 425">
     <span class='ocr_line' id='line_1_3' title="bbox 450 293 1629 357; baseline -0.009 -13"><span class='ocrx_word' id='word_1_4' title='bbox 450 301 578 352; x_wconf 89' lang='lat' dir='ltr'><strong>Tum,</strong></span> <span class='ocrx_word' id='word_1_5' title='bbox 601 300 716 357; x_wconf 86' lang='lat' dir='ltr'>quasi</span> <span class='ocrx_word' id='word_1_6' title='bbox 736 300 942 350; x_wconf 83' lang='lat' dir='ltr'><strong>vacillans,</strong></span> <span class='ocrx_word' id='word_1_7' title='bbox 962 298 1144 354; x_wconf 90' lang='lat' dir='ltr'><strong>primum</strong></span> <span class='ocrx_word' id='word_1_8' title='bbox 1164 294 1390 352; x_wconf 86' lang='lat' dir='ltr'>consurgit,</span> <span class='ocrx_word' id='word_1_9' title='bbox 1412 301 1453 334; x_wconf 91' lang='lat' dir='ltr'><strong>et</strong></span> <span class='ocrx_word' id='word_1_10' title='bbox 1473 293 1629 334; x_wconf 77' lang='lat' dir='ltr'><strong>omneis</strong></span> 
     </span>
     <span class='ocr_line' id='line_1_4' title="bbox 457 372 1533 425; baseline -0.009 -8"><span class='ocrx_word' id='word_1_11' title='bbox 457 375 673 417; x_wconf 85' lang='lat' dir='ltr'><strong>Paullatim</strong></span> <span class='ocrx_word' id='word_1_12' title='bbox 694 374 801 416; x_wconf 88' lang='lat' dir='ltr'><strong>redit</strong></span> <span class='ocrx_word' id='word_1_13' title='bbox 819 375 864 416; x_wconf 93' lang='lat' dir='ltr'><strong>in</strong></span> <span class='ocrx_word' id='word_1_14' title='bbox 883 388 1037 423; x_wconf 86' lang='lat' dir='ltr'><strong>sensus,</strong></span> <span class='ocrx_word' id='word_1_15' title='bbox 1059 372 1320 425; x_wconf 84' lang='lat' dir='ltr'><strong>animamque</strong></span> <span class='ocrx_word' id='word_1_16' title='bbox 1340 374 1533 423; x_wconf 86' lang='lat' dir='ltr'><strong>receptat.</strong></span> 
     </span>
    </p>
   </div>
   <div class='ocr_carea' id='block_1_4' title="bbox 346 455 426 491">
    <p class='ocr_par' dir='ltr' id='par_1_4' title="bbox 346 455 426 491">
     <span class='ocr_line' id='line_1_5' title="bbox 346 455 426 491; baseline 0 0"><span class='ocrx_word' id='word_1_17' title='bbox 346 455 426 491; x_wconf 79' lang='lat'><strong>505</strong></span> 
     </span>
    </p>
   </div>
   <div class='ocr_carea' id='block_1_5' title="bbox 518 442 1547 507">
    <p class='ocr_par' dir='ltr' id='par_1_5' title="bbox 518 442 1547 507">
     <span class='ocr_line' id='line_1_6' title="bbox 518 442 1547 507; baseline -0.01 -16"><span class='ocrx_word' id='word_1_18' title='bbox 518 449 628 491; x_wconf 86' lang='lat' dir='ltr'><strong>Haec</strong></span> <span class='ocrx_word' id='word_1_19' title='bbox 648 449 775 507; x_wconf 89' lang='lat' dir='ltr'><strong>igitur</strong></span> <span class='ocrx_word' id='word_1_20' title='bbox 794 449 918 490; x_wconf 86' lang='lat' dir='ltr'><strong>tantis</strong></span> <span class='ocrx_word' id='word_1_21' title='bbox 938 447 1008 489; x_wconf 92' lang='lat' dir='ltr'><strong>ubi</strong></span> <span class='ocrx_word' id='word_1_22' title='bbox 1029 445 1183 487; x_wconf 86' lang='lat' dir='ltr'>morbis</span> <span class='ocrx_word' id='word_1_23' title='bbox 1203 457 1375 498; x_wconf 89' lang='lat' dir='ltr'><strong>corpore</strong></span> <span class='ocrx_word' id='word_1_24' title='bbox 1394 443 1437 482; x_wconf 90' lang='lat' dir='ltr'><strong>in</strong></span> <span class='ocrx_word' id='word_1_25' title='bbox 1458 442 1547 497; x_wconf 87' lang='lat' dir='ltr'><strong>ipso</strong></span> 
     </span>
    </p>
   </div>
   <div class='ocr_carea' id='block_1_6' title="bbox 452 515 1592 721">
    <p class='ocr_par' dir='ltr' id='par_1_6' title="bbox 452 515 1592 721">
     <span class='ocr_line' id='line_1_7' title="bbox 458 515 1575 578; baseline -0.011 -12"><span class='ocrx_word' id='word_1_26' title='bbox 458 523 688 574; x_wconf 85' lang='lat' dir='ltr'><strong>Jactentur,</strong></span> <span class='ocrx_word' id='word_1_27' title='bbox 711 523 948 578; x_wconf 90' lang='lat' dir='ltr'><strong>miserisque</strong></span> <span class='ocrx_word' id='word_1_28' title='bbox 967 519 1116 568; x_wconf 84' lang='lat' dir='ltr'><strong>modis,</strong></span> <span class='ocrx_word' id='word_1_29' title='bbox 1138 517 1348 565; x_wconf 84' lang='lat' dir='ltr'><strong>distracta,</strong></span> <span class='ocrx_word' id='word_1_30' title='bbox 1368 515 1575 563; x_wconf 80' lang='lat' dir='ltr'><strong>laborent3</strong></span> 
     </span>
     <span class='ocr_line' id='line_1_8' title="bbox 460 589 1592 647; baseline -0.011 -7"><span class='ocrx_word' id='word_1_31' title='bbox 460 598 583 647; x_wconf 81' lang='lat' dir='ltr'><strong>Qum·</strong></span> <span class='ocrx_word' id='word_1_32' title='bbox 603 597 747 639; x_wconf 87' lang='lat' dir='ltr'><strong>eadem</strong></span> <span class='ocrx_word' id='word_1_33' title='bbox 768 597 914 646; x_wconf 88' lang='lat' dir='ltr'><strong>credis,</strong></span> <span class='ocrx_word' id='word_1_34' title='bbox 938 595 1024 636; x_wconf 85' lang='lat' dir='ltr'><strong>sine</strong></span> <span class='ocrx_word' id='word_1_35' title='bbox 1045 605 1232 646; x_wconf 84' lang='lat' dir='ltr'><strong>corpore,</strong></span> <span class='ocrx_word' id='word_1_36' title='bbox 1255 589 1299 629; x_wconf 93' lang='lat' dir='ltr'><strong>in</strong></span> <span class='ocrx_word' id='word_1_37' title='bbox 1318 589 1412 629; x_wconf 84' lang='lat' dir='ltr'><strong>a‘e&#39;re</strong></span> <span class='ocrx_word' id='word_1_38' title='bbox 1434 595 1592 643; x_wconf 90' lang='lat' dir='ltr'><strong>aperto,</strong></span> 
     </span>
     <span class='ocr_line' id='line_1_9' title="bbox 452 660 1393 721; baseline -0.015 -6"><span class='ocrx_word' id='word_1_39' title='bbox 452 672 570 714; x_wconf 85' lang='lat' dir='ltr'><strong>Cum</strong></span> <span class='ocrx_word' id='word_1_40' title='bbox 584 670 731 712; x_wconf 71' lang='lat' dir='ltr'><strong>validis</strong></span> <span class='ocrx_word' id='word_1_41' title='bbox 750 670 880 712; x_wconf 85' lang='lat' dir='ltr'><strong>ventis</strong></span> <span class='ocrx_word' id='word_1_42' title='bbox 898 676 1063 710; x_wconf 66' lang='lat' dir='ltr'><strong>aetatem</strong></span> <span class='ocrx_word' id='word_1_43' title='bbox 1083 665 1232 721; x_wconf 88' lang='lat' dir='ltr'>degere</span> <span class='ocrx_word' id='word_1_44' title='bbox 1251 660 1393 718; x_wconf 86' lang='lat' dir='ltr'><strong>posse?</strong></span> 
     </span>
    </p>
   </div>
   <div class='ocr_carea' id='block_1_7' title="bbox 315 825 1045 911">
    <p class='ocr_par' dir='ltr' id='par_1_7' title="bbox 315 825 1045 911">
     <span class='ocr_line' id='line_1_10' title="bbox 315 825 1045 868; baseline -0.003 -10"><span class='ocrx_word' id='word_1_45' title='bbox 315 833 410 868; x_wconf 84' lang='lat' dir='ltr'><strong>perat.</strong></span> <span class='ocrx_word' id='word_1_46' title='bbox 455 826 630 864; x_wconf 83' lang='lat' dir='ltr'><strong>Nimirum,</strong></span> <span class='ocrx_word' id='word_1_47' title='bbox 666 835 840 866; x_wconf 87' lang='lat' dir='ltr'>pronomen</span> <span class='ocrx_word' id='word_1_48' title='bbox 869 825 976 863; x_wconf 78' lang='lat' dir='ltr'><strong>elidas,</strong></span> <span class='ocrx_word' id='word_1_49' title='bbox 1013 830 1045 855; x_wconf 81' lang='lat' dir='ltr'><strong>et</strong></span> 
     </span>
     <span class='ocr_line' id='line_1_11' title="bbox 316 878 1014 911; baseline -0.004 -1"><span class='ocrx_word' id='word_1_50' title='bbox 316 879 422 911; x_wconf 84' lang='lat' dir='ltr'><strong>omnia</strong></span> <span class='ocrx_word' id='word_1_51' title='bbox 437 889 470 909; x_wconf 89' lang='lat' dir='ltr'><strong>se</strong></span> <span class='ocrx_word' id='word_1_52' title='bbox 484 878 650 910; x_wconf 61' lang='lat' dir='ltr'><strong>confestim</strong></span> <span class='ocrx_word' id='word_1_53' title='bbox 665 878 829 909; x_wconf 81' lang='lat' dir='ltr'>sanissime</span> <span class='ocrx_word' id='word_1_54' title='bbox 843 879 1014 908; x_wconf 85' lang='lat' dir='ltr'><strong>habebunt:</strong></span> 
     </span>
    </p>
   </div>
   <div class='ocr_carea' id='block_1_8' title="bbox 406 966 561 976">
    <p class='ocr_par' dir='ltr' id='par_1_8' title="bbox 406 966 561 976">
     <span class='ocr_line' id='line_1_12' title="bbox 406 966 561 976; baseline 0 2316"><span class='ocrx_word' id='word_1_55' title='bbox 406 966 561 976; x_wconf 95' lang='lat' dir='ltr'><strong> </strong></span> 
     </span>
    </p>
   </div>
   <div class='ocr_carea' id='block_1_9' title="bbox 409 954 949 1025">
    <p class='ocr_par' dir='ltr' id='par_1_9' title="bbox 409 954 949 1025">
     <span class='ocr_line' id='line_1_13' title="bbox 572 954 949 984; baseline -0.003 -5"><span class='ocrx_word' id='word_1_56' title='bbox 572 954 678 984; x_wconf 82' lang='lat' dir='ltr'><strong>deinde,</strong></span> <span class='ocrx_word' id='word_1_57' title='bbox 690 957 868 980; x_wconf 87' lang='lat' dir='ltr'><strong>centemnens</strong></span> <span class='ocrx_word' id='word_1_58' title='bbox 879 960 949 984; x_wconf 86' lang='lat' dir='ltr'><strong>suos,</strong></span> 
     </span>
     <span class='ocr_line' id='line_1_14' title="bbox 409 992 924 1025; baseline -0.004 -6"><span class='ocrx_word' id='word_1_59' title='bbox 409 993 548 1019; x_wconf 75' lang='lat' dir='ltr'><strong>Immiscuit</strong></span> <span class='ocrx_word' id='word_1_60' title='bbox 558 999 697 1025; x_wconf 83' lang='lat' dir='ltr'><strong>pavonum</strong></span> <span class='ocrx_word' id='word_1_61' title='bbox 708 992 829 1018; x_wconf 78' lang='lat' dir='ltr'><strong>tonnoso</strong></span> <span class='ocrx_word' id='word_1_62' title='bbox 841 993 924 1025; x_wconf 69' lang='lat' dir='ltr'><strong>gregi.</strong></span> 
     </span>
    </p>
   </div>
   <div class='ocr_carea' id='block_1_10' title="bbox 315 1062 1048 1518">
    <p class='ocr_par' dir='ltr' id='par_1_10' title="bbox 317 1062 1048 1361">
     <span class='ocr_line' id='line_1_15' title="bbox 358 1062 1046 1096; baseline -0.006 0"><span class='ocrx_word' id='word_1_63' title='bbox 358 1064 434 1096; x_wconf 86' lang='lat' dir='ltr'><strong>Ver.</strong></span> <span class='ocrx_word' id='word_1_64' title='bbox 453 1068 526 1096; x_wconf 80' lang='lat'>502.</span> <span class='ocrx_word' id='word_1_65' title='bbox 548 1075 637 1096; x_wconf 83' lang='lat' dir='ltr'><strong>acer.-</strong></span> <span class='ocrx_word' id='word_1_66' title='bbox 663 1063 701 1094; x_wconf 88' lang='lat' dir='ltr'><strong>P.</strong></span> <span class='ocrx_word' id='word_1_67' title='bbox 717 1063 757 1093; x_wconf 91' lang='lat' dir='ltr'><strong>V.</strong></span> <span class='ocrx_word' id='word_1_68' title='bbox 779 1062 826 1093; x_wconf 90' lang='lat' dir='ltr'><strong>ed.</strong></span> <span class='ocrx_word' id='word_1_69' title='bbox 851 1069 894 1093; x_wconf 87' lang='grc' dir='ltr'><strong>Π.</strong></span> <span class='ocrx_word' id='word_1_70' title='bbox 921 1068 1004 1093; x_wconf 80' lang='lat' dir='ltr'><strong>ater:</strong></span> <span class='ocrx_word' id='word_1_71' title='bbox 1030 1072 1046 1092; x_wconf 92' lang='lat' dir='ltr'><strong>c</strong></span> 
     </span>
     <span class='ocr_line' id='line_1_16' title="bbox 317 1113 1047 1154; baseline -0.007 -6"><span class='ocrx_word' id='word_1_72' title='bbox 317 1125 348 1148; x_wconf 77' lang='lat' dir='ltr'><strong>et</strong></span> <span class='ocrx_word' id='word_1_73' title='bbox 370 1124 382 1148; x_wconf 80' lang='lat' dir='ltr'><strong>t</strong></span> <span class='ocrx_word' id='word_1_74' title='bbox 404 1116 567 1147; x_wconf 79' lang='lat' dir='ltr'><strong>elementis</strong></span> <span class='ocrx_word' id='word_1_75' title='bbox 587 1115 734 1146; x_wconf 81' lang='lat' dir='ltr'>facillime</span> <span class='ocrx_word' id='word_1_76' title='bbox 749 1114 939 1154; x_wconf 65' lang='lat' dir='ltr'><strong>permutatis</strong></span> <span class='ocrx_word' id='word_1_77' title='bbox 986 1113 1047 1144; x_wconf 86' lang='lat' dir='ltr'><strong>Sed</strong></span> 
     </span>
     <span class='ocr_line' id='line_1_17' title="bbox 317 1166 1048 1206; baseline -0.007 -7"><span class='ocrx_word' id='word_1_78' title='bbox 317 1170 399 1199; x_wconf 72' lang='lat' dir='ltr'><strong>hanc</strong></span> <span class='ocrx_word' id='word_1_79' title='bbox 427 1174 567 1198; x_wconf 86' lang='lat' dir='ltr'><strong>nostram</strong></span> <span class='ocrx_word' id='word_1_80' title='bbox 595 1166 763 1197; x_wconf 82' lang='lat' dir='ltr'><strong>lectionem</strong></span> <span class='ocrx_word' id='word_1_81' title='bbox 791 1166 886 1206; x_wconf 88' lang='lat' dir='ltr'><strong>longe</strong></span> <span class='ocrx_word' id='word_1_82' title='bbox 922 1170 1048 1206; x_wconf 79' lang='lat' dir='ltr'><strong>egomet</strong></span> 
     </span>
     <span class='ocr_line' id='line_1_18' title="bbox 319 1216 1047 1260; baseline -0.005 -10"><span class='ocrx_word' id='word_1_83' title='bbox 319 1219 521 1260; x_wconf 82' lang='lat' dir='ltr'><strong>praetulerim,</strong></span> <span class='ocrx_word' id='word_1_84' title='bbox 547 1218 689 1259; x_wconf 74' lang='lat' dir='ltr'><strong>quamvis</strong></span> <span class='ocrx_word' id='word_1_85' title='bbox 710 1217 765 1248; x_wconf 87' lang='lat' dir='ltr'><strong>illa</strong></span> <span class='ocrx_word' id='word_1_86' title='bbox 787 1217 958 1248; x_wconf 82' lang='lat' dir='ltr'><strong>editoribus</strong></span> <span class='ocrx_word' id='word_1_87' title='bbox 969 1216 1047 1246; x_wconf 84' lang='lat' dir='ltr'><strong>arri-</strong></span> 
     </span>
     <span class='ocr_line' id='line_1_19' title="bbox 320 1270 1048 1302; baseline -0.004 0"><span class='ocrx_word' id='word_1_88' title='bbox 320 1272 407 1302; x_wconf 80' lang='lat' dir='ltr'><strong>serit:</strong></span> <span class='ocrx_word' id='word_1_89' title='bbox 433 1270 542 1301; x_wconf 81' lang='lat' dir='ltr'><strong>confer</strong></span> <span class='ocrx_word' id='word_1_90' title='bbox 567 1280 644 1300; x_wconf 78' lang='lat' dir='ltr'><strong>verr.</strong></span> <span class='ocrx_word' id='word_1_91' title='bbox 659 1273 731 1301; x_wconf 78' lang='lat'>255.</span> <span class='ocrx_word' id='word_1_92' title='bbox 747 1272 819 1300; x_wconf 89' lang='grc'><strong>476.</strong></span> <span class='ocrx_word' id='word_1_93' title='bbox 849 1275 881 1299; x_wconf 84' lang='lat' dir='ltr'><strong>et</strong></span> <span class='ocrx_word' id='word_1_94' title='bbox 895 1279 956 1299; x_wconf 85' lang='lat' dir='ltr'><strong>ver.</strong></span> <span class='ocrx_word' id='word_1_95' title='bbox 976 1272 1048 1300; x_wconf 88' lang='lat'>500.</span> 
     </span>
     <span class='ocr_line' id='line_1_20' title="bbox 320 1320 967 1361; baseline -0.005 -8"><span class='ocrx_word' id='word_1_96' title='bbox 320 1333 394 1353; x_wconf 89' lang='lat' dir='ltr'><strong>cum</strong></span> <span class='ocrx_word' id='word_1_97' title='bbox 409 1323 448 1353; x_wconf 87' lang='lat' dir='ltr'><strong>iv.</strong></span> <span class='ocrx_word' id='word_1_98' title='bbox 465 1325 536 1353; x_wconf 80' lang='lat'>641.</span> <span class='ocrx_word' id='word_1_99' title='bbox 553 1332 592 1352; x_wconf 89' lang='lat' dir='ltr'><strong>ne</strong></span> <span class='ocrx_word' id='word_1_100' title='bbox 607 1321 711 1361; x_wconf 85' lang='lat' dir='ltr'><strong>plures</strong></span> <span class='ocrx_word' id='word_1_101' title='bbox 725 1320 808 1351; x_wconf 90' lang='lat' dir='ltr'><strong>locos</strong></span> <span class='ocrx_word' id='word_1_102' title='bbox 821 1320 967 1350; x_wconf 76' lang='lat' dir='ltr'><strong>excitem.</strong></span> 
     </span>
    </p>

    <p class='ocr_par' dir='ltr' id='par_1_11' title="bbox 315 1371 1048 1518">
     <span class='ocr_line' id='line_1_21' title="bbox 362 1371 1048 1413; baseline -0.004 -9"><span class='ocrx_word' id='word_1_103' title='bbox 362 1374 445 1405; x_wconf 89' lang='lat' dir='ltr'><strong>lbid.</strong></span> <span class='ocrx_word' id='word_1_104' title='bbox 460 1385 532 1405; x_wconf 85' lang='lat' dir='ltr'><strong>acer</strong></span> <span class='ocrx_word' id='word_1_105' title='bbox 541 1374 827 1413; x_wconf 59' lang='lat' dir='ltr'><strong>conruluicorporis</strong></span> <span class='ocrx_word' id='word_1_106' title='bbox 837 1374 952 1403; x_wconf 75' lang='lat' dir='ltr'><strong>humor.</strong></span> <span class='ocrx_word' id='word_1_107' title='bbox 973 1371 1048 1402; x_wconf 81' lang='lat' dir='ltr'><strong>Non</strong></span> 
     </span>
     <span class='ocr_line' id='line_1_22' title="bbox 321 1423 1048 1465; baseline -0.006 -9"><span class='ocrx_word' id='word_1_108' title='bbox 321 1425 384 1456; x_wconf 76' lang='lat' dir='ltr'><strong>alia</strong></span> <span class='ocrx_word' id='word_1_109' title='bbox 397 1431 464 1456; x_wconf 80' lang='lat' dir='ltr'><strong>crat</strong></span> <span class='ocrx_word' id='word_1_110' title='bbox 478 1425 631 1456; x_wconf 72' lang='lat' dir='ltr'><strong>sententia</strong></span> <span class='ocrx_word' id='word_1_111' title='bbox 646 1424 813 1465; x_wconf 78' lang='lat' dir='ltr'><strong>Virgilius,</strong></span> <span class='ocrx_word' id='word_1_112' title='bbox 828 1433 897 1464; x_wconf 92' lang='lat' dir='ltr'><strong>geo.</strong></span> <span class='ocrx_word' id='word_1_113' title='bbox 911 1423 954 1454; x_wconf 89' lang='lat' dir='ltr'><strong>iii.</strong></span> <span class='ocrx_word' id='word_1_114' title='bbox 977 1426 1048 1453; x_wconf 83' lang='lat'>484.</span> 
     </span>
     <span class='ocr_line' id='line_1_23' title="bbox 315 1474 904 1518; baseline -0.003 -11"><span class='ocrx_word' id='word_1_115' title='bbox 315 1483 348 1508; x_wconf 84' lang='lat' dir='ltr'><strong>et</strong></span> <span class='ocrx_word' id='word_1_116' title='bbox 362 1476 414 1507; x_wconf 90' lang='lat' dir='ltr'><strong>ille</strong></span> <span class='ocrx_word' id='word_1_117' title='bbox 435 1476 562 1518; x_wconf 89' lang='lat' dir='ltr'><strong>quidem</strong></span> <span class='ocrx_word' id='word_1_118' title='bbox 577 1486 614 1506; x_wconf 77' lang='lat' dir='ltr'><strong>ex</strong></span> <span class='ocrx_word' id='word_1_119' title='bbox 633 1475 703 1506; x_wconf 84' lang='lat' dir='ltr'><strong>filiis</strong></span> <span class='ocrx_word' id='word_1_120' title='bbox 717 1474 904 1514; x_wconf 80' lang='lat' dir='ltr'><strong>AEsculapii:</strong></span> 
     </span>
    </p>
   </div>
   <div class='ocr_carea' id='block_1_11' title="bbox 317 1551 1037 1623">
    <p class='ocr_par' dir='ltr' id='par_1_12' title="bbox 317 1551 1037 1623">
     <span class='ocr_line' id='line_1_24' title="bbox 317 1551 1037 1584; baseline -0.004 -6"><span class='ocrx_word' id='word_1_121' title='bbox 317 1554 416 1578; x_wconf 76' lang='lat' dir='ltr'><strong>Rursus</strong></span> <span class='ocrx_word' id='word_1_122' title='bbox 425 1552 579 1578; x_wconf 80' lang='lat' dir='ltr'><strong>abundabat</strong></span> <span class='ocrx_word' id='word_1_123' title='bbox 594 1552 691 1577; x_wconf 78' lang='lat' dir='ltr'><strong>fluidus</strong></span> <span class='ocrx_word' id='word_1_124' title='bbox 700 1551 795 1584; x_wconf 61' lang='lat' dir='ltr'><strong>liquon-</strong></span> <span class='ocrx_word' id='word_1_125' title='bbox 813 1551 959 1583; x_wconf 80' lang='lat' dir='ltr'><strong>omniaque</strong></span> <span class='ocrx_word' id='word_1_126' title='bbox 968 1551 997 1575; x_wconf 79' lang='lat' dir='ltr'><strong>in</strong></span> <span class='ocrx_word' id='word_1_127' title='bbox 1010 1557 1037 1576; x_wconf 84' lang='lat' dir='ltr'><strong>se</strong></span> 
     </span>
     <span class='ocr_line' id='line_1_25' title="bbox 320 1592 959 1623; baseline -0.003 -5"><span class='ocrx_word' id='word_1_128' title='bbox 320 1593 384 1618; x_wconf 75' lang='lat' dir='ltr'><strong>ossa</strong></span> <span class='ocrx_word' id='word_1_129' title='bbox 395 1593 564 1623; x_wconf 83' lang='lat' dir='ltr'><strong>minutatim,</strong></span> <span class='ocrx_word' id='word_1_130' title='bbox 575 1593 671 1623; x_wconf 61' lang='lat' dir='ltr'><strong>morbo</strong></span> <span class='ocrx_word' id='word_1_131' title='bbox 679 1592 816 1622; x_wconf 66' lang='lat' dir='ltr'><strong>conl-absa,</strong></span> <span class='ocrx_word' id='word_1_132' title='bbox 826 1592 959 1617; x_wconf 81' lang='lat' dir='ltr'><strong>trahebat.</strong></span> 
     </span>
    </p>
   </div>
   <div class='ocr_carea' id='block_1_12' title="bbox 315 1658 1053 2416">
    <p class='ocr_par' dir='ltr' id='par_1_13' title="bbox 319 1658 1052 1854">
     <span class='ocr_line' id='line_1_26' title="bbox 320 1658 1050 1699; baseline -0.001 -10"><span class='ocrx_word' id='word_1_133' title='bbox 320 1658 445 1695; x_wconf 84' lang='lat' dir='ltr'><strong>Quibus</strong></span> <span class='ocrx_word' id='word_1_134' title='bbox 470 1665 663 1698; x_wconf 83' lang='lat' dir='ltr'><strong>opportunus</strong></span> <span class='ocrx_word' id='word_1_135' title='bbox 687 1659 881 1699; x_wconf 84' lang='lat' dir='ltr'><strong>superveniet</strong></span> <span class='ocrx_word' id='word_1_136' title='bbox 896 1658 1050 1694; x_wconf 54' lang='lat' dir='ltr'><strong>Justinus</strong></span> 
     </span>
     <span class='ocr_line' id='line_1_27' title="bbox 319 1709 1052 1747; baseline 0 -8"><span class='ocrx_word' id='word_1_137' title='bbox 319 1709 404 1747; x_wconf 81' lang='lat' dir='ltr'><strong>xxiii.</strong></span> <span class='ocrx_word' id='word_1_138' title='bbox 423 1713 451 1741; x_wconf 82' lang='lat'><strong>2.</strong></span> <span class='ocrx_word' id='word_1_139' title='bbox 468 1713 565 1740; x_wconf 88' lang='lat'>4.—“</span> <span class='ocrx_word' id='word_1_140' title='bbox 580 1710 691 1741; x_wconf 80' lang='lat' dir='ltr'><strong>reverti</strong></span> <span class='ocrx_word' id='word_1_141' title='bbox 713 1719 788 1741; x_wconf 86' lang='lat' dir='ltr'><strong>eum</strong></span> <span class='ocrx_word' id='word_1_142' title='bbox 810 1709 844 1739; x_wconf 92' lang='lat' dir='ltr'><strong>in</strong></span> <span class='ocrx_word' id='word_1_143' title='bbox 869 1709 1052 1740; x_wconf 85' lang='lat' dir='ltr'><strong>Siciliam—</strong></span> 
     </span>
     <span class='ocr_line' id='line_1_28' title="bbox 320 1761 1049 1802; baseline 0 -12"><span class='ocrx_word' id='word_1_144' title='bbox 320 1763 343 1779; x_wconf 86' lang='lat'><strong>“</strong></span> <span class='ocrx_word' id='word_1_145' title='bbox 359 1761 405 1791; x_wconf 83' lang='lat' dir='ltr'><strong>vis</strong></span> <span class='ocrx_word' id='word_1_146' title='bbox 418 1761 520 1794; x_wconf 86' lang='lat' dir='ltr'><strong>morbi</strong></span> <span class='ocrx_word' id='word_1_147' title='bbox 535 1761 648 1802; x_wconf 45' lang='lat' dir='ltr'><strong>mugit,</strong></span> <span class='ocrx_word' id='word_1_148' title='bbox 672 1771 727 1801; x_wconf 87' lang='lat' dir='ltr'><strong>per</strong></span> <span class='ocrx_word' id='word_1_149' title='bbox 752 1770 862 1791; x_wconf 88' lang='lat' dir='ltr'><strong>omnes</strong></span> <span class='ocrx_word' id='word_1_150' title='bbox 870 1770 987 1790; x_wconf 49' lang='lat' dir='ltr'><strong>*nervos</strong></span> <span class='ocrx_word' id='word_1_151' title='bbox 1001 1770 1049 1790; x_wconf 91' lang='lat' dir='ltr'><strong>ar-</strong></span> 
     </span>
     <span class='ocr_line' id='line_1_29' title="bbox 320 1811 1033 1854; baseline 0 -12"><span class='ocrx_word' id='word_1_152' title='bbox 320 1811 532 1853; x_wconf 61' lang='lat' dir='ltr'><strong>“ficulosque</strong></span> <span class='ocrx_word' id='word_1_153' title='bbox 546 1815 671 1843; x_wconf 78' lang='lat' dir='ltr'><strong>humore</strong></span> <span class='ocrx_word' id='word_1_154' title='bbox 681 1812 825 1854; x_wconf 56' lang='lat' dir='ltr'><strong>pestifero</strong></span> <span class='ocrx_word' id='word_1_155' title='bbox 841 1811 1033 1853; x_wconf 82' lang='lat' dir='ltr'><strong>grassante.”</strong></span> 
     </span>
    </p>

    <p class='ocr_par' dir='ltr' id='par_1_14' title="bbox 315 1871 1053 2416">
     <span class='ocr_line' id='line_1_30' title="bbox 326 1871 1049 1914; baseline 0.003 -12"><span class='ocrx_word' id='word_1_156' title='bbox 326 1871 329 1873; x_wconf 73' lang='grc'><strong>’</strong></span> <span class='ocrx_word' id='word_1_157' title='bbox 365 1872 441 1903; x_wconf 90' lang='lat' dir='ltr'><strong>Ver.</strong></span> <span class='ocrx_word' id='word_1_158' title='bbox 459 1876 531 1904; x_wconf 80' lang='lat'>503.</span> <span class='ocrx_word' id='word_1_159' title='bbox 553 1876 661 1913; x_wconf 76' lang='lat' dir='ltr'><strong>quasi:</strong></span> <span class='ocrx_word' id='word_1_160' title='bbox 687 1873 729 1903; x_wconf 72' lang='lat' dir='ltr'><strong>V.</strong></span> <span class='ocrx_word' id='word_1_161' title='bbox 756 1873 805 1904; x_wconf 88' lang='lat' dir='ltr'><strong>ed.</strong></span> <span class='ocrx_word' id='word_1_162' title='bbox 831 1875 1049 1914; x_wconf 60' lang='lat' dir='ltr'><strong>quis—vacil-</strong></span> 
     </span>
     <span class='ocr_line' id='line_1_31' title="bbox 320 1923 1049 1961; baseline 0.001 -7"><span class='ocrx_word' id='word_1_163' title='bbox 320 1925 408 1954; x_wconf 79' lang='lat' dir='ltr'><strong>lans:</strong></span> <span class='ocrx_word' id='word_1_164' title='bbox 434 1924 478 1954; x_wconf 91' lang='lat' dir='ltr'><strong>sic</strong></span> <span class='ocrx_word' id='word_1_165' title='bbox 493 1934 603 1954; x_wconf 90' lang='lat' dir='ltr'><strong>omnes</strong></span> <span class='ocrx_word' id='word_1_166' title='bbox 626 1923 712 1961; x_wconf 90' lang='lat' dir='ltr'><strong>libri;</strong></span> <span class='ocrx_word' id='word_1_167' title='bbox 735 1934 800 1954; x_wconf 85' lang='lat' dir='ltr'><strong>non</strong></span> <span class='ocrx_word' id='word_1_168' title='bbox 825 1930 932 1954; x_wconf 86' lang='lat' dir='ltr'><strong>tamen</strong></span> <span class='ocrx_word' id='word_1_169' title='bbox 957 1923 1049 1955; x_wconf 92' lang='lat' dir='ltr'><strong>dubi-</strong></span> 
     </span>
     <span class='ocr_line' id='line_1_32' title="bbox 321 1974 1050 2015; baseline 0.001 -10"><span class='ocrx_word' id='word_1_170' title='bbox 321 1974 399 2005; x_wconf 81' lang='lat' dir='ltr'><strong>tavit</strong></span> <span class='ocrx_word' id='word_1_171' title='bbox 412 1975 587 2006; x_wconf 75' lang='lat' dir='ltr'><strong>Lambinus</strong></span> <span class='ocrx_word' id='word_1_172' title='bbox 601 1974 640 2005; x_wconf 86' lang='lat' dir='ltr'><strong>de</strong></span> <span class='ocrx_word' id='word_1_173' title='bbox 662 1985 720 2005; x_wconf 83' lang='lat' dir='ltr'><strong>suo</strong></span> <span class='ocrx_word' id='word_1_174' title='bbox 741 1974 927 2005; x_wconf 74' lang='lat' dir='ltr'><strong>substituere</strong></span> <span class='ocrx_word' id='word_1_175' title='bbox 941 1977 1050 2015; x_wconf 80' lang='lat' dir='ltr'><strong>talipe-</strong></span> 
     </span>
     <span class='ocr_line' id='line_1_33' title="bbox 320 2026 1050 2068; baseline -0.003 -10"><span class='ocrx_word' id='word_1_176' title='bbox 320 2028 406 2063; x_wconf 69' lang='lat' dir='ltr'><strong>dens,</strong></span> <span class='ocrx_word' id='word_1_177' title='bbox 421 2037 476 2066; x_wconf 85' lang='lat' dir='ltr'><strong>per</strong></span> <span class='ocrx_word' id='word_1_178' title='bbox 491 2036 654 2058; x_wconf 89' lang='lat' dir='ltr'><strong>summum</strong></span> <span class='ocrx_word' id='word_1_179' title='bbox 672 2026 802 2057; x_wconf 87' lang='lat' dir='ltr'><strong>facinus.</strong></span> <span class='ocrx_word' id='word_1_180' title='bbox 841 2026 980 2068; x_wconf 80' lang='lat' dir='ltr'><strong>Regeres</strong></span> <span class='ocrx_word' id='word_1_181' title='bbox 994 2037 1050 2057; x_wconf 88' lang='lat' dir='ltr'><strong>au-</strong></span> 
     </span>
     <span class='ocr_line' id='line_1_34' title="bbox 322 2076 1050 2118; baseline -0.001 -10"><span class='ocrx_word' id='word_1_182' title='bbox 322 2082 388 2108; x_wconf 82' lang='lat' dir='ltr'><strong>tem</strong></span> <span class='ocrx_word' id='word_1_183' title='bbox 403 2077 551 2116; x_wconf 85' lang='lat' dir='ltr'><strong>fortassis,</strong></span> <span class='ocrx_word' id='word_1_184' title='bbox 567 2077 639 2109; x_wconf 86' lang='lat' dir='ltr'><strong>alibi</strong></span> <span class='ocrx_word' id='word_1_185' title='bbox 650 2078 786 2117; x_wconf 89' lang='lat' dir='ltr'><strong>primam</strong></span> <span class='ocrx_word' id='word_1_186' title='bbox 801 2077 943 2108; x_wconf 86' lang='lat' dir='ltr'><strong>vocabuli</strong></span> <span class='ocrx_word' id='word_1_187' title='bbox 958 2076 1050 2118; x_wconf 84' lang='lat' dir='ltr'><strong>sylla-</strong></span> 
     </span>
     <span class='ocr_line' id='line_1_35' title="bbox 321 2128 1050 2169; baseline -0.003 -8"><span class='ocrx_word' id='word_1_188' title='bbox 321 2130 397 2162; x_wconf 86' lang='lat' dir='ltr'><strong>bam</strong></span> <span class='ocrx_word' id='word_1_189' title='bbox 412 2129 560 2160; x_wconf 83' lang='lat' dir='ltr'><strong>Lucretio</strong></span> <span class='ocrx_word' id='word_1_190' title='bbox 576 2135 748 2169; x_wconf 84' lang='lat' dir='ltr'><strong>correptam</strong></span> <span class='ocrx_word' id='word_1_191' title='bbox 764 2138 838 2159; x_wconf 88' lang='lat' dir='ltr'><strong>esse.</strong></span> <span class='ocrx_word' id='word_1_192' title='bbox 878 2128 990 2159; x_wconf 87' lang='lat' dir='ltr'><strong>Restas</strong></span> <span class='ocrx_word' id='word_1_193' title='bbox 1003 2139 1050 2160; x_wconf 87' lang='lat' dir='ltr'><strong>er-</strong></span> 
     </span>
     <span class='ocr_line' id='line_1_36' title="bbox 323 2180 1051 2221; baseline -0.001 -9"><span class='ocrx_word' id='word_1_194' title='bbox 323 2191 366 2221; x_wconf 89' lang='lat' dir='ltr'><strong>go</strong></span> <span class='ocrx_word' id='word_1_195' title='bbox 379 2181 554 2212; x_wconf 83' lang='lat' dir='ltr'><strong>mittendus</strong></span> <span class='ocrx_word' id='word_1_196' title='bbox 573 2181 613 2212; x_wconf 89' lang='lat' dir='ltr'><strong>ad</strong></span> <span class='ocrx_word' id='word_1_197' title='bbox 635 2181 654 2212; x_wconf 92' lang='lat' dir='ltr'><strong>i.</strong></span> <span class='ocrx_word' id='word_1_198' title='bbox 670 2184 743 2213; x_wconf 78' lang='lat'>454.</span> <span class='ocrx_word' id='word_1_199' title='bbox 760 2184 832 2212; x_wconf 83' lang='grc'><strong>714.</strong></span> <span class='ocrx_word' id='word_1_200' title='bbox 854 2180 893 2211; x_wconf 83' lang='lat' dir='ltr'><strong>iv.</strong></span> <span class='ocrx_word' id='word_1_201' title='bbox 910 2184 1002 2212; x_wconf 78' lang='lat'>1252.</span> <span class='ocrx_word' id='word_1_202' title='bbox 1025 2192 1051 2211; x_wconf 92' lang='lat' dir='ltr'><strong>v.</strong></span> 
     </span>
     <span class='ocr_line' id='line_1_37' title="bbox 322 2232 1053 2273; baseline 0.001 -11"><span class='ocrx_word' id='word_1_203' title='bbox 322 2235 396 2263; x_wconf 81' lang='lat'>482.</span> <span class='ocrx_word' id='word_1_204' title='bbox 425 2235 516 2264; x_wconf 86' lang='lat'>1094.</span> <span class='ocrx_word' id='word_1_205' title='bbox 539 2232 559 2263; x_wconf 85' lang='lat' dir='ltr'><strong>i.</strong></span> <span class='ocrx_word' id='word_1_206' title='bbox 582 2235 656 2263; x_wconf 87' lang='lat'>178.</span> <span class='ocrx_word' id='word_1_207' title='bbox 686 2232 725 2262; x_wconf 81' lang='lat' dir='ltr'><strong>vi.</strong></span> <span class='ocrx_word' id='word_1_208' title='bbox 753 2236 826 2264; x_wconf 85' lang='lat'>999.</span> <span class='ocrx_word' id='word_1_209' title='bbox 851 2232 964 2273; x_wconf 91' lang='lat' dir='ltr'><strong>quibus</strong></span> <span class='ocrx_word' id='word_1_210' title='bbox 993 2233 1053 2263; x_wconf 84' lang='lat' dir='ltr'><strong>alia</strong></span> 
     </span>
     <span class='ocr_line' id='line_1_38' title="bbox 323 2282 1052 2324; baseline 0.003 -12"><span class='ocrx_word' id='word_1_211' title='bbox 323 2282 415 2322; x_wconf 83' lang='lat' dir='ltr'><strong>plura</strong></span> <span class='ocrx_word' id='word_1_212' title='bbox 428 2289 555 2322; x_wconf 80' lang='lat' dir='ltr'><strong>possent</strong></span> <span class='ocrx_word' id='word_1_213' title='bbox 569 2283 670 2324; x_wconf 86' lang='lat' dir='ltr'><strong>adjici.</strong></span> <span class='ocrx_word' id='word_1_214' title='bbox 717 2283 832 2314; x_wconf 86' lang='lat' dir='ltr'><strong>Adhuc</strong></span> <span class='ocrx_word' id='word_1_215' title='bbox 847 2283 871 2314; x_wconf 86' lang='lat' dir='ltr'><strong>si</strong></span> <span class='ocrx_word' id='word_1_216' title='bbox 888 2294 1052 2324; x_wconf 81' lang='lat' dir='ltr'><strong>repugnes,</strong></span> 
     </span>
     <span class='ocr_line' id='line_1_39' title="bbox 322 2333 1053 2366; baseline 0.003 -2"><span class='ocrx_word' id='word_1_217' title='bbox 322 2333 380 2365; x_wconf 84' lang='lat' dir='ltr'><strong>tibi</strong></span> <span class='ocrx_word' id='word_1_218' title='bbox 402 2333 503 2365; x_wconf 85' lang='lat' dir='ltr'><strong>valide</strong></span> <span class='ocrx_word' id='word_1_219' title='bbox 525 2333 761 2366; x_wconf 85' lang='lat' dir='ltr'><strong>inclamandum</strong></span> <span class='ocrx_word' id='word_1_220' title='bbox 787 2342 833 2366; x_wconf 89' lang='lat' dir='ltr'><strong>est</strong></span> <span class='ocrx_word' id='word_1_221' title='bbox 855 2335 1053 2366; x_wconf 88' lang='lat' dir='ltr'><strong>Homereum</strong></span> 
     </span>
     <span class='ocr_line' id='line_1_40' title="bbox 315 2384 416 2416; baseline 0.02 -2"><span class='ocrx_word' id='word_1_222' title='bbox 315 2384 416 2416; x_wconf 61' lang='lat' dir='ltr'><strong>illud:</strong></span> 
     </span>
    </p>
   </div>
   <div class='ocr_carea' id='block_1_13' title="bbox 477 2465 834 2502">
    <p class='ocr_par' dir='ltr' id='par_1_15' title="bbox 477 2465 834 2502">
     <span class='ocr_line' id='line_1_41' title="bbox 477 2465 834 2502; baseline 0.003 -11"><span class='ocrx_word' id='word_1_223' title='bbox 477 2466 548 2501; x_wconf 58' lang='lat' dir='ltr'><strong>Ape.</strong></span> <span class='ocrx_word' id='word_1_224' title='bbox 563 2465 634 2502; x_wconf 62' lang='lat' dir='ltr'>Apte.</span> <span class='ocrx_word' id='word_1_225' title='bbox 647 2467 834 2501; x_wconf 72' lang='grc' dir='ltr'><strong>βροτολοιγε-.</strong></span> 
     </span>
    </p>
   </div>
   <div class='ocr_carea' id='block_1_14' title="bbox 324 2541 1056 2894">
    <p class='ocr_par' dir='ltr' id='par_1_16' title="bbox 324 2541 1056 2728">
     <span class='ocr_line' id='line_1_42' title="bbox 327 2541 1052 2584; baseline 0.006 -12"><span class='ocrx_word' id='word_1_226' title='bbox 327 2541 384 2572; x_wconf 85' lang='lat' dir='ltr'><strong>Sin</strong></span> <span class='ocrx_word' id='word_1_227' title='bbox 399 2542 502 2574; x_wconf 87' lang='lat' dir='ltr'><strong>adhuc</strong></span> <span class='ocrx_word' id='word_1_228' title='bbox 516 2544 727 2584; x_wconf 65' lang='lat' dir='ltr'><strong>obsurdescas,</strong></span> <span class='ocrx_word' id='word_1_229' title='bbox 750 2545 967 2577; x_wconf 84' lang='lat' dir='ltr'><strong>admonendus</strong></span> <span class='ocrx_word' id='word_1_230' title='bbox 984 2552 1052 2576; x_wconf 88' lang='lat' dir='ltr'><strong>tan-</strong></span> 
     </span>
     <span class='ocr_line' id='line_1_43' title="bbox 325 2592 1056 2634; baseline 0.01 -12"><span class='ocrx_word' id='word_1_231' title='bbox 325 2592 400 2623; x_wconf 87' lang='lat' dir='ltr'><strong>dem</strong></span> <span class='ocrx_word' id='word_1_232' title='bbox 423 2601 530 2634; x_wconf 83' lang='lat' dir='ltr'><strong>restas,</strong></span> <span class='ocrx_word' id='word_1_233' title='bbox 552 2596 700 2628; x_wconf 81' lang='lat' dir='ltr'><strong>Lucretio</strong></span> <span class='ocrx_word' id='word_1_234' title='bbox 721 2598 836 2628; x_wconf 88' lang='lat' dir='ltr'><strong>Latino</strong></span> <span class='ocrx_word' id='word_1_235' title='bbox 862 2608 927 2629; x_wconf 90' lang='lat' dir='ltr'><strong>non</strong></span> <span class='ocrx_word' id='word_1_236' title='bbox 949 2598 1056 2629; x_wconf 88' lang='lat' dir='ltr'><strong>minus</strong></span> 
     </span>
     <span class='ocr_line' id='line_1_44' title="bbox 324 2642 1055 2691; baseline 0.01 -18"><span class='ocrx_word' id='word_1_237' title='bbox 324 2642 448 2675; x_wconf 86' lang='lat' dir='ltr'><strong>licuisse</strong></span> <span class='ocrx_word' id='word_1_238' title='bbox 473 2652 538 2677; x_wconf 82' lang='lat' dir='ltr'><strong>tam</strong></span> <span class='ocrx_word' id='word_1_239' title='bbox 568 2647 683 2679; x_wconf 86' lang='lat' dir='ltr'><strong>diserto</strong></span> <span class='ocrx_word' id='word_1_240' title='bbox 712 2659 789 2688; x_wconf 88' lang='lat' dir='ltr'><strong>esse,</strong></span> <span class='ocrx_word' id='word_1_241' title='bbox 819 2659 915 2691; x_wconf 89' lang='lat' dir='ltr'><strong>quam</strong></span> <span class='ocrx_word' id='word_1_242' title='bbox 943 2650 1055 2681; x_wconf 86' lang='lat' dir='ltr'><strong>Graeco</strong></span> 
     </span>
     <span class='ocr_line' id='line_1_45' title="bbox 327 2695 491 2728; baseline 0.012 -2"><span class='ocrx_word' id='word_1_243' title='bbox 327 2695 491 2728; x_wconf 79' lang='lat' dir='ltr'><strong>Maeonidi.</strong></span> 
     </span>
    </p>

    <p class='ocr_par' dir='ltr' id='par_1_17' title="bbox 325 2745 1055 2894">
     <span class='ocr_line' id='line_1_46' title="bbox 368 2745 1055 2784; baseline 0.015 -9"><span class='ocrx_word' id='word_1_244' title='bbox 368 2745 452 2777; x_wconf 84' lang='lat' dir='ltr'><strong>Ibid.</strong></span> <span class='ocrx_word' id='word_1_245' title='bbox 476 2751 633 2781; x_wconf 81' lang='lat' dir='ltr'><strong>vacillans.</strong></span> <span class='ocrx_word' id='word_1_246' title='bbox 679 2752 731 2782; x_wconf 92' lang='lat' dir='ltr'><strong>Ob</strong></span> <span class='ocrx_word' id='word_1_247' title='bbox 757 2751 917 2784; x_wconf 81' lang='lat' dir='ltr'><strong>literarum</strong></span> <span class='ocrx_word' id='word_1_248' title='bbox 941 2755 957 2784; x_wconf 82' lang='lat' dir='ltr'><em>b</em></span> <span class='ocrx_word' id='word_1_249' title='bbox 984 2759 1015 2784; x_wconf 88' lang='lat' dir='ltr'><strong>et</strong></span> <span class='ocrx_word' id='word_1_250' title='bbox 1038 2764 1055 2784; x_wconf 88' lang='lat' dir='ltr'><strong><em>v</em></strong></span> 
     </span>
     <span class='ocr_line' id='line_1_47' title="bbox 325 2797 1054 2845; baseline 0.012 -19"><span class='ocrx_word' id='word_1_251' title='bbox 325 2797 558 2838; x_wconf 85' lang='lat' dir='ltr'><strong>cognationem,</strong></span> <span class='ocrx_word' id='word_1_252' title='bbox 572 2800 670 2831; x_wconf 91' lang='lat' dir='ltr'><strong>Nonii</strong></span> <span class='ocrx_word' id='word_1_253' title='bbox 685 2803 885 2845; x_wconf 82' lang='lat' dir='ltr'><strong>etymologia,</strong></span> <span class='ocrx_word' id='word_1_254' title='bbox 896 2804 936 2835; x_wconf 89' lang='lat' dir='ltr'><strong>ad</strong></span> <span class='ocrx_word' id='word_1_255' title='bbox 951 2805 971 2835; x_wconf 90' lang='lat' dir='ltr'><strong>i.</strong></span> <span class='ocrx_word' id='word_1_256' title='bbox 985 2807 1054 2835; x_wconf 83' lang='lat'>148.</span> 
     </span>
     <span class='ocr_line' id='line_1_48' title="bbox 327 2851 1054 2894; baseline 0.017 -16"><span class='ocrx_word' id='word_1_257' title='bbox 327 2858 477 2891; x_wconf 77' lang='lat' dir='ltr'><strong>magnam</strong></span> <span class='ocrx_word' id='word_1_258' title='bbox 491 2851 554 2882; x_wconf 74' lang='lat' dir='ltr'><strong>veri</strong></span> <span class='ocrx_word' id='word_1_259' title='bbox 577 2853 712 2892; x_wconf 85' lang='lat' dir='ltr'><strong>speciem</strong></span> <span class='ocrx_word' id='word_1_260' title='bbox 725 2865 790 2894; x_wconf 83' lang='lat' dir='ltr'><strong>prae</strong></span> <span class='ocrx_word' id='word_1_261' title='bbox 805 2866 838 2887; x_wconf 89' lang='lat' dir='ltr'><strong>se</strong></span> <span class='ocrx_word' id='word_1_262' title='bbox 852 2856 924 2888; x_wconf 85' lang='lat' dir='ltr'><strong>fert:</strong></span> <span class='ocrx_word' id='word_1_263' title='bbox 955 2863 974 2876; x_wconf 90' lang='lat'><strong>“</strong></span> <span class='ocrx_word' id='word_1_264' title='bbox 997 2860 1054 2890; x_wconf 80' lang='grc' dir='ltr'><strong>Ῑά-</strong></span> 
     </span>
    </p>
   </div>
   <div class='ocr_carea' id='block_1_15' title="bbox 1088 814 1825 1421">
    <p class='ocr_par' dir='ltr' id='par_1_18' title="bbox 1088 814 1825 1114">
     <span class='ocr_line' id='line_1_49' title="bbox 1088 814 1824 857; baseline -0.008 -4"><span class='ocrx_word' id='word_1_265' title='bbox 1088 826 1110 841; x_wconf 88' lang='lat'>“</span> <span class='ocrx_word' id='word_1_266' title='bbox 1127 822 1234 853; x_wconf 81' lang='lat' dir='ltr'><strong>cillare</strong></span> <span class='ocrx_word' id='word_1_267' title='bbox 1248 825 1294 850; x_wconf 85' lang='lat' dir='ltr'><strong>est</strong></span> <span class='ocrx_word' id='word_1_268' title='bbox 1309 817 1473 857; x_wconf 85' lang='lat' dir='ltr'><strong>trepidare,</strong></span> <span class='ocrx_word' id='word_1_269' title='bbox 1488 815 1536 847; x_wconf 77' lang='lat' dir='ltr'><strong>vel</strong></span> <span class='ocrx_word' id='word_1_270' title='bbox 1552 826 1626 847; x_wconf 88' lang='lat' dir='ltr'><strong>cum</strong></span> <span class='ocrx_word' id='word_1_271' title='bbox 1636 814 1824 848; x_wconf 75' lang='lat' dir='ltr'><strong>lassitudine</strong></span> 
     </span>
     <span class='ocr_line' id='line_1_50' title="bbox 1088 867 1819 909; baseline -0.008 -6"><span class='ocrx_word' id='word_1_272' title='bbox 1088 877 1111 892; x_wconf 87' lang='lat'><strong>“</strong></span> <span class='ocrx_word' id='word_1_273' title='bbox 1127 873 1199 902; x_wconf 86' lang='lat' dir='ltr'><strong>niti:</strong></span> <span class='ocrx_word' id='word_1_274' title='bbox 1229 882 1247 901; x_wconf 92' lang='lat' dir='ltr'><strong>a</strong></span> <span class='ocrx_word' id='word_1_275' title='bbox 1269 870 1421 907; x_wconf 85' lang='lat' dir='ltr'><strong>sensibus,</strong></span> <span class='ocrx_word' id='word_1_276' title='bbox 1445 869 1499 909; x_wconf 90' lang='lat' dir='ltr'><strong>qui</strong></span> <span class='ocrx_word' id='word_1_277' title='bbox 1523 868 1586 898; x_wconf 83' lang='lat' dir='ltr'><strong>sint</strong></span> <span class='ocrx_word' id='word_1_278' title='bbox 1607 877 1674 898; x_wconf 81' lang='lat' dir='ltr'><strong>aevo</strong></span> <span class='ocrx_word' id='word_1_279' title='bbox 1695 867 1819 904; x_wconf 70' lang='lat' dir='ltr'><strong>defessi,</strong></span> 
     </span>
     <span class='ocr_line' id='line_1_51' title="bbox 1089 919 1822 964; baseline -0.007 -10"><span class='ocrx_word' id='word_1_280' title='bbox 1089 928 1112 943; x_wconf 73' lang='lat'><strong>‘⁶</strong></span> <span class='ocrx_word' id='word_1_281' title='bbox 1127 930 1231 964; x_wconf 83' lang='lat' dir='ltr'><strong>atque,</strong></span> <span class='ocrx_word' id='word_1_282' title='bbox 1260 922 1300 953; x_wconf 86' lang='lat' dir='ltr'><strong>ad</strong></span> <span class='ocrx_word' id='word_1_283' title='bbox 1337 920 1554 952; x_wconf 84' lang='lat' dir='ltr'><strong>sustinendam</strong></span> <span class='ocrx_word' id='word_1_284' title='bbox 1582 919 1822 958; x_wconf 49' lang='lat' dir='ltr'><strong>lassitudinem,</strong></span> 
     </span>
     <span class='ocr_line' id='line_1_52' title="bbox 1090 966 1824 1005; baseline -0.005 0"><span class='ocrx_word' id='word_1_285' title='bbox 1090 978 1112 993; x_wconf 88' lang='lat'>“</span> <span class='ocrx_word' id='word_1_286' title='bbox 1128 976 1233 1005; x_wconf 72' lang='lat' dir='ltr'><strong>baculo</strong></span> <span class='ocrx_word' id='word_1_287' title='bbox 1249 966 1427 1004; x_wconf 78' lang='lat' dir='ltr'><strong>tarditatem</strong></span> <span class='ocrx_word' id='word_1_288' title='bbox 1441 971 1576 1002; x_wconf 52' lang='lat' dir='ltr'><strong>levent?</strong></span> <span class='ocrx_word' id='word_1_289' title='bbox 1617 970 1824 1002; x_wconf 81' lang='lat' dir='ltr'><strong>Scribendum</strong></span> 
     </span>
     <span class='ocr_line' id='line_1_53' title="bbox 1089 1022 1825 1064; baseline -0.004 -9"><span class='ocrx_word' id='word_1_290' title='bbox 1089 1031 1196 1055; x_wconf 81' lang='lat' dir='ltr'><strong>tamen</strong></span> <span class='ocrx_word' id='word_1_291' title='bbox 1216 1029 1342 1063; x_wconf 83' lang='lat' dir='ltr'><strong>putem,</strong></span> <span class='ocrx_word' id='word_1_292' title='bbox 1364 1025 1492 1060; x_wconf 55' lang='lat' dir='ltr'><strong>hactum</strong></span> <span class='ocrx_word' id='word_1_293' title='bbox 1515 1033 1579 1064; x_wconf 91' lang='lat' dir='ltr'><strong>quo</strong></span> <span class='ocrx_word' id='word_1_294' title='bbox 1593 1022 1770 1060; x_wconf 76' lang='lat' dir='ltr'><strong>Juvenalis,</strong></span> <span class='ocrx_word' id='word_1_295' title='bbox 1793 1026 1825 1052; x_wconf 79' lang='lat' dir='ltr'><strong>et·</strong></span> 
     </span>
     <span class='ocr_line' id='line_1_54' title="bbox 1090 1075 1319 1114; baseline -0.013 -7"><span class='ocrx_word' id='word_1_296' title='bbox 1090 1077 1157 1114; x_wconf 85' lang='lat' dir='ltr'><strong>alii,</strong></span> <span class='ocrx_word' id='word_1_297' title='bbox 1172 1081 1248 1106; x_wconf 86' lang='lat' dir='ltr'><strong>sunt</strong></span> <span class='ocrx_word' id='word_1_298' title='bbox 1261 1075 1319 1105; x_wconf 73' lang='lat' dir='ltr'><strong>usi.</strong></span> 
     </span>
    </p>

    <p class='ocr_par' dir='ltr' id='par_1_19' title="bbox 1090 1114 1824 1272">
     <span class='ocr_line' id='line_1_55' title="bbox 1137 1114 1824 1165; baseline -0.004 -8"><span class='ocrx_word' id='word_1_299' title='bbox 1137 1126 1218 1157; x_wconf 76' lang='lat' dir='ltr'><strong>ibid.</strong></span> <span class='ocrx_word' id='word_1_300' title='bbox 1243 1127 1408 1165; x_wconf 77' lang='lat' dir='ltr'><strong>consurgit.</strong></span> <span class='ocrx_word' id='word_1_301' title='bbox 1453 1114 1562 1155; x_wconf 81' lang='lat' dir='ltr'><strong>Dicti&#39;o</strong></span> <span class='ocrx_word' id='word_1_302' title='bbox 1577 1130 1623 1154; x_wconf 89' lang='lat' dir='ltr'><strong>est</strong></span> <span class='ocrx_word' id='word_1_303' title='bbox 1644 1124 1741 1155; x_wconf 82' lang='lat' dir='ltr'><strong>tardis</strong></span> <span class='ocrx_word' id='word_1_304' title='bbox 1755 1134 1824 1155; x_wconf 91' lang='lat' dir='ltr'><strong>mo-</strong></span> 
     </span>
     <span class='ocr_line' id='line_1_56' title="bbox 1090 1170 1824 1217; baseline -0.005 -7"><span class='ocrx_word' id='word_1_305' title='bbox 1090 1180 1186 1217; x_wconf 87' lang='lat' dir='ltr'><strong>tibus,</strong></span> <span class='ocrx_word' id='word_1_306' title='bbox 1202 1184 1233 1209; x_wconf 89' lang='lat' dir='ltr'><strong>et</strong></span> <span class='ocrx_word' id='word_1_307' title='bbox 1249 1178 1396 1209; x_wconf 86' lang='lat' dir='ltr'><strong>affinibus</strong></span> <span class='ocrx_word' id='word_1_308' title='bbox 1410 1175 1568 1217; x_wconf 81' lang='lat' dir='ltr'><strong>dignitati,</strong></span> <span class='ocrx_word' id='word_1_309' title='bbox 1584 1170 1699 1216; x_wconf 85' lang='lat' dir='ltr'><strong>passim</strong></span> <span class='ocrx_word' id='word_1_310' title='bbox 1713 1176 1824 1207; x_wconf 82' lang='lat' dir='ltr'><strong>dicata.</strong></span> 
     </span>
     <span class='ocr_line' id='line_1_57' title="bbox 1091 1229 1824 1272; baseline -0.003 -11"><span class='ocrx_word' id='word_1_311' title='bbox 1091 1231 1259 1272; x_wconf 75' lang='lat' dir='ltr'><strong>Virgilius,</strong></span> <span class='ocrx_word' id='word_1_312' title='bbox 1275 1230 1350 1260; x_wconf 84' lang='lat' dir='ltr'><strong>AEn.</strong></span> <span class='ocrx_word' id='word_1_313' title='bbox 1364 1229 1427 1259; x_wconf 81' lang='lat' dir='ltr'><strong>viii.</strong></span> <span class='ocrx_word' id='word_1_314' title='bbox 1444 1232 1516 1260; x_wconf 81' lang='lat'>457.</span> <span class='ocrx_word' id='word_1_315' title='bbox 1541 1230 1703 1269; x_wconf 78' lang='lat' dir='ltr'><strong>Consurgit</strong></span> <span class='ocrx_word' id='word_1_316' title='bbox 1714 1231 1824 1260; x_wconf 81' lang='lat' dir='ltr'><strong>senior.</strong></span> 
     </span>
    </p>

    <p class='ocr_par' dir='ltr' id='par_1_20' title="bbox 1092 1278 1825 1421">
     <span class='ocr_line' id='line_1_58' title="bbox 1134 1278 1822 1318; baseline -0.003 -6"><span class='ocrx_word' id='word_1_317' title='bbox 1134 1282 1209 1312; x_wconf 82' lang='lat' dir='ltr'><strong>Ver.</strong></span> <span class='ocrx_word' id='word_1_318' title='bbox 1226 1284 1297 1312; x_wconf 78' lang='lat'>504.</span> <span class='ocrx_word' id='word_1_319' title='bbox 1319 1282 1398 1311; x_wconf 70' lang='lat' dir='ltr'><strong>redit</strong></span> <span class='ocrx_word' id='word_1_320' title='bbox 1415 1282 1448 1310; x_wconf 81' lang='lat' dir='ltr'><strong>in</strong></span> <span class='ocrx_word' id='word_1_321' title='bbox 1463 1290 1584 1310; x_wconf 80' lang='lat' dir='ltr'><strong>sensus:</strong></span> <span class='ocrx_word' id='word_1_322' title='bbox 1610 1278 1731 1318; x_wconf 62' lang='lat' dir='ltr'><strong>poetica</strong></span> <span class='ocrx_word' id='word_1_323' title='bbox 1747 1289 1822 1310; x_wconf 88' lang='lat' dir='ltr'><strong>con-</strong></span> 
     </span>
     <span class='ocr_line' id='line_1_59' title="bbox 1092 1329 1825 1371; baseline -0.003 -8"><span class='ocrx_word' id='word_1_324' title='bbox 1092 1332 1243 1369; x_wconf 79' lang='lat' dir='ltr'><strong>versione,</strong></span> <span class='ocrx_word' id='word_1_325' title='bbox 1258 1342 1315 1371; x_wconf 86' lang='lat' dir='ltr'><strong>pro</strong></span> <span class='ocrx_word' id='word_1_326' title='bbox 1329 1330 1467 1361; x_wconf 82' lang='lat' dir='ltr'><strong>naturali</strong></span> <span class='ocrx_word' id='word_1_327' title='bbox 1483 1329 1596 1367; x_wconf 62' lang='lat' dir='ltr'><strong>forma,</strong></span> <span class='ocrx_word' id='word_1_328' title='bbox 1616 1340 1719 1361; x_wconf 78' lang='lat' dir='ltr'><strong>sensus</strong></span> <span class='ocrx_word' id='word_1_329' title='bbox 1734 1332 1768 1361; x_wconf 80' lang='lat' dir='ltr'><strong>in</strong></span> <span class='ocrx_word' id='word_1_330' title='bbox 1785 1332 1825 1362; x_wconf 77' lang='lat' dir='ltr'><strong>it·</strong></span> 
     </span>
     <span class='ocr_line' id='line_1_60' title="bbox 1092 1381 1690 1421; baseline -0.005 -6"><span class='ocrx_word' id='word_1_331' title='bbox 1092 1386 1154 1416; x_wconf 79' lang='lat' dir='ltr'><strong>lum</strong></span> <span class='ocrx_word' id='word_1_332' title='bbox 1172 1386 1260 1416; x_wconf 77' lang='lat' dir='ltr'><strong>redit.</strong></span> <span class='ocrx_word' id='word_1_333' title='bbox 1307 1382 1454 1421; x_wconf 87' lang='lat' dir='ltr'><strong>Ovidius,</strong></span> <span class='ocrx_word' id='word_1_334' title='bbox 1469 1388 1542 1412; x_wconf 80' lang='lat' dir='ltr'><strong>met.</strong></span> <span class='ocrx_word' id='word_1_335' title='bbox 1558 1381 1601 1412; x_wconf 88' lang='lat' dir='ltr'><strong>iii.</strong></span> <span class='ocrx_word' id='word_1_336' title='bbox 1618 1385 1690 1412; x_wconf 82' lang='lat'>631.</span> 
     </span>
    </p>
   </div>
   <div class='ocr_carea' id='block_1_16' title="bbox 1116 1467 1215 1474">
    <p class='ocr_par' dir='ltr' id='par_1_21' title="bbox 1116 1467 1215 1474">
     <span class='ocr_line' id='line_1_61' title="bbox 1116 1467 1215 1474; baseline 0 0"><span class='ocrx_word' id='word_1_337' title='bbox 1116 1467 1215 1474; x_wconf 95' lang='lat' dir='ltr'><strong> </strong></span> 
     </span>
    </p>
   </div>
   <div class='ocr_carea' id='block_1_17' title="bbox 1225 1451 1756 1485">
    <p class='ocr_par' dir='ltr' id='par_1_22' title="bbox 1225 1451 1756 1485">
     <span class='ocr_line' id='line_1_62' title="bbox 1225 1451 1756 1485; baseline -0.004 -7"><span class='ocrx_word' id='word_1_338' title='bbox 1225 1461 1295 1485; x_wconf 87' lang='lat' dir='ltr'><strong>aque</strong></span> <span class='ocrx_word' id='word_1_339' title='bbox 1306 1459 1383 1478; x_wconf 86' lang='lat' dir='ltr'><strong>mero</strong></span> <span class='ocrx_word' id='word_1_340' title='bbox 1393 1452 1495 1477; x_wconf 78' lang='lat' dir='ltr'><strong>redeant</strong></span> <span class='ocrx_word' id='word_1_341' title='bbox 1507 1451 1533 1476; x_wconf 83' lang='lat' dir='ltr'><strong>in</strong></span> <span class='ocrx_word' id='word_1_342' title='bbox 1549 1454 1649 1483; x_wconf 76' lang='lat' dir='ltr'><strong>pectora</strong></span> <span class='ocrx_word' id='word_1_343' title='bbox 1659 1458 1756 1476; x_wconf 78' lang='lat' dir='ltr'><strong>sensus.</strong></span> 
     </span>
    </p>
   </div>
   <div class='ocr_carea' id='block_1_18' title="bbox 1092 1514 1824 1762">
    <p class='ocr_par' dir='ltr' id='par_1_23' title="bbox 1092 1514 1824 1702">
     <span class='ocr_line' id='line_1_63' title="bbox 1094 1514 1820 1558; baseline -0.003 -9"><span class='ocrx_word' id='word_1_344' title='bbox 1094 1518 1159 1549; x_wconf 91' lang='lat' dir='ltr'><strong>Ubi</strong></span> <span class='ocrx_word' id='word_1_345' title='bbox 1175 1516 1304 1558; x_wconf 88' lang='lat' dir='ltr'><strong>quidam</strong></span> <span class='ocrx_word' id='word_1_346' title='bbox 1318 1514 1400 1553; x_wconf 90' lang='lat' dir='ltr'><strong>libri,</strong></span> <span class='ocrx_word' id='word_1_347' title='bbox 1415 1518 1449 1546; x_wconf 82' lang='lat' dir='ltr'><strong>in</strong></span> <span class='ocrx_word' id='word_1_348' title='bbox 1460 1521 1582 1555; x_wconf 82' lang='lat' dir='ltr'><strong>pectore</strong></span> <span class='ocrx_word' id='word_1_349' title='bbox 1588 1530 1598 1551; x_wconf 87' lang='grc'><strong>,·</strong></span> <span class='ocrx_word' id='word_1_350' title='bbox 1623 1514 1820 1555; x_wconf 83' lang='lat' dir='ltr'><strong>exquisitius,</strong></span> 
     </span>
     <span class='ocr_line' id='line_1_64' title="bbox 1092 1565 1824 1600; baseline -0.001 0"><span class='ocrx_word' id='word_1_351' title='bbox 1092 1575 1124 1600; x_wconf 89' lang='lat' dir='ltr'><strong>et</strong></span> <span class='ocrx_word' id='word_1_352' title='bbox 1151 1568 1288 1599; x_wconf 82' lang='lat' dir='ltr'><strong>fortassis</strong></span> <span class='ocrx_word' id='word_1_353' title='bbox 1316 1577 1400 1597; x_wconf 78' lang='lat' dir='ltr'><strong>vere:</strong></span> <span class='ocrx_word' id='word_1_354' title='bbox 1440 1565 1510 1596; x_wconf 88' lang='lat' dir='ltr'><strong>vide</strong></span> <span class='ocrx_word' id='word_1_355' title='bbox 1539 1565 1580 1596; x_wconf 83' lang='lat' dir='ltr'><strong>ad</strong></span> <span class='ocrx_word' id='word_1_356' title='bbox 1604 1565 1625 1596; x_wconf 93' lang='lat' dir='ltr'><strong>i.</strong></span> <span class='ocrx_word' id='word_1_357' title='bbox 1653 1568 1726 1597; x_wconf 84' lang='lat'>250.</span> <span class='ocrx_word' id='word_1_358' title='bbox 1750 1569 1824 1599; x_wconf 80' lang='lat'>889.</span> 
     </span>
     <span class='ocr_line' id='line_1_65' title="bbox 1094 1616 1824 1658; baseline -0.007 -7"><span class='ocrx_word' id='word_1_359' title='bbox 1094 1620 1183 1651; x_wconf 88' lang='lat' dir='ltr'><strong>Hinc</strong></span> <span class='ocrx_word' id='word_1_360' title='bbox 1209 1619 1249 1650; x_wconf 90' lang='lat' dir='ltr'><strong>ad</strong></span> <span class='ocrx_word' id='word_1_361' title='bbox 1275 1618 1367 1650; x_wconf 84' lang='lat' dir='ltr'><strong>Statii</strong></span> <span class='ocrx_word' id='word_1_362' title='bbox 1381 1617 1481 1648; x_wconf 88' lang='lat' dir='ltr'><strong>Theb.</strong></span> <span class='ocrx_word' id='word_1_363' title='bbox 1497 1616 1518 1648; x_wconf 91' lang='lat' dir='ltr'><strong>i.</strong></span> <span class='ocrx_word' id='word_1_364' title='bbox 1536 1619 1612 1647; x_wconf 91' lang='lat'>110.</span> <span class='ocrx_word' id='word_1_365' title='bbox 1641 1622 1724 1647; x_wconf 82' lang='lat' dir='ltr'><strong>recte</strong></span> <span class='ocrx_word' id='word_1_366' title='bbox 1745 1617 1824 1658; x_wconf 81' lang='lat' dir='ltr'><strong>legi-</strong></span> 
     </span>
     <span class='ocr_line' id='line_1_66' title="bbox 1095 1677 1158 1702; baseline 0 -1"><span class='ocrx_word' id='word_1_367' title='bbox 1095 1677 1158 1702; x_wconf 85' lang='lat' dir='ltr'><strong>tur:</strong></span> 
     </span>
    </p>

    <p class='ocr_par' dir='ltr' id='par_1_24' title="bbox 1155 1729 1755 1762">
     <span class='ocr_line' id='line_1_67' title="bbox 1155 1729 1755 1762; baseline -0.005 -5"><span class='ocrx_word' id='word_1_368' title='bbox 1155 1743 1279 1753; x_wconf 82' lang='lat'><strong>——-</strong></span> <span class='ocrx_word' id='word_1_369' title='bbox 1289 1730 1403 1757; x_wconf 84' lang='lat' dir='ltr'><strong>coerulei</strong></span> <span class='ocrx_word' id='word_1_370' title='bbox 1412 1730 1528 1756; x_wconf 83' lang='lat' dir='ltr'><strong>redeunt</strong></span> <span class='ocrx_word' id='word_1_371' title='bbox 1538 1730 1565 1755; x_wconf 76' lang='lat' dir='ltr'><strong>in</strong></span> <span class='ocrx_word' id='word_1_372' title='bbox 1575 1732 1672 1762; x_wconf 80' lang='lat' dir='ltr'><strong>pectore</strong></span> <span class='ocrx_word' id='word_1_373' title='bbox 1681 1729 1755 1755; x_wconf 77' lang='lat' dir='ltr'><strong>nodi.</strong></span> 
     </span>
    </p>
   </div>
   <div class='ocr_carea' id='block_1_19' title="bbox 1094 1793 1830 2712">
    <p class='ocr_par' dir='ltr' id='par_1_25' title="bbox 1094 1793 1824 1886">
     <span class='ocr_line' id='line_1_68' title="bbox 1094 1793 1824 1836; baseline -0.001 -10"><span class='ocrx_word' id='word_1_374' title='bbox 1094 1794 1274 1836; x_wconf 80' lang='lat' dir='ltr'><strong>Vulgatum</strong></span> <span class='ocrx_word' id='word_1_375' title='bbox 1288 1794 1414 1831; x_wconf 90' lang='lat' dir='ltr'><strong>scilicet,</strong></span> <span class='ocrx_word' id='word_1_376' title='bbox 1442 1796 1475 1824; x_wconf 85' lang='lat' dir='ltr'><strong>in</strong></span> <span class='ocrx_word' id='word_1_377' title='bbox 1490 1800 1629 1834; x_wconf 80' lang='lat' dir='ltr'><strong>pectora,</strong></span> <span class='ocrx_word' id='word_1_378' title='bbox 1656 1793 1824 1825; x_wconf 80' lang='lat' dir='ltr'><strong>sciolorum</strong></span> 
     </span>
     <span class='ocr_line' id='line_1_69' title="bbox 1094 1845 1749 1886; baseline -0.003 -8"><span class='ocrx_word' id='word_1_379' title='bbox 1094 1854 1140 1878; x_wconf 84' lang='lat' dir='ltr'><strong>est</strong></span> <span class='ocrx_word' id='word_1_380' title='bbox 1155 1847 1242 1878; x_wconf 86' lang='lat' dir='ltr'><strong>haud</strong></span> <span class='ocrx_word' id='word_1_381' title='bbox 1257 1847 1352 1878; x_wconf 90' lang='lat' dir='ltr'><strong>dubie</strong></span> <span class='ocrx_word' id='word_1_382' title='bbox 1367 1846 1548 1886; x_wconf 82' lang='lat' dir='ltr'><strong>importuna</strong></span> <span class='ocrx_word' id='word_1_383' title='bbox 1563 1845 1749 1876; x_wconf 81' lang='lat' dir='ltr'><strong>emendatio.</strong></span> 
     </span>
    </p>

    <p class='ocr_par' dir='ltr' id='par_1_26' title="bbox 1094 1897 1824 1989">
     <span class='ocr_line' id='line_1_70' title="bbox 1138 1897 1824 1938; baseline -0.001 -8"><span class='ocrx_word' id='word_1_384' title='bbox 1138 1899 1218 1930; x_wconf 85' lang='lat' dir='ltr'><strong>Ibid.</strong></span> <span class='ocrx_word' id='word_1_385' title='bbox 1241 1901 1379 1930; x_wconf 84' lang='lat' dir='ltr'><strong>animam</strong></span> <span class='ocrx_word' id='word_1_386' title='bbox 1399 1904 1542 1938; x_wconf 78' lang='lat' dir='ltr'><strong>receptat.</strong></span> <span class='ocrx_word' id='word_1_387' title='bbox 1580 1897 1759 1936; x_wconf 82' lang='lat' dir='ltr'><strong>Terentius,</strong></span> <span class='ocrx_word' id='word_1_388' title='bbox 1776 1899 1824 1929; x_wconf 87' lang='lat' dir='ltr'><strong>A-</strong></span> 
     </span>
     <span class='ocr_line' id='line_1_71' title="bbox 1094 1949 1674 1989; baseline -0.003 -9"><span class='ocrx_word' id='word_1_389' title='bbox 1094 1949 1196 1989; x_wconf 87' lang='lat' dir='ltr'><strong>delph.</strong></span> <span class='ocrx_word' id='word_1_390' title='bbox 1212 1950 1254 1980; x_wconf 86' lang='lat' dir='ltr'><strong>iii.</strong></span> <span class='ocrx_word' id='word_1_391' title='bbox 1277 1953 1307 1980; x_wconf 81' lang='lat'><strong>2.</strong></span> <span class='ocrx_word' id='word_1_392' title='bbox 1322 1953 1373 1980; x_wconf 80' lang='lat'><strong>26.</strong></span> <span class='ocrx_word' id='word_1_393' title='bbox 1397 1950 1547 1980; x_wconf 81' lang='lat' dir='ltr'><strong>Animam</strong></span> <span class='ocrx_word' id='word_1_394' title='bbox 1564 1950 1674 1988; x_wconf 80' lang='lat' dir='ltr'><strong>recipe.</strong></span> 
     </span>
    </p>

    <p class='ocr_par' dir='ltr' id='par_1_27' title="bbox 1094 1998 1830 2609">
     <span class='ocr_line' id='line_1_72' title="bbox 1136 1998 1825 2038; baseline -0.001 -7"><span class='ocrx_word' id='word_1_395' title='bbox 1136 2000 1211 2031; x_wconf 82' lang='lat' dir='ltr'><strong>Ver.</strong></span> <span class='ocrx_word' id='word_1_396' title='bbox 1228 2003 1300 2031; x_wconf 88' lang='lat'>505.</span> <span class='ocrx_word' id='word_1_397' title='bbox 1323 2001 1421 2030; x_wconf 82' lang='lat' dir='ltr'><strong>Haec:</strong></span> <span class='ocrx_word' id='word_1_398' title='bbox 1447 2008 1574 2038; x_wconf 86' lang='lat' dir='ltr'><strong>nempe,</strong></span> <span class='ocrx_word' id='word_1_399' title='bbox 1589 1998 1696 2028; x_wconf 82' lang='lat' dir='ltr'><strong>anima</strong></span> <span class='ocrx_word' id='word_1_400' title='bbox 1710 2005 1741 2029; x_wconf 80' lang='lat' dir='ltr'><strong>et</strong></span> <span class='ocrx_word' id='word_1_401' title='bbox 1755 1999 1825 2030; x_wconf 85' lang='lat' dir='ltr'><strong>ani-</strong></span> 
     </span>
     <span class='ocr_line' id='line_1_73' title="bbox 1095 2050 1827 2083; baseline -0.001 0"><span class='ocrx_word' id='word_1_402' title='bbox 1095 2062 1179 2083; x_wconf 86' lang='lat' dir='ltr'><strong>mus:</strong></span> <span class='ocrx_word' id='word_1_403' title='bbox 1206 2051 1314 2082; x_wconf 89' lang='lat' dir='ltr'><strong>redeas</strong></span> <span class='ocrx_word' id='word_1_404' title='bbox 1331 2051 1372 2082; x_wconf 87' lang='lat' dir='ltr'><strong>ad</strong></span> <span class='ocrx_word' id='word_1_405' title='bbox 1387 2056 1495 2082; x_wconf 86' lang='lat' dir='ltr'><strong>notam</strong></span> <span class='ocrx_word' id='word_1_406' title='bbox 1518 2050 1552 2080; x_wconf 89' lang='lat' dir='ltr'><strong>in</strong></span> <span class='ocrx_word' id='word_1_407' title='bbox 1574 2060 1635 2080; x_wconf 81' lang='lat' dir='ltr'><strong>ver.</strong></span> <span class='ocrx_word' id='word_1_408' title='bbox 1651 2053 1722 2080; x_wconf 82' lang='lat'>431.</span> <span class='ocrx_word' id='word_1_409' title='bbox 1745 2051 1827 2083; x_wconf 89' lang='lat' dir='ltr'><strong>etin</strong></span> 
     </span>
     <span class='ocr_line' id='line_1_74' title="bbox 1097 2101 1826 2143; baseline -0.007 -9"><span class='ocrx_word' id='word_1_410' title='bbox 1097 2107 1170 2136; x_wconf 88' lang='grc'><strong>459.</strong></span> <span class='ocrx_word' id='word_1_411' title='bbox 1193 2103 1235 2134; x_wconf 91' lang='lat' dir='ltr'><strong>ibi</strong></span> <span class='ocrx_word' id='word_1_412' title='bbox 1251 2103 1336 2134; x_wconf 88' lang='lat' dir='ltr'><strong>enim</strong></span> <span class='ocrx_word' id='word_1_413' title='bbox 1353 2102 1436 2133; x_wconf 87' lang='lat' dir='ltr'><strong>dicta</strong></span> <span class='ocrx_word' id='word_1_414' title='bbox 1455 2112 1520 2132; x_wconf 90' lang='lat' dir='ltr'><strong>non</strong></span> <span class='ocrx_word' id='word_1_415' title='bbox 1542 2101 1651 2132; x_wconf 91' lang='lat' dir='ltr'><strong>minus</strong></span> <span class='ocrx_word' id='word_1_416' title='bbox 1664 2101 1734 2132; x_wconf 89' lang='lat' dir='ltr'><strong>loco</strong></span> <span class='ocrx_word' id='word_1_417' title='bbox 1747 2113 1826 2143; x_wconf 84' lang='lat' dir='ltr'><strong>prae.</strong></span> 
     </span>
     <span class='ocr_line' id='line_1_75' title="bbox 1097 2152 1825 2192; baseline 0.001 -7"><span class='ocrx_word' id='word_1_418' title='bbox 1097 2155 1176 2185; x_wconf 90' lang='lat' dir='ltr'><strong>senti</strong></span> <span class='ocrx_word' id='word_1_419' title='bbox 1191 2160 1265 2185; x_wconf 87' lang='lat' dir='ltr'><strong>sunt</strong></span> <span class='ocrx_word' id='word_1_420' title='bbox 1279 2153 1522 2185; x_wconf 80' lang='lat' dir='ltr'><strong>accommodata.</strong></span> <span class='ocrx_word' id='word_1_421' title='bbox 1569 2152 1706 2192; x_wconf 87' lang='lat' dir='ltr'><strong>Interea,</strong></span> <span class='ocrx_word' id='word_1_422' title='bbox 1726 2153 1825 2186; x_wconf 74' lang='lat' dir='ltr'><strong>edito-</strong></span> 
     </span>
     <span class='ocr_line' id='line_1_76' title="bbox 1095 2204 1828 2247; baseline 0.003 -11"><span class='ocrx_word' id='word_1_423' title='bbox 1095 2216 1166 2236; x_wconf 85' lang='lat' dir='ltr'><strong>rum</strong></span> <span class='ocrx_word' id='word_1_424' title='bbox 1199 2205 1440 2236; x_wconf 86' lang='lat' dir='ltr'><strong>inenarrabilem</strong></span> <span class='ocrx_word' id='word_1_425' title='bbox 1477 2204 1697 2244; x_wconf 76' lang='lat' dir='ltr'><strong>temeritatem,</strong></span> <span class='ocrx_word' id='word_1_426' title='bbox 1734 2211 1828 2247; x_wconf 86' lang='lat' dir='ltr'><strong>atque</strong></span> 
     </span>
     <span class='ocr_line' id='line_1_77' title="bbox 1096 2255 1830 2297; baseline 0.003 -10"><span class='ocrx_word' id='word_1_427' title='bbox 1096 2263 1254 2297; x_wconf 87' lang='lat' dir='ltr'><strong>stuporem</strong></span> <span class='ocrx_word' id='word_1_428' title='bbox 1277 2257 1385 2295; x_wconf 87' lang='lat' dir='ltr'><strong>etiam,</strong></span> <span class='ocrx_word' id='word_1_429' title='bbox 1408 2255 1535 2287; x_wconf 85' lang='lat' dir='ltr'><strong>emirari</strong></span> <span class='ocrx_word' id='word_1_430' title='bbox 1564 2255 1673 2294; x_wconf 82' lang='lat' dir='ltr'><strong>liceat3</strong></span> <span class='ocrx_word' id='word_1_431' title='bbox 1695 2257 1750 2297; x_wconf 89' lang='lat' dir='ltr'><strong>qui</strong></span> <span class='ocrx_word' id='word_1_432' title='bbox 1772 2267 1830 2289; x_wconf 82' lang='lat' dir='ltr'><strong>suo</strong></span> 
     </span>
     <span class='ocr_line' id='line_1_78' title="bbox 1097 2307 1828 2348; baseline -0.007 -9"><span class='ocrx_word' id='word_1_433' title='bbox 1097 2318 1134 2339; x_wconf 77' lang='lat' dir='ltr'><strong>ex</strong></span> <span class='ocrx_word' id='word_1_434' title='bbox 1149 2308 1275 2339; x_wconf 82' lang='lat' dir='ltr'><strong>arbitrio</strong></span> <span class='ocrx_word' id='word_1_435' title='bbox 1290 2307 1476 2339; x_wconf 87' lang='lat' dir='ltr'><strong>Lucretium</strong></span> <span class='ocrx_word' id='word_1_436' title='bbox 1492 2307 1700 2348; x_wconf 86' lang='lat' dir='ltr'><strong>corruperint,</strong></span> <span class='ocrx_word' id='word_1_437' title='bbox 1719 2308 1828 2340; x_wconf 77' lang='lat' dir='ltr'><strong>rescri-</strong></span> 
     </span>
     <span class='ocr_line' id='line_1_79' title="bbox 1097 2359 1829 2400; baseline 0 -9"><span class='ocrx_word' id='word_1_438' title='bbox 1097 2361 1201 2391; x_wconf 88' lang='lat' dir='ltr'><strong>bendo</strong></span> <span class='ocrx_word' id='word_1_439' title='bbox 1215 2367 1322 2391; x_wconf 85' lang='lat' dir='ltr'><strong>contra</strong></span> <span class='ocrx_word' id='word_1_440' title='bbox 1335 2360 1432 2391; x_wconf 91' lang='lat' dir='ltr'><strong>libros</strong></span> <span class='ocrx_word' id='word_1_441' title='bbox 1452 2359 1624 2396; x_wconf 85' lang='lat' dir='ltr'><strong>universos,</strong></span> <span class='ocrx_word' id='word_1_442' title='bbox 1635 2359 1777 2400; x_wconf 76' lang='lat' dir='ltr'><strong>jactetur</strong></span> <span class='ocrx_word' id='word_1_443' title='bbox 1796 2366 1829 2392; x_wconf 77' lang='lat' dir='ltr'><strong>et</strong></span> 
     </span>
     <span class='ocr_line' id='line_1_80' title="bbox 1094 2409 1825 2450; baseline 0 -8"><span class='ocrx_word' id='word_1_444' title='bbox 1094 2413 1219 2450; x_wconf 82' lang='lat' dir='ltr'><strong>laboret,</strong></span> <span class='ocrx_word' id='word_1_445' title='bbox 1244 2411 1278 2441; x_wconf 90' lang='lat' dir='ltr'><strong>in</strong></span> <span class='ocrx_word' id='word_1_446' title='bbox 1301 2422 1362 2442; x_wconf 73' lang='lat' dir='ltr'><strong>ver.</strong></span> <span class='ocrx_word' id='word_1_447' title='bbox 1379 2414 1451 2442; x_wconf 88' lang='lat'>507.</span> <span class='ocrx_word' id='word_1_448' title='bbox 1479 2417 1510 2441; x_wconf 91' lang='lat' dir='ltr'><strong>et</strong></span> <span class='ocrx_word' id='word_1_449' title='bbox 1535 2412 1674 2448; x_wconf 80' lang='lat' dir='ltr'><strong>eandem,</strong></span> <span class='ocrx_word' id='word_1_450' title='bbox 1701 2409 1738 2440; x_wconf 87' lang='lat' dir='ltr'><strong>in</strong></span> <span class='ocrx_word' id='word_1_451' title='bbox 1763 2421 1825 2443; x_wconf 78' lang='lat' dir='ltr'><strong>ver.</strong></span> 
     </span>
     <span class='ocr_line' id='line_1_81' title="bbox 1096 2462 1829 2504; baseline 0 -10"><span class='ocrx_word' id='word_1_452' title='bbox 1096 2467 1167 2495; x_wconf 86' lang='lat'>508.</span> <span class='ocrx_word' id='word_1_453' title='bbox 1190 2463 1269 2494; x_wconf 89' lang='lat' dir='ltr'><strong>nihil</strong></span> <span class='ocrx_word' id='word_1_454' title='bbox 1287 2469 1393 2494; x_wconf 90' lang='lat' dir='ltr'><strong>actum</strong></span> <span class='ocrx_word' id='word_1_455' title='bbox 1418 2468 1609 2504; x_wconf 64' lang='lat' dir='ltr'><strong>reputantes»,</strong></span> <span class='ocrx_word' id='word_1_456' title='bbox 1638 2462 1701 2492; x_wconf 89' lang='lat' dir='ltr'><strong>nisi</strong></span> <span class='ocrx_word' id='word_1_457' title='bbox 1717 2462 1829 2494; x_wconf 85' lang='lat' dir='ltr'><strong>vitium</strong></span> 
     </span>
     <span class='ocr_line' id='line_1_82' title="bbox 1097 2512 1827 2556; baseline 0 -11"><span class='ocrx_word' id='word_1_458' title='bbox 1097 2515 1182 2553; x_wconf 82' lang='lat' dir='ltr'><strong>vitio,</strong></span> <span class='ocrx_word' id='word_1_459' title='bbox 1222 2515 1405 2556; x_wconf 89' lang='lat' dir='ltr'><strong>facinusque</strong></span> <span class='ocrx_word' id='word_1_460' title='bbox 1438 2514 1591 2553; x_wconf 83' lang='lat' dir='ltr'><strong>facinore,</strong></span> <span class='ocrx_word' id='word_1_461' title='bbox 1629 2512 1827 2546; x_wconf 88' lang='lat' dir='ltr'><strong>inscitissime</strong></span> 
     </span>
     <span class='ocr_line' id='line_1_83' title="bbox 1098 2565 1690 2609; baseline 0.002 -10"><span class='ocrx_word' id='word_1_462' title='bbox 1098 2579 1156 2609; x_wconf 87' lang='lat' dir='ltr'><strong>pro</strong></span> <span class='ocrx_word' id='word_1_463' title='bbox 1169 2569 1262 2600; x_wconf 85' lang='lat' dir='ltr'><strong>libitu</strong></span> <span class='ocrx_word' id='word_1_464' title='bbox 1277 2569 1485 2600; x_wconf 86' lang='lat' dir='ltr'><strong>cumularent.</strong></span> <span class='ocrx_word' id='word_1_465' title='bbox 1687 2565 1690 2567; x_wconf 70' lang='grc'><strong>’</strong></span> 
     </span>
    </p>

    <p class='ocr_par' dir='ltr' id='par_1_28' title="bbox 1099 2621 1657 2712">
     <span class='ocr_line' id='line_1_84' title="bbox 1139 2621 1657 2662; baseline 0 -11"><span class='ocrx_word' id='word_1_466' title='bbox 1139 2621 1215 2652; x_wconf 88' lang='lat' dir='ltr'><strong>Ver.</strong></span> <span class='ocrx_word' id='word_1_467' title='bbox 1245 2625 1317 2653; x_wconf 90' lang='lat'>505.</span> <span class='ocrx_word' id='word_1_468' title='bbox 1354 2623 1464 2654; x_wconf 79' lang='lat' dir='ltr'><strong>morbis</strong></span> <span class='ocrx_word' id='word_1_469' title='bbox 1482 2622 1657 2662; x_wconf 78' lang='lat' dir='ltr'><strong>jactentur.</strong></span> 
     </span>
     <span class='ocr_line' id='line_1_85' title="bbox 1099 2673 1530 2712; baseline 0 -8"><span class='ocrx_word' id='word_1_470' title='bbox 1099 2673 1265 2712; x_wconf 88' lang='lat' dir='ltr'><strong>Horatius,</strong></span> <span class='ocrx_word' id='word_1_471' title='bbox 1285 2679 1340 2704; x_wconf 87' lang='lat' dir='ltr'><strong>sat.</strong></span> <span class='ocrx_word' id='word_1_472' title='bbox 1360 2673 1391 2705; x_wconf 85' lang='lat' dir='ltr'><strong>ii.</strong></span> <span class='ocrx_word' id='word_1_473' title='bbox 1409 2677 1439 2705; x_wconf 81' lang='lat'><strong>5.</strong></span> <span class='ocrx_word' id='word_1_474' title='bbox 1459 2676 1530 2704; x_wconf 86' lang='lat'>121.</span> 
     </span>
    </p>
   </div>
   <div class='ocr_carea' id='block_1_20' title="bbox 1707 2621 1831 2652">
    <p class='ocr_par' dir='ltr' id='par_1_29' title="bbox 1707 2621 1831 2652">
     <span class='ocr_line' id='line_1_86' title="bbox 1707 2621 1831 2652; baseline 0 0"><span class='ocrx_word' id='word_1_475' title='bbox 1707 2621 1831 2652; x_wconf 68' lang='lat' dir='ltr'><strong>Pariter</strong></span> 
     </span>
    </p>
   </div>
   <div class='ocr_carea' id='block_1_21' title="bbox 1112 2739 1802 2772">
    <p class='ocr_par' dir='ltr' id='par_1_30' title="bbox 1112 2739 1802 2772">
     <span class='ocr_line' id='line_1_87' title="bbox 1112 2739 1802 2772; baseline 0.001 -8"><span class='ocrx_word' id='word_1_476' title='bbox 1112 2739 1235 2765; x_wconf 80' lang='lat' dir='ltr'><strong>Maxima</strong></span> <span class='ocrx_word' id='word_1_477' title='bbox 1245 2746 1304 2772; x_wconf 85' lang='lat' dir='ltr'><strong>pars</strong></span> <span class='ocrx_word' id='word_1_478' title='bbox 1315 2739 1459 2765; x_wconf 86' lang='lat' dir='ltr'><strong>hominum</strong></span> <span class='ocrx_word' id='word_1_479' title='bbox 1470 2739 1553 2765; x_wconf 83' lang='lat' dir='ltr'><strong>morbo</strong></span> <span class='ocrx_word' id='word_1_480' title='bbox 1561 2740 1678 2772; x_wconf 77' lang='lat' dir='ltr'><strong>jactetur</strong></span> <span class='ocrx_word' id='word_1_481' title='bbox 1687 2742 1802 2767; x_wconf 84' lang='lat' dir='ltr'><strong>eodem:</strong></span> 
     </span>
    </p>
   </div>
   <div class='ocr_carea' id='block_1_22' title="bbox 1098 2807 1832 2893">
    <p class='ocr_par' dir='ltr' id='par_1_31' title="bbox 1098 2807 1832 2893">
     <span class='ocr_line' id='line_1_88' title="bbox 1098 2807 1832 2850; baseline 0.001 -11"><span class='ocrx_word' id='word_1_482' title='bbox 1098 2807 1118 2839; x_wconf 88' lang='lat' dir='ltr'><strong>i.</strong></span> <span class='ocrx_word' id='word_1_483' title='bbox 1137 2817 1164 2838; x_wconf 86' lang='lat' dir='ltr'><strong>e.</strong></span> <span class='ocrx_word' id='word_1_484' title='bbox 1195 2811 1216 2826; x_wconf 89' lang='lat'>“</span> <span class='ocrx_word' id='word_1_485' title='bbox 1232 2817 1265 2838; x_wconf 86' lang='lat' dir='ltr'><strong>se</strong></span> <span class='ocrx_word' id='word_1_486' title='bbox 1294 2809 1356 2838; x_wconf 90' lang='lat' dir='ltr'><strong>huc</strong></span> <span class='ocrx_word' id='word_1_487' title='bbox 1386 2807 1463 2839; x_wconf 89' lang='lat' dir='ltr'><strong>illuc</strong></span> <span class='ocrx_word' id='word_1_488' title='bbox 1490 2814 1590 2839; x_wconf 73' lang='lat' dir='ltr'><strong>vertat</strong></span> <span class='ocrx_word' id='word_1_489' title='bbox 1619 2810 1660 2840; x_wconf 93' lang='lat' dir='ltr'><strong>ob</strong></span> <span class='ocrx_word' id='word_1_490' title='bbox 1689 2808 1832 2850; x_wconf 79' lang='lat' dir='ltr'><strong>ejusdem</strong></span> 
     </span>
     <span class='ocr_line' id='line_1_89' title="bbox 1102 2860 1832 2893; baseline 0.003 -3"><span class='ocrx_word' id='word_1_491' title='bbox 1102 2862 1124 2877; x_wconf 91' lang='lat'><strong>“</strong></span> <span class='ocrx_word' id='word_1_492' title='bbox 1141 2860 1243 2892; x_wconf 89' lang='lat' dir='ltr'><strong>morbi</strong></span> <span class='ocrx_word' id='word_1_493' title='bbox 1271 2860 1466 2893; x_wconf 79' lang='lat' dir='ltr'><strong>cruciatus:“</strong></span> <span class='ocrx_word' id='word_1_494' title='bbox 1501 2860 1548 2892; x_wconf 89' lang='lat' dir='ltr'><strong>sic</strong></span> <span class='ocrx_word' id='word_1_495' title='bbox 1571 2861 1659 2893; x_wconf 89' lang='lat' dir='ltr'><strong>enim</strong></span> <span class='ocrx_word' id='word_1_496' title='bbox 1680 2861 1832 2893; x_wconf 79' lang='lat' dir='ltr'><strong>rationem</strong></span> 
     </span>
    </p>
   </div>
  </div>
 </body>
</html>
