1912 3292
820 235 876 284 Ἤ

940 231 1314 283 LUCRETH

471 369 562 412 Nec
582 370 741 411 ratione
759 366 836 411 alii
855 367 1005 408 servari
1024 380 1143 421 posse
1162 364 1354 404 videntur

477 444 616 486 Tanto
636 456 775 498 opere,
795 448 842 482 ut
862 440 1008 481 similes
1028 438 1253 480 reddantur
1272 436 1449 492 quoique
1469 435 1625 491 figurae.

530 517 655 559 Nunc
675 531 767 573 age,
789 530 913 571 quam
932 514 1045 555 tenui
1064 512 1210 554 natur&
1231 519 1388 553 constet
1406 510 1558 565 imago,

365 597 442 633 110
475 592 664 646 Percipe3
696 598 737 631 et
756 590 799 630 in
819 588 977 644 primis,
1007 587 1202 642 quoniam
1222 584 1448 640 primordia
1468 591 1627 624 tantum

477 666 583 707 Sunt
601 663 708 704 infra
726 670 887 703 nostros
906 675 1060 709 sensus,
1079 668 1276 713 tantoque
1295 659 1470 706 minora,

477 738 617 787 Quam
637 749 730 791 quae
749 734 930 788 primum
950 731 1080 774 oculei
1100 739 1281 786 coeptant
1301 745 1386 771 non
1406 745 1523 786 posse
1542 729 1659 770 tueri.

333 895 424 925 detur
438 895 497 924 hoc
511 899 652 931 tempore
666 890 776 921 saltem
790 889 967 930 aperienda.
1005 889 1059 920 Sic

334 947 431 987 igitur
455 955 521 975 rem
547 942 702 982 concipio:
737 946 760 961 ‘⁸
777 942 827 972 Ex
852 951 946 981 supra
969 941 1059 971 dictis

333 999 469 1040 “igitur
482 1007 596 1027 manus
617 995 759 1026 dandum
781 1000 836 1030 est,
859 993 975 1024 multas
996 1003 1060 1023 esse

335 1053 358 1068 “
374 1055 485 1080 tenues
500 1047 628 1088 effigies,
650 1046 804 1086 prioribus
818 1044 954 1085 quadarn
968 1049 1062 1074 tenus

335 1105 358 1121 “
373 1101 551 1138 dissimiles,
567 1099 641 1140 quia
653 1108 717 1128 non
732 1097 845 1128 cadant
858 1096 988 1136 quidem
1003 1096 1062 1125 sub

335 1156 359 1171 “
375 1152 539 1183 oculorum
553 1151 663 1185 aciem,
688 1159 776 1190 aeque
791 1148 928 1178 referant
943 1154 1062 1185 tamen,

336 1207 359 1222 “
374 1203 534 1242 perpetuis
554 1201 729 1241 repulsibus
750 1199 872 1230 reflexae
893 1205 925 1230 et
944 1199 1061 1234 effictae,

336 1259 359 1275 ‘⁵
377 1255 492 1284 formas
505 1253 567 1284 illis
588 1263 622 1283 re
636 1252 708 1283 vetii
729 1257 890 1292 cognatas,
912 1261 982 1291 quae
997 1260 1062 1281 cer-

338 1310 361 1325 “
377 1312 497 1336 nuntur
511 1315 566 1344 per
575 1304 802 1335 successionem
811 1303 845 1333 in
856 1312 980 1344 aequore
995 1312 1063 1342 spe-

337 1362 361 1377 “
377 1358 538 1388 culorum:
571 1366 673 1397 neque
702 1355 768 1386 ulla
790 1355 852 1385 alia
876 1354 1065 1395 hypothesis,

337 1413 361 1428 “
378 1414 488 1448 praeter
502 1409 594 1446 hanc,
617 1407 758 1447 perpetui
780 1405 897 1437 scilicet
910 1404 1066 1435 manami-

338 1463 362 1478 “
377 1460 427 1490 nis
440 1458 666 1499 particularum
681 1457 876 1492 reflexmm,
897 1456 976 1496 fingi
990 1465 1067 1496 que-

340 1515 362 1530 “
378 1517 421 1549 at,
443 1510 529 1541 unde
554 1520 591 1540 ea
612 1508 798 1546 similitudo,
821 1517 892 1548 quae
914 1506 1066 1546 conspici-

341 1567 364 1584 “
379 1571 442 1601 tur,
456 1561 589 1603 imagini
605 1570 680 1591 cum
695 1569 823 1599 corpore
837 1557 1067 1589 conservetur.‘'

382 1624 458 1654 Ver.
477 1627 547 1654 104.
573 1623 725 1664 Effigies:
752 1619 849 1650 Vind.
867 1626 908 1650 Π.
932 1619 1070 1659 Effigioe,

341 1681 377 1707 ut
397 1675 542 1716 vulgares
561 1673 650 1704 editi:
679 1671 732 1702 sed
747 1670 876 1710 optimis
892 1669 980 1700 libris
1001 1679 1072 1699 aus-

343 1727 462 1758 cultare
491 1723 856 1762 malim.—singillatim:
892 1720 934 1750 V.
962 1719 1010 1750 ed.
1035 1719 1072 1750 B.

342 1779 535 1818 singulatim.
579 1775 667 1808 Libri
693 1772 836 1804 similiter
864 1771 1018 1802 fluctuant
1040 1770 1074 1800 in

343 1831 404 1860 hac
417 1838 495 1859 voce
509 1826 550 1858 ad
565 1826 678 1857 Caesar.
693 1824 732 1855 de
747 1823 817 1854 bell.
836 1822 917 1853 Gall.
939 1821 982 1852 iii.
1000 1825 1028 1852 2.
1041 1824 1071 1851 5.

346 1886 379 1910 et
393 1879 434 1910 ad
456 1878 578 1919 Hygin.
600 1877 681 1916 poet.
703 1879 820 1905 astron.
836 1873 889 1904 lib.
904 1872 936 1903 ii.
952 1872 1018 1902 init.
1034 1871 1074 1902 ad

346 1942 424 1973 quos
433 1931 519 1962 locos
527 1927 712 1960 consulendi
726 1931 800 1957 sunt
817 1924 1073 1965 Oudendorpius‚

348 1988 380 2013 et
395 1982 469 2012 Van
485 1981 641 2012 staveren.

391 2032 474 2064 Ibid.
500 2033 636 2075 Ecfigies
641 2031 828 2072 formarum.
877 2029 972 2058 Hanc
988 2027 1074 2057 locu-

346 2085 470 2117 lienem
487 2082 647 2114 Arnobius
662 2079 804 2119 arripuit,
831 2078 883 2109 lib.
898 2078 943 2107 iii.
957 2088 986 2116 p.
1005 2080 1076 2107 107.

352 2136 443 2177 cujus
468 2135 589 2174 integra
612 2130 769 2172 periodus,
793 2135 822 2159 et
848 2128 949 2169 gravis
975 2134 1006 2158 et
1029 2138 1079 2157 ve-

356 2195 460 2226 nusta,
470 2187 557 2217 lauto
566 2184 674 2216 lectori
685 2193 749 2214 non
761 2181 946 2221 displicebit:
964 2183 986 2198 ‘⁶
1000 2180 1083 2210 Nos-

354 2244 377 2260 “
395 2245 443 2271 tra
458 2238 497 2270 de
511 2239 571 2268 hoc
586 2234 740 2266 sententia
755 2232 826 2264 talis
841 2239 900 2263 est:
928 2231 1084 2261 Naturam

357 2295 380 2310 ‘⁶
396 2300 523 2322 omnem
539 2288 686 2322 divinam,
701 2296 772 2327 quae
787 2294 888 2325 neque
907 2293 971 2314 esse
985 2292 1084 2322 coepe—

358 2346 381 2361 “
397 2341 437 2372 rit
451 2339 629 2382 aliquando,
646 2347 704 2368 nec
720 2335 844 2366 vitalem
861 2334 901 2364 ad
916 2333 1087 2364 terminum

358 2396 381 2411 “
397 2393 438 2423 sit
458 2390 626 2433 aliquando
647 2394 788 2423 ventura,
811 2383 1008 2416 lineamentis
1031 2393 1081 2414 ca—

358 2445 382 2461 ‘2
399 2454 466 2474 rere
491 2440 654 2481 corporeis,
676 2448 778 2479 neque
808 2437 887 2467 ullas
903 2436 1082 2477 formarum

358 2499 381 2516 “
397 2499 511 2538 effigies
522 2494 688 2536 possidere,
703 2492 816 2533 quibus
826 2490 942 2520 extima
950 2490 1082 2520 circum-

359 2553 382 2567 “
399 2547 525 2588 scriptio
552 2546 767 2576 membrorum
796 2541 874 2573 solet
902 2545 1086 2581 coagmenta

362 2603 384 2618 “
401 2597 521 2630 finire.’‘

407 2657 482 2688 Ver.
497 2660 568 2688 106.
586 2656 735 2696 Rejectae:
754 2653 796 2684 V.
813 2651 860 2683 ed.
877 2652 1088 2692 queceare.—

361 2711 512 2740 reddunt:
542 2714 583 2738 Π.
597 2709 725 2738 redeunt
731 2719 742 2741 ‚·
768 2710 809 2740 et,
825 2705 860 2734 in
870 2707 1030 2744 sequente,
1044 2701 1088 2731 vi-

363 2762 462 2790 detur.

409 2809 491 2840 lbid.
505 2812 689 2848 speculorum
701 2816 836 2848 aequore:
863 2806 884 2836 i.
895 2815 923 2836 e.
937 2803 1025 2845 aequi:
1034 2802 1088 2833 lae-

359 2862 459 2902 sique
481 2860 644 2898 superficie
665 2858 879 2898 speculorum:
906 2855 1009 2886 videas
1022 2863 1092 2894 quae

366 2913 506 2944 diximus
533 2910 574 2942 ad
603 2910 645 2941 iii.
670 2912 741 2942 905.
786 2908 875 2939 Hinc
903 2913 1010 2938 autem
1036 2914 1093 2935 nos

1102 888 1202 920 exorsi
1221 889 1365 919 dabimus
1383 897 1509 927 operam
1531 884 1696 916 emendare
1718 883 1823 913 locum

1102 940 1232 974 Lucani,
1255 939 1368 969 criticis
1389 939 1514 979 egregie
1535 942 1691 973 vexatum,
1714 941 1745 964 et
1771 933 1823 974 qui

1103 990 1237 1020 vicissim
1252 990 1373 1020 criticos
1395 988 1520 1029 egregie
1534 987 1698 1024 vexaverit,
1720 995 1756 1016 ac
1778 994 1826 1014 re*

1105 1041 1196 1071 lictus
1211 1041 1250 1070 sit
1264 1040 1355 1080 plane
1369 1039 1554 1079 deploratus.
1585 1037 1718 1078 Legitur
1731 1035 1825 1066 nimi-

1106 1101 1178 1122 rum
1193 1092 1226 1122 in
1242 1092 1348 1122 Phars.
1364 1091 1416 1121 vii.
1434 1094 1504 1122 199.
1543 1108 1547 1112 ι

1106 1184 1186 1210 Venit
1196 1190 1302 1208 summa
1312 1182 1377 1211 dies.
1393 1181 1495 1213 geritur
1504 1187 1544 1206 ree
1554 1179 1687 1208 maxima,
1703 1176 1774 1202 dixit
1780 1185 1790 1207 ς

1107 1223 1181 1256 Inpia
1191 1226 1356 1248 concurrunt
1367 1220 1485 1252 Pompeii
1494 1223 1521 1245 et
1533 1218 1644 1244 Caesaris
1652 1224 1737 1242 arma.

1107 1264 1157 1288 Seu
1168 1262 1294 1291 tonitrus,
1310 1267 1341 1285 ac
1353 1260 1407 1285 tela
1417 1259 1488 1291 Jovis
1499 1264 1630 1290 praesaga,
1646 1255 1767 1294 notpvit5

1107 1302 1213 1327 AEthera
1224 1308 1270 1326 seu
1280 1304 1372 1325 totum
1381 1299 1496 1325 discordi
1505 1298 1632 1322 obsistere
1641 1295 1725 1326 coelo‚

1107 1340 1300 1372 Perspexitque
1310 1339 1385 1371 polos
1391 1347 1399 1368 ς
1410 1345 1456 1363 seu
1462 1338 1546 1361 lurum
1554 1337 1581 1360 in
1592 1342 1690 1368 equore
1700 1336 1831 1360 moestum

1110 1380 1174 1406 Solis
1184 1380 1312 1404 inobxcuro
1322 1385 1441 1411 pugnarn
1452 1377 1552 1409 pallore
1563 1375 1679 1400 notavit.

1111 1470 1152 1500 In
1167 1479 1257 1500 versu
1271 1474 1383 1509 quarto
1401 1466 1506 1497 scribit
1521 1465 1726 1496 Burmannus
1741 1465 1835 1498 Aiira,

1112 1527 1219 1552 contra
1242 1520 1338 1551 MSS.
1363 1518 1464 1549 multo
1483 1517 1634 1558 majorem
1656 1525 1836 1550 numerum,

1113 1579 1144 1604 et
1159 1573 1284 1613 optimae
1300 1577 1381 1602 notae
1396 1575 1553 1601 vetustum
1573 1567 1837 1608 pulcherrimum-

1115 1635 1176 1665 que
1197 1624 1232 1653 in
1248 1621 1420 1654 Academia
1440 1620 1564 1660 publici
1579 1617 1839 1658 Cantabrigiensi‚

1115 1675 1192 1705 olim
1206 1674 1245 1704 T.
1264 1672 1448 1704 Rotherami
1470 1671 1597 1706 librum.
1620 1667 1840 1708 archiepiscopi

1116 1724 1334 1762 stomensis,
1349 1733 1443 1764 quem
1457 1732 1515 1753 nos
1528 1720 1734 1757 contulimus3
1755 1717 1840 1760 qnod

1117 1777 1227 1807 eadem
1242 1786 1302 1806 vox
1318 1776 1352 1805 in
1367 1779 1515 1814 sequente
1527 1782 1619 1803 versu
1633 1771 1740 1802 statim
1753 1780 1841 1809 repe-

1116 1834 1244 1866 teretur,
1261 1826 1359 1862 nobis,
1379 1825 1442 1856 nisi
1455 1823 1608 1860 fallimur,
1623 1821 1754 1852 feliciter
1767 1821 1840 1852 sub-

1116 1879 1190 1910 lata.
1235 1880 1357 1909 Lumen
1380 1876 1486 1913 etiam,
1509 1884 1574 1905 non
1587 1883 1712 1910 numen,
1736 1871 1842 1903 scribi-

1117 1930 1216 1961 turin
1241 1928 1352 1960 eodem
1373 1924 1630 1966 Cantabrigieusi.
1676 1923 1846 1959 Caeoerum,

1119 1982 1277 2013 inobscuro
1307 1980 1351 2019 ὑφ’
1378 1980 1404 2010 in
1426 1977 1655 2016 roscripsimus3
1677 1974 1762 2005 unde
1775 1983 1845 2004 om.

1120 2034 1169 2064 nis
1183 2032 1339 2064 scabrities
1350 2030 1478 2070 pulchre
1492 2027 1612 2059 tollitur
1625 2032 1754 2057 recoctae
1767 2036 1845 2064 prae-

1122 2083 1283 2123 positionis
1311 2084 1355 2117 in,
1384 2081 1514 2111 omnino
1542 2079 1641 2118 po'etae
1665 2076 1849 2117 politissimo

1123 2133 1337 2175 abjudicanda.
1383 2131 1528 2161 Verbum
1552 2129 1708 2160 inobscuro
1734 2127 1850 2168 legitur

1125 2187 1160 2216 in
1178 2185 1338 2221 Cicerone,
1365 2189 1396 2213 et
1416 2181 1646 2212 inobscurabilis
1666 2179 1700 2210 in
1721 2178 1848 2210 Tertul-

1127 2237 1221 2267 liano.
1266 2235 1317 2266 De
1346 2233 1531 2264 confusione
1555 2231 1730 2262 dictionum
1756 2231 1851 2261 aether

1128 2294 1160 2318 et
1173 2291 1235 2324 οῦν,
1258 2287 1382 2327 egimus
1402 2284 1443 2315 ad
1463 2284 1507 2314 iii.
1527 2285 1620 2314 1057.
1642 2287 1675 2312 et
1688 2280 1776 2312 alibi:
1801 2282 1850 2311 lu-

1129 2350 1197 2369 men
1224 2344 1256 2368 et
1280 2347 1393 2369 numen
1418 2336 1534 2365 iterum
1558 2333 1785 2373 permiscentur
1813 2329 1854 2362 ad

1126 2390 1245 2421 Lucan.
1260 2388 1281 2418 i.
1297 2391 1369 2419 452.
1393 2385 1485 2418 ovid.
1507 2395 1546 2415 ex
1571 2385 1663 2416 Pom.
1688 2383 1719 2414 ii.
1746 2386 1776 2414 8.
1799 2385 1852 2414 67.

1129 2439 1263 2471 Anthol.
1289 2439 1358 2469 Lat.
1383 2438 1494 2469 Burm.
1521 2435 1560 2466 iv.
1579 2439 1627 2467 15.
1646 2438 1694 2466 18.
1716 2440 1748 2465 et
1763 2433 1853 2473 Virg.

1127 2503 1197 2534 geo.
1220 2493 1240 2523 i.
1262 2496 1291 2523 6.
1314 2490 1368 2521 ubi
1383 2500 1440 2520 nos
1453 2487 1588 2519 videndi.
1634 2485 1792 2527 Denique,
1814 2483 1855 2516 de

1127 2543 1335 2583 permixtione
1363 2540 1531 2577 nominum
1559 2549 1662 2579 oequor
1693 2543 1726 2567 et
1750 2533 1857 2572 temer,

1129 2594 1273 2626 consulas
1294 2591 1601 2628 Drakenborchium,
1623 2589 1664 2620 ad
1688 2587 1742 2618 Sil.
1767 2586 1807 2617 It.
1829 2586 1852 2617 i.

1132 2650 1203 2678 258.
1226 2651 1257 2676 et
1271 2655 1329 2675 nos
1342 2643 1382 2674 ad
1398 2643 1487 2683 Virg.
1502 2641 1560 2673 ecl.
1577 2641 1598 2672 i.
1613 2643 1664 2672 59.
1693 2638 1771 2670 Jam
1784 2646 1858 2668 vero

1131 2700 1202 2729 solis
1215 2708 1320 2737 aequor
1333 2705 1390 2735 pro
1412 2698 1435 2713 “
1450 2692 1615 2724 laevissimo
1635 2690 1720 2725 disco
1733 2688 1807 2719 solis
1820 2699 1858 2719 ac

1133 2754 1155 2768 “
1172 2748 1358 2779 nitidissimo
1369 2746 1388 2758 ”
1405 2755 1500 2776 nemo
1511 2753 1575 2774 non
1585 2740 1858 2773 confitebituresse

1132 2806 1165 2831 et
1177 2798 1463 2830 commodissimam
1484 2801 1515 2825 et
1529 2792 1794 2834 elegantissimam
1808 2790 1855 2821 lo-

1135 2850 1302 2882 cutionem.
1347 2847 1463 2879 Accius
1484 2846 1518 2876 in
1534 2846 1634 2876 Atreo
1655 2842 1739 2883 apud
1754 2840 1857 2873 Noni·

1136 2911 1202 2940 um,
1227 2910 1255 2931 x.
1271 2904 1300 2931 4.
