1912 3292
1437 216 1531 260 359

178 377 406 431 Scena'i‘que
425 366 544 412 simul
563 363 696 406 varios
716 355 928 414 splendere
947 352 1126 392 decores.

238 451 381 505 Usque
401 443 504 487 adeo
522 437 665 495 magni
683 432 807 475 refert
825 427 1022 475 studium,
1045 431 1166 478 atque
1184 421 1372 462 voluntas
1377 435 1391 467 ς

179 525 251 575 Et,
273 523 419 580 quibus
437 518 482 558 in
502 513 626 556 rebus
645 504 882 552 consuerint
902 515 987 543 esse
1007 495 1188 553 operatei

179 602 279 644 Non
298 595 485 638 homines
506 589 653 637 solum,
676 584 747 626 sed
766 594 865 622 vero
885 573 1078 619 animalia
1098 576 1258 612 cuncta.

66 682 149 720 985
182 674 348 728 Quippe
367 667 523 710 videbis
543 677 669 719 equos

688 656 843 706 formis,
865 665 991 709 quom
1010 646 1198 689 membra
1210 640 1406 698 jacebunt

182 750 234 791 In
254 745 423 795 somnis,
446 740 593 783 sudare
612 745 767 784 tamen,
789 730 1039 786 spirareque,
1062 732 1241 774 semper3

37 927 91 969 jus
114 932 217 956 sermo
239 926 286 952 est
313 918 431 950 ibidem
459 909 562 946 multa
592 907 769 941 curiositate

41 979 227 1012 elaboratus,
243 971 416 1005 accuratius
430 969 665 1006 interpunctum
680 958 768 990 dabi-

41 1042 129 1063 mus:
154 1033 216 1064 ‘ns
231 1028 260 1059 Be
272 1039 340 1066 ημεν
355 1036 416 1055 omo
431 1034 469 1053 «τε
483 1020 587 1053 Sem-vu,
604 1028 672 1048 παις
690 1024 770 1055 &pxi-

44 1098 106 1122 ται,
123 1084 236 1123 κιθαραν
252 1081 454 1121 ἁρμοσαμενος,
469 1072 538 1113 (qui
548 1070 606 1100 sibi
620 1067 772 1098 citharam

43 1139 218 1177 aptaverat:
236 1129 343 1161 confer
356 1127 441 1158 Pers.
452 1128 507 1154 sat.
519 1132 546 1151 v.
559 1118 626 1160 95.)
644 1129 681 1148 τε
692 1127 773 1146 ποιτ-

46 1202 87 1231 ρος
105 1198 227 1220 omes-ns·
245 1196 304 1218 και,
321 1182 428 1219 ’ψιλαις
454 1190 487 1207 το
513 1185 622 1216 vrowa-or
647 1173 774 1200 ΔΙΑΤῙ-

45 1241 186 1271 ΝΑΞΑΣ
205 1249 268 1269 ταις
285 1244 374 1274 χερσι,
393 1242 446 1263 τας
462 1225 567 1268 χορδας
586 1233 670 1264 expes,
687 1231 776 1250 noum

49 1303 206 1333 κρεματιον
236 1288 415 1326 ὑπολιγῃνας
454 1275 678 1317 ὑποψιθνριζεσι
719 1283 776 1304 τοις

49 1343 217 1376 Bam-uam,
243 1350 323 1378 μετα
339 1348 423 1371 τετυ,
439 1332 489 1365 ἤδη
506 1343 547 1369 τῳ
565 1334 707 1367 πληκτρῳ
722 1335 777 1356 τας

49 1394 155 1437 χορδας
173 1402 260 1432 expes·
277 1402 339 1425 και,
356 1393 453 1424 ολιγον
463 1383 522 1413 ὅσον
533 1381 687 1419 κιθαρισας,
698 1386 778 1414 συνῃ-

54 1447 82 1479 Es
99 1459 156 1479 τοις
172 1452 325 1485 κρεσμασι.

98 1503 180 1536 Ibid.
213 1501 340 1534 chordas
369 1494 542 1536 Zoquentez's.
587 1489 694 1525 Maro,
725 1484 781 1515 ecl.

55 1557 118 1590 viii.
134 1559 184 1586 22.

87 1646 181 1656 -—
195 1632 378 1663 argutumque
388 1628 494 1651 nemus,
503 1619 630 1652 pinosque
639 1611 784 1645 loquentis:

59 1711 155 1745 quam
169 1699 337 1731 lectionem
352 1695 443 1726 docte
465 1687 596 1722 asseruit
622 1683 786 1717 Heinsius,

60 1752 200 1786 Lucretii
215 1757 323 1781 tamen
338 1744 437 1777 nostri
451 1751 516 1772 non
529 1736 720 1769 recordatus.

107 1804 181 1835 Ver.
198 1806 270 1834 980.
293 1806 473 1830 consessum.-
500 1791 544 1822 sic
568 1788 652 1819 solus
679 1791 720 1816 Π.
742 1783 790 1813 uti

63 1857 158 1897 vulgo
174 1852 363 1894 publicatur;
385 1844 498 1885 reliqui
523 1849 643 1877 omnes,
666 1845 790 1868 consen-

64 1920 129 1940 sum
142 1922 152 1943 ‚·
179 1901 320 1945 perfacili
355 1907 471 1930 errore:
507 1892 636 1934 quidam
673 1887 794 1918 codices

66 1960 130 1998 Pii,
145 1961 321 1989 concentum
326 1968 336 1989 ;
351 1960 416 1981 non
427 1946 517 1982 male,
533 1953 591 1974 nec
607 1942 672 1972 sine
688 1947 793 1969 exem-

67 2012 120 2052 plo
134 2007 272 2050 quidem.
318 2005 444 2035 Cernere
467 2001 645 2029 concentum
669 1989 795 2026 scilicet,

67 2070 103 2095 ut
119 2058 300 2100 AEschylus,
323 2059 398 2094 sept.
413 2051 514 2082 Theb.
532 2050 603 2078 105.

224 2145 373 2173 KTYTION
395 2137 573 2167 ΔΕΔΟΡΚΑ,

187 2194 363 2222 IIATAFON
375 2189 398 2216 τ’
413 2199 451 2222 εχ
464 2186 510 2215 ἓνος
524 2185 596 2220 &opoe-

78 2285 192 2325 Neque
205 2280 294 2311 aliter
305 2277 481 2310 Homerus,
490 2272 599 2310 hymn.
613 2264 717 2306 Apoll.
730 2266 802 2294 264.

118 2371 185 2399 Ενθα
197 2380 233 2398 τις
244 2366 368 2402 ανθρωπων
379 2362 516 2391 &exzo-eran
530 2354 775 2384 ΕΙΣΟΡΑΑΣΘΑῙ

114 2422 246 2455 ‘Apparet
265 2414 287 2440 τ’
305 2421 428 2442 ευποιῆτα,
444 2419 489 2436 και
509 2405 636 2434 ωκυποδων
653 2401 803 2428 ΚΤΥΠΟΝ

236 2463 319 2489 ἵππων.

84 2549 224 2585 Recepta
237 2549 344 2573 tamen
359 2536 454 2569 dictio
465 2535 536 2575 plus
549 2533 643 2564 habet
656 2526 806 2566 simplici-

83 2598 166 2633 tatis,
182 2605 234 2626 me
249 2592 360 2623 saltem
382 2587 500 2629 judice,
527 2590 558 2615 et
579 2577 809 2614 commoditatis

81 2647 189 2682 sensui
204 2645 334 2676 idoneae.

129 2708 203 2739 Ver.
222 2707 295 2738 981.
319 2701 508 2740 Scena'z'que:
532 2697 574 2726 V.
597 2693 645 2724 ed.
674 2695 813 2724 Sconent-

89 2771 160 2801 que,·
189 2762 226 2790 Σ.
241 2758 282 2788 In.
297 2751 386 2786 scemi
402 2757 504 2791 atque;
526 2753 571 2778 Ω.
588 2747 686 2777 Nunc
695 2751 815 2774 scenam

91 2818 192 2851 atque.
228 2806 370 2847 Suspicio
384 2810 431 2834 est
445 2797 636 2839 corruptelae.
664 2795 740 2826 Non
755 2792 816 2822 dis-

93 2862 232 2903 pliceret:
579 2864 582 2865 ν

142 2939 172 2960 ln
183 2934 305 2966 scenaque
313 2931 392 2958 simui
404 2930 490 2956 varios
501 2926 639 2960 splendere
655 2923 772 2948 decores.

143 2993 232 3023 Vol„
251 2991 300 3022 ΙΙ.

812 900 972 941 Denique,
988 905 1044 936 pro
1058 896 1188 926 decores,
1207 895 1248 920 Π.
1263 889 1384 918 decoros
1395 884 1497 915 habet.

857 951 939 983 Ibid.
961 949 1060 980 varios
1085 947 1215 975 decores:
1240 940 1262 970 i.
1281 949 1307 968 e.
1339 934 1449 967 florida
1471 932 1542 974 pul-

814 1001 991 1035 chritudine
1006 998 1132 1029 nitores.
1178 990 1371 1023 Ammianus
1383 983 1543 1018 Marcelli-

816 1066 888 1093 nus,
904 1052 986 1083 xviii.
1004 1050 1120 1080 lO.—“
1137 1043 1222 1076 unde
1237 1039 1340 1073 subita
1355 1037 1453 1070 animi
1470 1045 1545 1066 con-

818 1111 841 1126 “
858 1103 1057 1137 ster-natione,
1073 1099 1257 1130 defensores
1273 1100 1433 1123 armorum
1447 1089 1547 1120 varie-

819 1163 841 1178 “
857 1164 918 1189 tate
933 1151 1104 1195 praestricti,
1121 1159 1153 1179 se
1168 1151 1357 1184 cunctosque
1371 1139 1545 1181 prodidere,

819 1213 842 1229 “
858 1208 913 1249 qui
935 1205 975 1236 ad
1002 1200 1146 1243 praesidia
1168 1191 1409 1236 confugerant.”
1458 1189 1544 1220 Con-

819 1259 956 1294 structio‚
971 1261 1003 1287 et
1016 1262 1134 1288 sensus,
1156 1255 1215 1280 est:
1245 1251 1267 1266 “
1286 1240 1549 1276 Consternatione

823 1317 845 1332 “
861 1309 959 1343 animi
982 1309 1049 1339 illos
1070 1303 1144 1335 inde
1173 1302 1328 1335 subeunte,
1361 1294 1548 1327 defensores,

824 1367 847 1383 “
863 1359 986 1393 confusi
1008 1355 1217 1398 splendoribus
1240 1357 1397 1384 amorum,
1427 1355 1459 1375 se
1481 1352 1553 1383 pro-

825 1418 848 1433 “
863 1410 999 1444 dide1·e.'’
1048 1407 1140 1438 Idem
1154 1403 1228 1435 ibid.
1244 1402 1355 1440 cap.,2.
1378 1401 1400 1415 “
1417 1396 1461 1426 Et
1480 1394 1556 1424 Ma-

827 1469 848 1483 “
864 1464 991 1494 crianus
1002 1458 1141 1500 quidem,
1151 1465 1226 1485 cum
1236 1452 1331 1482 fratre
1343 1450 1424 1479 inter
1435 1444 1557 1486 aquilas

827 1519 849 1534 ‘⁵
866 1513 1020 1544 admissus
1043 1515 1074 1539 et
1103 1508 1206 1548 signa,
1228 1503 1372 1541 stupebat
1394 1505 1556 1529 armorum

829 1571 852 1586 “
867 1566 1044 1604 viriumque
1057 1562 1178 1592 varium
1190 1553 1308 1587 decus.”
1343 1551 1410 1582 Ubi
1422 1549 1558 1580 scriben-

829 1620 907 1650 dum
929 1615 1069 1649 forsitan,
1097 1615 1118 1630 “
1135 1616 1299 1641 armorum
1320 1598 1559 1642 virorumque:”

829 1672 849 1701 i.
865 1681 891 1701 e.
906 1675 971 1699 tam
985 1665 1143 1705 fulgorem
1162 1661 1336 1701 signorum,
1359 1663 1455 1695 quam
1477 1652 1560 1682 mili-

831 1730 907 1754 tum.

876 1781 948 1810 Ver.
965 1781 1038 1810 982.
1060 1775 1169 1816 refert:
1189 1772 1224 1802 P.
1238 1770 1279 1800 V.
1292 1767 1338 1798 ed.
1358 1765 1398 1796 O.
1416 1767 1451 1794 Δ.
1462 1767 1505 1792 Π.
1516 1765 1562 1790 Ω.

835 1835 1133 1877 rfferunt.—atque:
1161 1834 1204 1858 Π.
1218 1836 1291 1866 que,·
1315 1828 1347 1853 et
1360 1829 1448 1857 mox,
1470 1818 1566 1848 solum

837 1897 893 1928 pro
907 1891 1028 1918 cuncta.

881 1940 957 1969 Ver.
974 1938 1047 1968 985.
1071 1933 1203 1964 membra
1216 1929 1366 1970 jacebunt
1383 1926 1423 1955 In
1446 1921 1568 1953 somnis.

842 1991 894 2021 Ita
907 1986 1070 2028 Virgilius,
1088 1984 1163 2014 AEn.
1179 1981 1221 2011 iii.
1242 1982 1311 2010 150.

901 2084 1087 2095 ——-
1097 2069 1144 2093 visi
1155 2071 1219 2092 ante
1230 2064 1322 2090 oculos
1332 2062 1436 2087 adsme
1441 2055 1550 2090 jacentis

904 2119 934 2140 In
944 2113 1075 2139 somnis—.

844 2191 909 2229 Qui
923 2189 985 2221 loci
1000 2193 1128 2218 mutuas
1143 2192 1251 2222 operas
1265 2178 1323 2210 sibi
1345 2174 1481 2207 vicissim
1502 2170 1574 2211 pul·

845 2246 917 2276 chre
932 2246 1061 2272 navant:
1081 2236 1243 2268 conficitur
1259 2232 1344 2262 enim
1359 2239 1398 2259 ex
1412 2223 1573 2260 Lucretio,

848 2305 936 2325 voces
959 2290 1086 2331 Virgilii
1112 2295 1274 2327 perperam
1296 2281 1479 2321 conjunctas
1503 2284 1578 2310 esse,

848 2344 1010 2378 scribendo
1026 2341 1197 2375 Insomnis,·
1215 2342 1246 2367 et
1261 2345 1298 2365 ex
1310 2330 1448 2372 Virgilio
1461 2332 1578 2360 contra,

848 2398 932 2429 male
947 2392 1099 2434 distingui
1115 2391 1149 2421 in
1163 2387 1298 2429 vulgatis
1314 2380 1502 2414 editionibus
1511 2381 1581 2416 post

839 2450 988 2493 jacentis,
999 2443 1187 2476 dictionibus
1197 2442 1236 2471 Ιη
1249 2437 1360 2469 somnis
1371 2433 1410 2463 ad
1419 2427 1582 2471 sequentia

851 2499 963 2531 relatis.
996 2496 1074 2527 Pius
1085 2493 1208 2524 dudum
1224 2490 1318 2529 probe
1333 2483 1583 2522 interpunxerat‚

851 2550 981 2593 posteris
1009 2548 1107 2587 poetae
1139 2541 1332 2574 curatoribus
1353 2537 1582 2567 inobservatus.

853 2603 1067 2636 —Caeterum,
1083 2607 1172 2637 equos
1189 2603 1253 2623 non
1269 2593 1427 2628 comparet
1441 2586 1476 2614 in
1492 2589 1534 2613 Π.

900 2655 975 2684 Ver.
999 2654 1071 2683 986.
1093 2650 1221 2679 sudare:
1258 2643 1300 2672 V.
1330 2639 1377 2670 ed.
1400 2637 1585 2669 suadere.—

857 2717 983 2746 semper:
1010 2703 1046 2733 P.
1065 2708 1105 2732 n.
1124 2705 1158 2730 Σ.
1174 2707 1263 2736 scepe,·
1288 2693 1335 2723 uti
1349 2697 1396 2721 est
1417 2689 1452 2719 in
1477 2685 1588 2725 vulga-

859 2759 911 2789 tis:
939 2754 993 2786 sed
1007 2763 1045 2784 ex
1060 2755 1231 2782 correctore
1246 2753 1378 2784 nupero,
1407 2746 1444 2771 ut
1458 2737 1591 2768 videtur.

861 2809 943 2840 Vult
958 2804 1123 2838 Lucretius
1137 2800 1239 2832 simile
1253 2795 1373 2837 aliquid
1386 2802 1500 2832 semper
1511 2787 1591 2824 fieri,

863 2861 983 2903 quotics
998 2856 1069 2897 equi
1087 2856 1121 2885 in
1135 2854 1184 2884 his
1200 2847 1420 2881 certaminibus
1445 2852 1500 2882 per
1526 2840 1594 2870 dies

864 2913 981 2944 multos
996 2908 1113 2950 werati
1128 2910 1211 2936 sunt.
1255 2902 1298 2933 Et
1311 2897 1471 2941 generales
1486 2892 1593 2934 poeta-

813 2977 874 3006 Aa
