1912 3292
367 174 456 214 116

867 167 926 214 Τ.
979 163 1356 215 LUCRETII

500 297 769 354 Corporibus:
802 312 935 354 neque
954 299 1065 339 enim
1084 305 1279 354 poterunt
1298 295 1498 338 subtiliter
1516 308 1600 335 esse

387 374 469 413 740
501 373 734 422 Connexae;
766 387 898 428 neque
918 387 1118 414 consensu
1138 371 1329 427 contagia
1347 369 1459 410 fient.

557 447 764 502 Denique,
788 462 894 502 quur
913 448 1016 488 acris
1036 446 1228 487 violentia
1248 445 1361 486 triste
1380 444 1546 485 leonum

504 521 730 563 Seminium
751 521 948 577 sequitur,
979 520 1132 575 volpeis
1151 518 1268 560 dolus
1275 536 1287 568 3
1320 526 1360 559 et
1379 517 1478 574 fiaga
1496 514 1623 557 cervis

399 684 479 715 lbid.
502 696 591 725 quam
609 686 652 715 vis
674 686 766 714 utile:
792 683 811 714 i.
826 695 852 714 e.
873 690 1019 724 quantum
1038 685 1080 714 vis

355 738 444 767 utile:
471 741 502 765 et
516 736 560 765 sic
575 735 757 771 Lambinus,
774 745 846 764 nam
865 735 1013 774 interpres
1028 744 1080 764 vo-

356 798 424 818 cem
440 786 581 826 negligit.

400 837 474 867 Ver.
491 839 562 867 736.
586 837 688 871 Quod:
713 835 757 866 sic
772 837 851 865 bene
865 836 986 866 videtur
1001 836 1080 866 ami-

354 900 409 920 cus
431 888 523 918 Fabri
546 886 725 927 reposuisse,
747 897 804 926 pro
827 887 959 918 lectione
984 887 1078 917 libro-

354 951 426 972 rum
452 939 596 970 omnium
623 940 711 975 Cum,·
753 948 833 978 quae,
856 937 928 968 licet
952 938 1080 968 fortasse

356 992 429 1023 ferri
451 997 564 1031 posset,
588 1000 644 1030 pro
671 991 823 1024 Quoniam
848 991 985 1027 subeant,
1011 989 1031 1019 i.
1055 1000 1081 1019 e.

355 1047 377 1064 “
395 1045 516 1082 Quum,
527 1041 808 1084 argumentationis
816 1040 927 1082 gratia,
938 1042 997 1070 hoc
1008 1050 1082 1070 con.

356 1100 379 1115 “
395 1094 574 1126 cedimus:”
598 1103 663 1124 non
689 1093 762 1123 satis
781 1092 933 1132 explicata
958 1097 1005 1122 cst
1026 1102 1082 1131 pro

354 1148 391 1179 ea
407 1147 602 1187 simplicitate
625 1144 774 1180 Lucretii,
797 1143 858 1184 qua
887 1143 965 1174 solet
987 1154 1081 1184 argu-

354 1206 500 1230 mentum
515 1197 665 1238 persequi.
698 1196 781 1227 Cum
798 1196 887 1226 nobis
901 1196 995 1226 etiam
1011 1206 1081 1226 sen-

354 1252 451 1283 tentia
473 1250 609 1282 Bentleii
623 1255 692 1280 stat.
737 1249 781 1279 Et
799 1248 899 1279 facilis
921 1254 967 1279 est
981 1248 1083 1278 decla-

355 1304 416 1335 rari
431 1313 554 1344 quoque
576 1311 755 1342 progressus
777 1300 972 1339 corruptelae:
1001 1302 1081 1340 quod

355 1366 480 1396 nempe,
495 1366 596 1396 quom,
612 1365 689 1385 cum.
718 1352 786 1383 Nec
804 1351 971 1383 Creechius
987 1352 1082 1382 etiam

355 1419 422 1439 rem
436 1418 500 1438 non
515 1406 697 1438 tenuit—at
712 1404 786 1445 qud:
807 1403 845 1435 V.
861 1404 910 1435 cd.
928 1405 964 1435 L.
982 1405 1029 1435 M.
1047 1410 1082 1436 Σ.

354 1466 460 1500 αιᾳιιες
487 1458 525 1489 O.
544 1464 587 1488 Π.
606 1463 651 1488 Ω.
667 1458 736 1497 qul]
767 1455 851 1497 quod
877 1466 941 1486 non
967 1455 1080 1486 deteri-

355 1511 572 1550 us..-possint:
600 1514 635 1539 A.
645 1514 783 1548 possunt.

396 1562 470 1591 Ver.
488 1563 558 1591 737.
583 1560 694 1590 Haud:
718 1564 751 1589 Δ.
769 1563 802 1590 Σ.
821 1559 1077 1598 Aule—corpora:

358 1619 398 1643 Π.
413 1623 544 1652 corpore.

400 1663 480 1693 Ibid.
497 1672 621 1702 corlmra
633 1667 660 1691 el
676 1667 780 1690 arcus:
806 1659 1080 1699 periiendyadeim

355 1714 453 1754 po'etis
477 1712 664 1749 adamatam,
692 1710 812 1740 dictum
828 1716 882 1746 cst,
905 1720 962 1749 pro
977 1720 1080 1749 corpo-

354 1777 418 1797 reos
447 1771 542 1796 arcus.
588 1762 675 1793 Hinc
704 1762 852 1792 lectiones
882 1762 1081 1791 membrana-

355 1828 428 1847 rum
454 1815 629 1846 Claudiano
655 1812 892 1848 vindicabimus,
917 1818 948 1842 et
974 1822 1080 1842 emen-

355 1867 464 1899 datum
479 1868 573 1907 probe
588 1865 824 1902 constituemus,
846 1863 886 1894 ad
901 1869 977 1903 rapt.
993 1863 1080 1894 Pros.

355 1920 375 1951 i.
393 1923 443 1951 59.

373 2016 520 2049 Quivitam
531 2015 673 2046 letumque
689 2013 767 2038 scr-is.-
787 2019 862 2042 nam,
879 2011 1008 2043 quidquid
1025 2010 1082 2036 ubi-

465 2062 518 2086 que

372 2096 467 2129 Gignit
478 2095 612 2124 materies,
629 2094 692 2123 hoc,
708 2097 736 2118 te
747 2093 876 2121 donante,
891 2093 1008 2120 creatur,

372 2138 546 2167 Debeturque
557 2135 619 2165 til)i;
629 2133 784 2165 junctisque
794 2131 950 2163 ambagibus
961 2131 1025 2161 aevi‚

374 2183 472 2205 Rursus
482 2182 606 2211 corporeos
618 2177 716 2202 animae
729 2179 871 2200 mutantur
882 2174 909 2198 in
920 2178 1002 2199 artus.

359 2272 513 2305 Nonnulli
527 2271 608 2308 libri,
632 2275 654 2290 “
671 2272 760 2302 certis
777 2269 992 2310 ambagibus;”
1010 2267 1081 2308 plu-

357 2336 415 2362 res,
439 2326 573 2356 cunctz's:
602 2323 687 2354 unde
713 2333 771 2353 nos
796 2323 949 2352 sinceram
974 2320 1081 2350 lectio-

358 2387 432 2408 nem
458 2375 630 2406 elicuimus.
677 2374 748 2405 Has
772 2373 923 2404 dictiones
939 2372 1083 2403 confusas

359 2429 496 2460 vidimus
511 2427 606 2458 etiam
622 2426 662 2457 ad
677 2427 696 2457 i.
714 2429 786 2458 856.

403 2489 476 2519 Ver.
501 2491 571 2519 738.
601 2486 770 2518 Edidimus
795 2485 834 2516 ad
864 2485 959 2516 fidem
987 2484 1082 2514 libro-

361 2550 442 2577 rum,
459 2540 519 2571 nisi
534 2539 618 2581 quod
634 2539 670 2570 P.
687 2538 784 2569 Vind.
802 2538 841 2568 V.
857 2537 904 2568 ed.
920 2537 956 2567 L.
973 2537 1020 2567 M.
1039 2542 1082 2567 Ω.

360 2591 559 2630 interponant
569 2596 615 2628 ut,
631 2595 700 2630 post
709 2596 763 2626 esc;
779 2588 863 2630 quod
877 2587 993 2627 respuit
999 2587 1086 2628 justa

362 2643 467 2673 versus
480 2642 658 2683 longitudo:
685 2643 724 2674 B.
750 2641 867 2672 omittit
891 2639 962 2681 quiss-
989 2645 1020 2670 et
1044 2645 1085 2670 Π.

361 2695 454 2724 habet
468 2696 553 2733 quid,
576 2700 668 2734 atque
685 2686 867 2725 insinuetur.
912 2692 1020 2722 Prisca
1035 2689 1086 2722 Pii

363 2745 563 2784 exemplaria,
586 2755 648 2775 ver.
671 2748 742 2777 729.
767 2743 972 2785 respicientia,
998 2751 1087 2773 men-

364 2796 438 2827 dose
452 2795 600 2831 scribunt,

426 2872 480 2897 Nec
491 2874 583 2896 tamen
595 2872 645 2901 est,
658 2870 731 2902 quasi
743 2878 789 2896 cur
798 2869 995 2902 perfectu—

1167 683 1240 712 Ver.
1270 684 1340 712 740.
1373 690 1486 720 neque:
1522 684 1557 710 Δ.
1578 685 1846 709 nea—consensu.-

1124 741 1220 774 Vind.
1247 741 1288 770 V.
1315 740 1362 770 ed.
1389 740 1426 769 Β.
1454 744 1490 769 Δ.
1519 743 1553 769 Σ.
1581 743 1626 768 Ω..
1648 747 1717 767 cum
1739 745 1844 772 sensu,-

1124 804 1219 835 quam
1259 791 1442 822 monuimus
1475 800 1541 820 esse
1569 786 1850 829 frequentissimam

1123 844 1402 876 commutationem
1423 842 1462 873 ad
1485 851 1546 872 ver.
1570 843 1640 872 149.
1662 839 1792 880 hujusce
1810 837 1859 869 li-

1122 898 1185 936 bri;
1209 904 1240 928 et
1262 907 1342 936 saepe
1371 894 1464 926 alias:
1501 894 1540 925 Ο.
1563 899 1627 924 tum
1653 902 1752 923 sensu.
1797 888 1852 921 Ad

1123 950 1145 981 J
1148 949 1286 980 uvenalis
1300 953 1356 978 sat.
1371 948 1390 977 i.
1405 950 1455 977 52.
1482 956 1539 986 pro
1554 956 1622 976 cum
1642 945 1754 980 veniat,
1776 940 1850 973 scri-

1124 1000 1207 1031 bitur
1221 1001 1378 1031 conveuiat
1394 998 1428 1028 in
1443 997 1548 1028 codice
1565 996 1637 1027 MS.
1652 995 1849 1026 membrana-

1125 1061 1190 1087 ceo,
1213 1051 1356 1091 pulchro,
1385 1056 1417 1080 et
1440 1055 1572 1086 vetusto,
1604 1048 1637 1078 in
1663 1044 1852 1078 bibliotheca

1125 1102 1249 1143 publicai
1265 1101 1445 1133 Academiae
1465 1098 1740 1140 Cantabrigiensis‚
1761 1097 1854 1128 nobis

1125 1155 1248 1186 collato.

1171 1206 1252 1238 Ibid.
1278 1217 1374 1246 neque
1388 1206 1531 1245 contagia
1539 1205 1636 1245 flevit:
1660 1203 1701 1232 ob
1715 1200 1860 1232 rationes·

1125 1259 1212 1290 datas
1241 1269 1350 1298 nuper,
1381 1268 1400 1288 a
1427 1267 1490 1287 ver.
1519 1258 1592 1288 679.
1621 1253 1660 1285 ad
1688 1263 1750 1285 ver.
1777 1255 1851 1284 686.

1126 1321 1223 1352 quum
1240 1320 1302 1340 non
1318 1310 1381 1340 sint
1395 1309 1504 1349 utique
1517 1308 1577 1338 hoc
1591 1311 1681 1346 pacto
1695 1314 1806 1344 corpus
1820 1309 1853 1334 ct

1125 1362 1229 1393 anima
1252 1361 1326 1391 satis
1351 1359 1418 1390 arta
1442 1359 1586 1389 societate
1606 1357 1719 1394 vincta,
1744 1362 1850 1397 atque,

1125 1420 1160 1444 ut
1175 1413 1218 1444 ita
1233 1412 1344 1448 dicam,
1361 1410 1506 1450 primitus
1517 1407 1696 1448 condepsita
1706 1407 1741 1437 in
1751 1415 1851 1437 unam

1125 1467 1262 1505 συμπαθῆ
1277 1462 1466 1504 congeriem.

1166 1516 1242 1545 Ver.
1259 1517 1331 1545 741.
1353 1516 1456 1544 triste:
1482 1511 1501 1542 i.
1518 1522 1544 1542 e.
1565 1522 1686 1543 savum.
1724 1506 1858 1540 Nonius'

1126 1565 1307 1602 Marcellus,
1341 1565 1361 1594 i.
1387 1568 1415 1595 9.
1449 1566 1471 1581 “
1498 1564 1610 1600 Triste,
1633 1560 1768 1597 crudele,
1790 1559 1851 1590 im-

1126 1621 1148 1636 “
1164 1617 1248 1647 mite.
1271 1614 1436 1656 Virgilius,
1454 1614 1528 1644 AEn.
1544 1613 1576 1644 ii.
1590 1615 1664 1644 548.

1474 1679 1510 1703 illi
1522 1686 1582 1704 mea
1594 1678 1676 1703 tristia
1686 1676 1836 1703 ἕξετε-θ’

1170 1750 1250 1781 Ibid.
1273 1752 1358 1781 triste
1375 1751 1494 1780 leonum
1506 1748 1683 1778 Scmiuium.
1705 1745 1851 1776 Verbum

1126 1803 1219 1833 verbo
1234 1801 1368 1832 reddidit
1383 1800 1592 1836 Mantuanus,
1615 1807 1682 1838 geo.
1698 1796 1729 1826 ii.
1747 1797 1818 1827 151.
1853 1827 1860 1835 ι

1187 1879 1222 1903 At
1237 1877 1336 1902 rabidae
1348 1876 1429 1909 tigres
1439 1876 1548 1905 absunt,
1563 1876 1592 1899 et
1601 1879 1677 1898 seva
1688 1872 1787 1897 leonum

1188 1917 1359 1942 Sentina-—.

1128 1985 1325 2025 Subjungain
1342 1983 1488 2020 Statium,
1505 1980 1620 2012 Achill.
1635 1980 1667 2010 ii.
1683 1983 1755 2010 408.

1351 2057 1432 2082 tristes
1443 2056 1550 2081 turbare
1563 2054 1692 2080 cubilibus
1703 2061 1786 2078 ursas.

1167 2131 1242 2160 Ver.
1270 2133 1340 2160 749.
1371 2130 1558 2160 Seminium:
1592 2131 1627 2158 Σ.
1659 2127 1858 2162 δεηίπιίιιηηῖ

1126 2182 1262 2214 confusis
1297 2181 1524 2212 elementorum
1557 2174 1855 2218 ductibus—volpe?

1125 2236 1223 2265 dolus.-
1249 2235 1317 2263 haec
1344 2239 1390 2262 est
1412 2232 1556 2263 omnium
1581 2230 1733 2261 librorum
1754 2229 1850 2270 scrip*

1125 2292 1206 2323 tura,
1226 2284 1383 2316 Lambino
1397 2294 1452 2323 per
1465 2291 1623 2313 summam
1638 2280 1802 2311 audaciam
1815 2279 1861 2310 in*

1125 2339 1212 2368 dolus
1225 2338 1358 2377 vulpibus
1373 2341 1508 2372 mutata3
1535 2333 1605 2364 aliis
1619 2332 1849 2364 editoribus-te-

1126 2399 1210 2420 mere
1237 2395 1267 2419 et
1292 2388 1400 2418 inscite
1415 2385 1689 2418 consentientibus.
1735 2383 1854 2421 Confer

1127 2453 1175 2473 ras
1191 2453 1216 2473 v.
1233 2445 1305 2473 861.
1327 2443 1360 2472 in
1376 2442 1524 2472 omnibus
1537 2438 1720 2480 parallelum
1735 2438 1851 2470 locum.

1127 2495 1279 2525 —cervis.·
1305 2493 1403 2523 Vind.
1419 2493 1459 2523 V.
1475 2492 1521 2523 ed.
1548 2492 1594 2522 M.
1621 2490 1661 2521 Ο.
1692 2496 1730 2521 Δ.
1755 2496 1796 2521 Π.
1811 2493 1847 2522 Σ.

1130 2551 1174 2576 Ω..
1204 2555 1318 2579 cervos;
1354 2543 1439 2574 unde
1468 2541 1646 2583 conjectura
1673 2540 1877 2572 extudimun-

1128 2596 1265 2626 maxime
1295 2594 1545 2632 indubitabilem,
1568 2593 1629 2623 nisi
1657 2592 1747 2623 valde
1771 2590 1854 2643 falli'-

1128 2658 1212 2685 mur,
1243 2648 1372 2687 hujusce
1401 2646 1460 2677 loci
1487 2645 1732 2676 restitutionem:
1757 2645 1854 2684 quant

1129 2699 1277 2741 quicquid
1287 2706 1331 2729 est
1339 2698 1505 2728 hominum
1513 2696 1724 2726 venustiorum
1735 2694 1769 2724 in
1779 2704 1854 2725 con·

1131 2758 1252 2783 textum
1278 2756 1433 2790 receptam
1453 2746 1670 2779 lubentissime
1690 2745 1853 2784 vidisseutg

1132 2803 1186 2835 scd
1200 2802 1361 2834 modestiae
1376 2802 1454 2832 fines
1468 2799 1620 2830 nolumus
1628 2796 1854 2835 transcendere.

1135 2866 1234 2898 neque
1262 2854 1421 2895 malignis,
1450 2852 1562 2894 quibus
1587 2857 1662 2883 aetas
1684 2855 1788 2882 nostru
1809 2852 1854 2879 est
