1912 3292
329 206 422 246 342
832 198 893 248 T.
931 198 1310 249 LUCRETII

471 329 610 372 Multo
630 331 834 387 antiquius
853 339 928 383 est,
950 346 1075 388 quam
1094 333 1186 374 lecti
1205 331 1342 374 mollia
1362 339 1500 374 strata:

471 404 527 446 Et
547 405 688 447 sedare
707 406 814 448 sitim
834 408 947 463 prius
966 417 1040 459 est,
1064 422 1187 464 quam
1206 407 1368 463 pocula,
1390 415 1545 449 natum.

529 478 639 520 Haec
658 480 783 536 igitur
801 489 972 535 possunt
990 481 1139 523 utundi
1160 481 1323 538 cognita
1344 481 1484 523 caussa

357 557 439 593 850
471 552 656 604 Credier,
678 569 731 596 ex
750 570 827 597 usu
847 570 940 611 quae
960 565 1069 606 sunt,
1090 555 1268 612 vitaque,
1297 564 1471 612 reperta:

469 628 543 669 Illa
562 629 728 684 quidem
749 643 945 679 seorsum,
967 638 1062 671 sunt
1079 631 1219 671 omnia
1238 645 1332 686 quae
1350 631 1463 686 prius
1483 630 1571 686 ipsa

469 701 594 750 Nata,
617 701 766 742 dedere
785 716 870 742 suae
888 710 981 756 post
1001 703 1189 744 notitiam
1209 703 1405 744 utilitatis:

471 774 569 822 Quo
588 788 739 830 genere
758 775 802 814 in
821 775 967 829 primis
987 790 1141 826 sensus,
1163 784 1203 817 et
1223 776 1422 827 membra,
1443 777 1642 819 videmus.

471 846 566 896 Qua
587 862 632 888 re
652 848 775 889 etiam
796 857 918 905 atque
937 850 1059 892 etiam
1078 851 1223 906 procul
1242 860 1316 902 est,
1338 862 1386 895 ut
1406 852 1571 894 credere
1589 851 1733 908 possiS,

357 926 437 961 855
471 921 669 962 Utilitatis
689 922 743 963 ob
763 922 958 964 obficium
977 925 1156 979 potuisse
1175 927 1316 966 creari.

529 995 636 1036 Illud
656 997 755 1037 item
774 1011 861 1038 non
882 1006 942 1039 est
960 999 1212 1049 mirandum,
1234 1000 1416 1054 corporis
1436 1000 1524 1055 ipsa

471 1069 600 1118 Quod
619 1077 767 1112 natura
786 1071 924 1113 cibum
945 1074 1094 1129 quaerit
1113 1074 1339 1130 quoiusque
1359 1074 1589 1115 animantis.

471 1143 639 1199 Quippe
660 1153 700 1186 et
720 1146 830 1187 enim
842 1147 992 1199 fluere,
1013 1157 1135 1205 atque
1155 1149 1359 1200 recedere,
1381 1164 1556 1205 corpora
1575 1148 1695 1191 rebus

470 1216 625 1270 Multa,
647 1220 780 1261 modis
799 1222 950 1273 multis,
973 1223 1110 1265 docui:
1143 1224 1213 1266 sed
1233 1224 1409 1280 plurima
1427 1224 1580 1266 debent

326 1390 371 1421 Et
385 1389 525 1420 conferas
541 1390 615 1421 [En.
631 1391 684 1421 xii.
700 1394 772 1424 598.
819 1393 935 1424 Contra
950 1401 1051 1426 vetus-

327 1448 375 1472 tos
390 1448 497 1473 tamen
512 1442 617 1481 libros,
627 1443 681 1484 qui
692 1444 795 1475 nullas
805 1444 977 1477 lectionum
989 1447 1051 1477 dis-

330 1494 551 1525 similitudines
565 1495 713 1534 produnt,
725 1496 804 1526 nihil
820 1507 910 1528 novo.

369 1546 444 1576 Ver.
460 1550 531 1577 843.
553 1549 658 1578 lucida
674 1549 744 1579 tela.
789 1549 863 1580 Hoc
885 1549 980 1580 etiam
1002 1561 1051 1580 ar-

326 1598 422 1637 ripuit
436 1608 492 1638 pro
507 1609 595 1629 more
610 1600 776 1640 Virgilius,
792 1601 832 1631 ad
848 1602 922 1632 AEn.
937 1612 965 1632 v.
979 1606 1051 1632 506.

326 1660 401 1680 narn
417 1650 455 1680 de
470 1650 568 1680 altero
583 1650 663 1688 loco,
681 1651 757 1680 AEn.
771 1651 823 1681 vii.
839 1655 911 1682 626.
928 1658 1052 1682 senten-

326 1702 404 1731 tiam
427 1711 491 1731 non
515 1701 727 1740 poenitendam
742 1703 998 1742 interposuimus,
1013 1704 1054 1735 ad

326 1763 386 1783 ver.
403 1756 476 1784 250.
493 1753 553 1783 hoc
572 1753 664 1784 libro:

390 1826 502 1851 Gnossia
512 1826 574 1851 bina
585 1826 666 1856 dabo,
676 1826 776 1852 laevato
789 1827 874 1852 lucida
886 1827 968 1859 ferro,

389 1866 529 1899 spicula—.

371 1930 444 1960 Ver.
461 1933 532 1961 845.
555 1932 659 1961 daret:
675 1931 715 1961 V.
732 1930 781 1961 ed.
797 1932 833 1962 B.
850 1934 1053 1972 dara—par-

328 1984 392 2014 mn'i
407 1984 481 2013 loeva
491 1995 500 2012 :
528 1988 570 2012 Π.
581 1984 679 2021 pena'i
688 1993 780 2022 pena.

374 2032 454 2062 Ibid.
470 2033 615 2071 olgy'ectum
625 2046 634 2062 :
654 2034 803 2075 τραέοληι·
820 2039 856 2063 ut
871 2040 958 2064 vetus
971 2035 1054 2076 glos-

328 2083 455 2114 sarium.
499 2082 666 2123 Virgilius,
684 2084 757 2113 ]En.
775 2084 827 2114 xii.
843 2087 915 2115 577.

462 2149 542 2182 clypeo
554 2150 642 2182 objecto
653 2156 796 2175 conversus
808 2151 834 2175 in
844 2151 990 2177 hostem-.

374 2207 457 2237 Ibid.
477 2218 534 2247 per
549 2214 654 2238 artem.
680 2207 771 2237 Idem
788 2219 931 2240 summus
945 2211 1055 2241 artifex

330 2260 410 2289 hanc
425 2259 520 2289 etiam
535 2259 661 2298 phrasin
675 2259 828 2298 adhibuit,
843 2270 913 2300 geo.
934 2261 954 2292 i.
989 2265 1057 2292 122.

333 2317 363 2341 et
378 2311 466 2341 alibi:

680 2393 835 2424 primusque
843 2395 889 2425 per
900 2396 982 2418 artem

393 2431 480 2455 Movit
490 2437 607 2463 agros—-

374 2502 449 2532 Ver.
461 2505 533 2533 847.
555 2504 731 2542 antiquius.—
751 2503 791 2534 V.
805 2502 851 2534 ed.
864 2502 990 2534 exhibet
999 2515 1056 2534 an-

333 2554 445 2593 tiquus.

377 2604 458 2634 Ibid.
483 2606 585 2635 mollia
597 2611 702 2635 strata.
751 2604 991 2635 Animadvertas
1005 2615 1057 2635 ve-

333 2655 390 2686 lim
405 2667 495 2687 aures
510 2657 608 2695 po'etae
624 2657 720 2687 nostri
737 2656 888 2696 duriores,
911 2668 975 2688 non
996 2657 1057 2688 for·

336 2710 490 2740 midantes
506 2711 657 2751 syllabam
682 2724 720 2742 τε
742 2713 846 2742 mollia
873 2718 1060 2751 postremam

334 2760 486 2798 corripere
511 2762 555 2792 sic
581 2763 723 2802 positam.
769 2763 937 2799 Caeterum,
967 2762 1059 2792 Maro

334 2813 457 2851 phrasin
474 2813 512 2844 de
527 2814 617 2846 solito
631 2816 690 2847 sibi
716 2822 878 2847 mutuatus
902 2822 958 2855 est,
985 2815 1059 2846 -OEn-

336 2862 398 2894 viii.
413 2866 486 2896 415.

1158 1395 1277 1421 Mollibus
1287 1402 1303 1420 e
1317 1396 1403 1421 stratis
1413 1403 1494 1429 opera
1504 1397 1538 1421 ad
1549 1396 1652 1422 fabrilia
1661 1397 1755 1430 surgit.

1139 1469 1212 1500 Ver.
1228 1473 1301 1501 849.
1325 1471 1422 1501 Haec:
1449 1470 1486 1500 B.
1513 1471 1681 1501 *Vca—-Et
1697 1477 1822 1511 possent

1095 1520 1192 1561 vulgo
1213 1521 1290 1550 solet
1311 1521 1370 1556 edi,
1396 1527 1504 1551 contra
1525 1521 1754 1552 libros—Mox
1778 1521 1818 1554 V.

1095 1571 1143 1602 ed.
1162 1574 1298 1604 Credere.

1140 1631 1214 1661 Ver.
1227 1634 1298 1662 851.
1309 1642 1457 1664 seorsum.-
1475 1633 1494 1663 i.
1504 1643 1529 1663 e.
1543 1633 1662 1664 divemo
1673 1638 1819 1673 ternpore,

1096 1692 1191 1722 quam
1213 1692 1276 1722 quo
1297 1689 1371 1713 nata
1395 1684 1468 1723 sint,
1491 1684 1531 1715 ad
1554 1695 1629 1716 usus
1654 1685 1819 1716 hominum

1096 1733 1246 1772 perducta
1260 1741 1342 1765 sunt.

1140 1794 1214 1824 Ver.
1239 1797 1310 1826 854.
1346 1794 1432 1830 Qud:
1456 1796 1497 1826 V.
1528 1795 1575 1826 ed.
1609 1798 1686 1833 Quen·
1712 1797 1750 1828 B.
1781 1797 1822 1828 0.

1102 1846 1342 1885 Quem—possis.-
1362 1853 1403 1877 11.
1409 1849 1522 1886 possit;
1541 1847 1639 1878 scriba
1650 1847 1688 1878 de
1702 1850 1825 1880 credie*-

1098 1897 1131 1926 in
1148 1907 1207 1928 ver.
1222 1901 1294 1929 850.
1317 1899 1607 1939 cogitante—Mox
1629 1899 1712 1930 idem
1734 1900 1822 1938 liber,

1105 1951 1239 1981 Utilitas.

1141 2010 1215 2039 Ver.
1229 2013 1301 2041 856.
1317 2013 1404 2041 item:
1421 2017 1461 2042 n.
1473 2011 1647 2042 idem—In
1659 2012 1708 2042 his
1715 2018 1823 2043 autem

1099 2068 1204 2091 noster
1219 2062 1320 2092 tacitae
1335 2063 1499 2103 objectioni
1515 2074 1676 2096 occurrere
1690 2065 1819 2097 videtur.

1100 2117 1122 2132 “
1142 2114 1194 2144 An
1210 2124 1274 2144 non
1289 2115 1346 2145 hae
1361 2115 1430 2155 lege
1446 2116 1563 2146 factum
1579 2123 1624 2147 est
1639 2127 1764 2158 corpus,
1786 2125 1822 2149 ut

1099 2173 1123 2188 ‘¹
1137 2170 1306 2200 necessario
1330 2171 1434 2200 statim
1456 2171 1560 2201 cibum
1575 2178 1702 2211 cuperet
1716 2182 1821 2212 posce-

1101 2223 1123 2238 “
1139 2219 1264 2261 retque?
1289 2221 1355 2252 En!
1384 2221 1487 2262 itaque
1514 2221 1639 2252 finalem
1665 2233 1824 2261 caussam;

1102 2276 1125 2290 “
1141 2272 1201 2302 nisi
1217 2272 1310 2309 dicas,
1327 2273 1470 2303 homines
1485 2284 1547 2304 non
1563 2284 1598 2304 se
1622 2275 1710 2313 prius
1724 2275 1764 2306 ad
1779 2275 1823 2306 ci-

1103 2328 1125 2344 “
1141 2326 1197 2354 bos
1218 2323 1396 2362 contulisse,
1423 2330 1454 2355 et
1477 2324 1589 2355 edendi
1605 2326 1758 2356 rationem
1772 2325 1821 2356 in-

1103 2380 1125 2395 “
1141 2377 1270 2414 venisse,
1296 2387 1389 2418 quam
1417 2377 1449 2406 in
1464 2377 1596 2418 longum
1617 2377 1824 2417 duravissent,

1104 2433 1126 2449 ‘⁴
1142 2436 1173 2460 et
1187 2440 1225 2460 ex
1240 2440 1300 2460 usu
1325 2430 1474 2470 magistro
1499 2430 1626 2460 tandem
1647 2436 1747 2461 anem
1760 2431 1822 2462 cibi

1103 2484 1125 2499 “
1141 2481 1285 2511 sumendi
1300 2480 1510 2512 didicissent.”
1543 2481 1631 2512 Huic
1639 2489 1826 2522 argumento

1102 2537 1260 2573 utcunque
1275 2531 1438 2571 respondet
1448 2533 1615 2563 Lucretius
1625 2533 1659 2562 in
1670 2532 1826 2574 sequenti-

1100 2585 1294 2614 bus—Mox
1310 2584 1347 2614 P.
1368 2587 1458 2618 Quid.
1720 2588 1723 2591 “

1146 2645 1220 2674 Ver.
1236 2648 1311 2675 858.
1335 2651 1446 2686 atque:
1475 2651 1515 2676 Π.
1537 2656 1591 2680 ac,·
1615 2643 1700 2674 unde
1722 2643 1827 2685 legen-

1104 2695 1182 2725 dum
1197 2695 1288 2725 forte:

1297 2779 1389 2809 fluere,
1400 2786 1430 2804 ac
1439 2778 1563 2809 decedere,
1573 2784 1686 2810 corpora
1697 2778 1783 2804 rebus.

1106 2855 1255 2887 conferas
1269 2854 1362 2885 velim
1378 2855 1398 2886 i.
1413 2859 1485 2888 681.
