1912 3292
494 232 725 281 LIBER
762 233 1141 290 QUARTUS.

111 356 190 397 170
221 356 472 414 TempestaS,
493 373 567 414 per
586 375 710 416 quam
729 362 864 404 subito
882 363 931 405 fit
949 365 1115 407 turbida
1132 365 1223 408 fede

222 431 430 487 Undique,
449 432 531 472 utei
552 433 738 475 tenebras
759 437 915 478 omneis
935 437 1177 482 Acherunta
1196 441 1320 483 rearis

215 503 414 559 Liquisse,
436 511 477 544 et
495 519 665 562 magnas
685 508 775 548 coeli
795 510 1002 565 conplesse
1022 527 1228 555 cavernas.

217 576 356 631 Usque
375 576 493 627 ade0,
515 579 618 620 tetra
639 581 875 625 nimborum
894 593 1015 626 nocte
1035 586 1192 638 coorta,

212 649 445 703 Inpendent
463 659 563 692 atrae
587 653 834 698 Formidinis
855 672 928 699 ora
947 674 1137 715 superne:

100 723 178 762 175
210 721 401 770 Quorum
421 727 616 780 quantula
634 743 728 783 pars
749 731 800 771 sit
818 732 972 789 imago,
993 733 1130 775 dicere
1149 749 1272 776 nemo
1292 742 1352 778 est

209 795 294 844 Qui
312 798 454 851 possit,
476 814 609 856 neque
627 817 717 843 eam
738 805 940 847 rationem
959 806 1131 849 reddere
1149 795 1278 850 dictis.

266 870 390 913 Nunc
410 888 500 929 age,
532 889 656 930 quam
675 877 794 919 celeri
815 887 931 922 motu
951 881 1166 923 simulacra
1184 882 1384 935 ferantur,

205 943 262 984 Et
281 959 374 1001 quae
393 947 596 990 mobilitas
617 950 718 1002 ollis,
741 954 997 996 tranantibus
1017 970 1152 1006 auraS,

91 1097 215 1128 Quaeque
224 1096 295 1123 freto
302 1105 374 1123 cava
385 1101 502 1127 caeruleo
512 1102 608 1128 cortina
618 1108 749 1138 receptat.

60 1159 264 1199 Pmdentius,
281 1162 413 1194 hamart.
431 1166 481 1196 70.

90 1239 150 1263 Una
162 1247 210 1271 per
220 1241 379 1268 immensam
390 1244 445 1269 coeli
455 1253 566 1271 caveam
577 1248 712 1274 revolutos

87 1280 192 1306 Praebet
203 1281 313 1308 flamma
325 1284 389 1309 dies.

55 1356 124 1388 Nos
139 1359 292 1399 similiter,
307 1364 356 1392 tlze
371 1365 455 1394 vault
469 1363 507 1404 ρ’(
520 1366 640 1396 heaven.
677 1366 777 1396 Caete-

53 1417 132 1445 rum,
155 1420 260 1441 versus
279 1412 480 1451 Varroniani,
503 1425 581 1454 quos
602 1416 778 1447 Lambinus

51 1460 200 1501 admovit,
227 1469 300 1493 sunt
321 1463 530 1503 pulcherrimi.
577 1467 713 1506 Servius,
737 1469 777 1498 ad

53 1512 128 1543 AEn.
156 1513 188 1543 ii.
220 1517 336 1546 19.——“
352 1516 562 1558 quodcunque
598 1518 632 1548 in
668 1529 777 1550 arcum

50 1566 73 1581 “
89 1563 259 1596 formatum
271 1571 531 1603 est,—cavernam
543 1569 604 1600 dici
615 1570 774 1602 tradunt.”

53 1613 147 1645 Unde
175 1617 244 1646 coelz'
271 1619 420 1657 ingentez's
448 1620 600 1660 fornices,
633 1622 773 1661 Ennius;

50 1675 144 1706 quem
159 1667 258 1698 Faber
273 1669 415 1708 apposuit
430 1670 503 1701 huic
517 1671 594 1702 loco.

89 1717 166 1748 Ver.
192 1721 263 1749 175.
288 1722 458 1752 nimborum
484 1728 580 1753 nocte.
626 1723 714 1754 Hinc
739 1735 772 1755 e-

49 1767 125 1798 tiam
140 1769 295 1810 Virgilius
316 1771 460 1803 flosculos
476 1773 613 1814 collegit,
640 1775 679 1805 ad
703 1786 772 1817 geo.

50 1822 71 1853 ἰ.
87 1827 159 1854 528.

76 1900 135 1930 Ipse
145 1902 231 1930 Pater,
242 1902 329 1927 media
340 1903 482 1929 nimborum
492 1904 519 1929 in
531 1908 610 1936 nocte,
620 1906 730 1931 corusca

76 1938 198 1964 Fulmina
209 1940 320 1966 molitur
331 1942 470 1968 dextra—-

46 2000 90 2030 Et
103 2001 181 2032 tec'ra‘
197 2009 242 2033 est
255 2004 365 2044 mgni,-
389 2006 428 2036 de
444 2006 506 2047 qua
527 2017 601 2038 voce
617 2019 689 2038 sum
703 2009 769 2039 dic-

43 2057 132 2083 turus
146 2054 240 2085 etiam
255 2055 295 2086 ad
310 2067 336 2087 v.
356 2061 446 2088 1301.
498 2059 692 2090 Glossarium
716 2071 767 2091 ve-

41 2107 109 2133 tus:
135 2107 158 2123 ‘⁶
179 2107 315 2145 Tetrum,
339 2108 465 2147 μελαν.”
509 2109 620 2150 Dictys
636 2112 766 2142 Creten-

43 2155 91 2189 sis,
117 2155 137 2185 i.
153 2159 273 2187 21.—“
289 2158 370 2188 inter
385 2170 455 2200 quae
477 2165 543 2190 tam
564 2168 654 2199 tetra,
679 2163 767 2193 nulla

42 2207 64 2223 ‘⁵
81 2207 185 2246 requie
205 2209 404 2248 tempestatis,
430 2211 608 2248 Menelaiis,
630 2223 704 2243 cum
718 2215 766 2245 his

41 2258 65 2274 “
82 2257 136 2296 qui
161 2258 346 2290 sacrificium
370 2263 529 2298 curabant,
554 2269 641 2294 metu
671 2271 765 2305 atque

41 2311 64 2325 “
82 2308 274 2341 haesitatione
289 2312 323 2342 in
338 2312 456 2343 diversa
475 2315 654 2354 agebatur.”
700 2316 764 2347 Ubi

40 2358 171 2389 scribere
185 2362 281 2399 possis
295 2362 479 2403 elegantius,
492 2371 524 2394 et
537 2365 673 2396 fortassis
684 2376 761 2403 vere,

40 2408 80 2438 ad
108 2410 190 2441 hanc
218 2422 417 2444 normam—2
453 2419 474 2434 “
490 2415 571 2444 inter
599 2427 668 2456 quae
697 2423 762 2448 tam

37 2463 61 2479 ‘⁵
77 2466 174 2499 teto-ce,
218 2463 307 2493 nulla
345 2465 462 2505 requie,
505 2468 760 2506 tempestatis—.”

40 2511 193 2552 Avienus,
209 2524 252 2545 or.
269 2516 373 2547 marit.
391 2521 462 2547 660.

221 2605 314 2615 ——
323 2598 388 2620 tetra
397 2603 450 2620 nox
461 2597 532 2622 coelo
544 2598 606 2622 ruit.

35 2654 199 2694 ApuleiuS‚
226 2663 298 2688 met.
322 2659 362 2689 vi.
377 2670 407 2698 p.
423 2663 494 2691 401.
518 2664 540 2679 “
556 2668 677 2692 -tetra
700 2674 758 2693 noa:

35 2708 57 2724 “
72 2707 305 2739 exantlata—.'‘
352 2710 479 2740 Addam
501 2712 636 2742 eundem
661 2712 755 2744 Avie-

33 2766 123 2796 num,
139 2759 227 2791 Arat.
243 2763 313 2791 675.
336 2771 443 2791 rursus
458 2768 684 2802 opportunum:

33 2842 108 2865 Tum
120 2849 237 2875 quoque,
247 2845 268 2870 si
277 2846 372 2878 piceam
383 2848 508 2879 spectaris
517 2855 626 2881 surgere
635 2853 740 2880 noctem,

31 2880 180 2917 Informem
193 2885 261 2910 tetris
272 2886 396 2913 tellurem
408 2892 439 2913 ut
450 2889 547 2914 vestiat
558 2889 616 2920 alis,

26 2919 107 2945 Litus
116 2927 247 2948 ama—.

826 1109 1033 1148 Novatianus,
1050 1110 1138 1150 epist.
1154 1110 1194 1141 ad
1212 1111 1289 1150 Cyp.
1301 1112 1358 1142 sub
1371 1110 1424 1143 fin.
1448 1114 1471 1131 “
1487 1112 1552 1144 Pa-

825 1163 848 1179 “
863 1161 942 1191 ravit
960 1161 1203 1192 inaccessibilem
1217 1161 1333 1200 lucem,
1360 1162 1414 1193 sed
1434 1163 1553 1202 paravit

824 1214 848 1230 ‘⁴
863 1212 956 1242 etiam
971 1217 1129 1251 perpetuae
1142 1214 1240 1243 noctis
1262 1217 1380 1242 vastam
1396 1218 1428 1243 et
1440 1220 1551 1246 tetram

825 1266 847 1281 “
862 1263 1058 1303 cah‘gz'nemss'
1102 1263 1212 1294 Addas
1227 1263 1393 1295 Alcimum
1409 1265 1550 1302 Avitum,

822 1315 866 1346 iii.
881 1318 932 1347 55.

836 1392 907 1416 Cum
919 1391 1023 1423 plueret
1034 1397 1087 1416 nox
1099 1394 1163 1416 tetra
1174 1391 1259 1422 focos,
1271 1391 1396 1423 coeloque
1407 1393 1521 1419 caducae

836 1430 905 1456 A'cra
916 1438 963 1462 per
973 1431 1091 1456 calidum
1102 1431 1233 1456 stillarent
1243 1431 1362 1463 undique
1372 1435 1483 1457 mortes.

865 1494 936 1524 Ver.
955 1497 1024 1526 174.
1047 1500 1125 1525 atrae
1142 1496 1334 1526 Formidinis
1349 1507 1412 1526 ora.
1451 1495 1548 1527 Hanc

819 1546 992 1587 imaginem
1007 1547 1174 1577 sublimem
1190 1546 1344 1588 Virgilius
1358 1547 1393 1577 in
1408 1548 1548 1588 proprios

819 1609 894 1629 usus
909 1598 1078 1638 transtulit,
1094 1598 1135 1629 ad
1152 1599 1226 1630 AEn.
1242 1598 1295 1630 xii.
1310 1601 1384 1630 555.

1041 1683 1199 1715 circumque
1208 1687 1274 1709 atrae
1284 1683 1433 1709 Formidinis
1444 1692 1499 1709 ora.

859 1756 933 1786 Ver.
951 1760 1022 1788 175.
1044 1760 1162 1797 imago:
1199 1768 1312 1797 nempe
1340 1758 1374 1788 in
1403 1758 1543 1797 speculo;

816 1806 840 1836 si
857 1807 952 1837 modo
966 1808 1065 1846 po'e'tae
1087 1818 1205 1846 sensus,
1227 1808 1282 1848 qui
1297 1808 1376 1838 mihi
1398 1809 1544 1840 videntur

816 1859 1009 1896 subobscuri,
1026 1864 1186 1898 penetrare
1200 1859 1332 1890 valeam.

859 1909 933 1939 Ver.
952 1913 1021 1941 176.
1032 1913 1145 1950 possit:
1173 1917 1214 1941 n.
1225 1913 1541 1951 poscit—rationem.-

814 1958 850 1990 L.
868 1960 916 1990 M.
931 1963 1244 1992 rotiana—reddere:
1273 1969 1314 1992 H.
1328 1964 1440 1993 dicere.

859 2009 930 2042 Ver.
949 2015 1019 2044 177.
1051 2013 1103 2043 De
1128 2016 1276 2044 tenuitate
1301 2014 1541 2045 simulacrorum

812 2061 892 2092 dixit
906 2062 939 2092 in
955 2063 1179 2102 superioribus;
1198 2065 1267 2105 jam
1282 2066 1383 2105 pergit
1399 2067 1538 2096 celerita-

810 2120 868 2144 tem
884 2113 1047 2146 declarare.
1092 2116 1201 2152 Porro,
1217 2116 1305 2147 locus
1319 2117 1460 2156 Epicuri,
1476 2119 1540 2148 huc

809 2165 978 2205 pertinens,
998 2177 1092 2206 quem
1108 2167 1282 2198 Lambinus
1296 2168 1467 2208 adscripsit,
1493 2169 1539 2199 le-

808 2218 893 2258 gitur
916 2218 949 2247 in
972 2219 1066 2259 Diog.
1087 2219 1191 2251 La'e'rt.
1205 2230 1234 2250 x.
1251 2224 1301 2251 46.
1326 2227 1382 2252 Και
1406 2235 1463 2261 μην
1486 2236 1537 2253 και

808 2270 824 2302 ᾖ
841 2269 886 2300 δια
902 2282 939 2300 τε
954 2282 1018 2301 new
1034 2271 1105 2312 (των
1123 2270 1253 2312 affluam)
1277 2279 1355 2314 φορα,
1380 2286 1463 2303 κειται
1477 2286 1536 2312 μη-

807 2320 902 2360 δξμίαν
916 2334 1078 2356 oeWoeV‘an'lV
1093 2336 1148 2353 ‘salv
1160 2325 1384 2361 ὥψῗλκθψαψῒων
1394 2336 1535 2363 γίνθμὲνη,

807 2384 866 2403 παν
884 2386 977 2412 μηκας
1001 2381 1175 2416 περιληπτον
1199 2388 1223 2406 εν
1250 2387 1421 2416 απερινοητῳ
1443 2388 1536 2416 χρονῳ

805 2431 941 2455 curer-2221.

850 2475 923 2506 Ver.
954 2477 1025 2507 178.
1056 2479 1251 2508 tranantibus
1276 2488 1380 2507 auras.
1426 2478 1530 2516 Maro,

805 2526 880 2557 AEn.
895 2525 934 2556 vi.
952 2529 1000 2557 16.

833 2611 969 2642 Daedalus,
980 2615 1011 2637 ut
1024 2613 1099 2638 fama
1108 2617 1158 2643 est,
1169 2613 1274 2645 fugiens
1285 2612 1387 2637 Mino'ia
1398 2619 1491 2644 regna,

831 2651 993 2683 Praepetibus
1006 2653 1098 2684 pennis
1109 2660 1186 2677 ausus
1196 2660 1223 2678 se
1234 2653 1354 2682 credere,
1365 2652 1424 2676 coelo

832 2691 971 2715 Insuetum
984 2699 1032 2723 per
1042 2693 1092 2717 iter
1102 2692 1202 2724 gelidas
1212 2692 1305 2717 enavit
1315 2692 1349 2716 ad
1359 2693 1469 2717 Arctos:

797 2763 1067 2803 quemadmodum
1081 2775 1138 2795 nos
1153 2765 1308 2795 verissime
1323 2775 1429 2795 versus
1450 2774 1525 2795 con-

799 2814 959 2846 stituimus
984 2815 1018 2845 in
1044 2815 1180 2846 editione
1205 2816 1326 2854 nostr&
1360 2817 1422 2853 ubi,
1454 2828 1525 2858 quae

800 2867 950 2907 diximus,
975 2868 1108 2899 videnda
1122 2875 1210 2900 sunt:
1236 2879 1321 2906 nam,
1348 2880 1447 2910 quum
1461 2869 1524 2901 dis-

800 2919 910 2950 tinctio
935 2920 974 2951 ad
991 2923 1110 2953 credere
1135 2921 1240 2952 minus
1265 2921 1357 2962 plena
1382 2921 1433 2961 sit,
1456 2932 1523 2952 non

733 2978 799 3014 Q5
