1912 3292
446 440 672 490 Carmine
695 437 773 487 vel
795 451 952 493 verso,
976 429 1224 496 nec-opini
1249 426 1396 477 corda
1416 422 1626 489 legentis

511 537 773 586 Subridens
796 533 933 582 tenui
964 529 1164 594 cuspide
1188 527 1295 574 fixit
1318 525 1453 573 acus:

447 635 730 686 Reclusitve
755 649 914 681 sacros
935 631 1124 686 latices,
1146 631 1394 691 praecepta
1417 618 1624 670 canendi

510 735 638 782 Pura
659 737 912 798 po'e’tarum
937 729 1141 777 duceret
1163 724 1295 772 unde
1321 721 1511 770 chorus.

449 832 496 881 Si
521 832 628 889 tibi,
654 828 934 878 MAECENAs!
972 825 1009 873 si
1032 824 1113 872 lex
1138 829 1320 869 aeterna
1346 816 1484 880 refigi

514 931 702 987 Posset,
726 935 783 976 ut
805 944 833 973 a
858 923 1037 990 Stygiis
1061 917 1386 985 regredereris
1412 912 1571 978 aquis3

450 1028 575 1085 Quae
600 1042 801 1089 magnos
825 1023 940 1071 olim
963 1020 1206 1069 refoveret
1231 1032 1348 1065 cura
1369 1017 1555 1078 poetas,

517 1124 617 1181 Qui
641 1124 889 1171 FLACCUM
915 1119 1189 1182 adspiceret
1206 1116 1594 1173 VmormUMque
1617 1105 1771 1163 favor,

454 1223 729 1273 Scribarum
752 1220 840 1266 hos
863 1218 992 1281 ipsos
1015 1214 1284 1279 polientem
1309 1210 1526 1272 aerugine
1551 1206 1732 1254 tinctos

522 1321 824 1384 Exciperent
849 1316 994 1364 hodie
1020 1329 1136 1362 cura
1159 1311 1392 1373 favorque
1415 1322 1571 1371 pares.

459 1421 801 1480 Donassetque
825 1415 1013 1462 utinam
1040 1410 1152 1460 coeli
1175 1405 1483 1472 indulgentia
1506 1402 1606 1451 sole

528 1518 652 1565 Tam
675 1515 835 1563 fausto
857 1513 973 1560 vitae
995 1510 1146 1558 limen
1170 1507 1292 1555 inire
1315 1503 1453 1552 mihi!

462 1615 612 1664 Nulla
634 1613 862 1678 fatigarat
885 1617 1180 1672 noctemque
1205 1605 1432 1667 diemque
1457 1598 1630 1648 miselli

526 1713 742 1762 Pectoris
766 1713 817 1759 in
841 1710 1010 1758 surdos
1025 1707 1162 1772 jacta
1185 1702 1382 1770 querela
1404 1708 1561 1749 notos.

463 1813 579 1861 Non
603 1812 773 1859 tritum
798 1807 969 1858 studiis
995 1805 1249 1869 doctisque
1272 1800 1517 1850 laboribus
1541 1811 1722 1845 annum

532 1906 730 1973 Frigida
753 1908 958 1955 lactarat
979 1904 1102 1961 laus,
1127 1910 1177 1950 et
1198 1900 1354 1948 inanis
1379 1900 1550 1946 honor.

471 2009 597 2058 Cum
622 2005 796 2071 quibus
819 2005 1005 2052 interea
1029 2001 1278 2050 sceleratae
1303 1996 1536 2047 convenit
1558 1992 1721 2050 aulae,-

537 2106 673 2162 Quos
695 2103 811 2153 belli
834 2102 989 2151 rabies
1015 2096 1387 2164 sanguinolenta
1401 2094 1566 2159 juvat3

474 2205 613 2262 Quos
636 2204 846 2250 immane
870 2198 1024 2256 nefas,
1046 2196 1182 2244 furor
1207 2203 1257 2244 et
1279 2191 1625 2259 lymphaticus,
1650 2188 1751 2253 egit
1760 2206 1842 2247 3-

539 2301 742 2350 Praemia
765 2297 924 2347 servili
954 2294 1235 2344 conditione
1259 2297 1474 2340 manent.

474 2400 605 2450 Feda
630 2396 938 2462 Superstitio,
962 2393 1235 2456 sincerique
1259 2389 1413 2438 inscia
1437 2386 1613 2444 cultus,

542 2498 635 2548 Cui
659 2497 856 2562 pariunt
880 2493 1075 2542 dubiam
1099 2505 1341 2556 poenaque
1365 2501 1600 2549 merxque
1622 2481 1786 2539 fidem,

481 2599 605 2656 Quae
630 2580 810 2646 subicit
833 2592 1032 2650 Christi,
1056 2589 1219 2639 solidis
1243 2587 1517 2642 adamante,
1543 2579 1780 2632 columnis

547 2694 779 2743 Ridicula
801 2691 1025 2758 fragilem
1049 2688 1308 2739 sedulitate
1331 2685 1542 2741 trabem;

484 2793 698 2842 Asseclis
720 2793 927 2856 pingues
951 2787 1250 2837 inhiantibus
1272 2783 1453 2848 ingerit
1476 2778 1609 2838 offas,

553 2890 704 2948 Queis
729 2889 872 2938 facile
896 2896 970 2938 est
991 2886 1238 2938 hominem
1260 2879 1576 2949 praeposuisse
1599 2876 1730 2925 DEo.
