1912 3292
344 219 434 259 M4
830 213 889 260 T.

938 212 1314 262 LUCRETH

538 350 570 371 “
594 344 701 386 Nam
715 345 803 399 jam
823 359 908 385 non
929 343 1076 386 domus
1096 344 1273 401 adcipiet
1293 354 1333 389 te
1351 347 1459 399 laeta,
1482 363 1614 406 neque
1633 365 1745 394 uxor

480 423 511 446 “
534 417 733 474 Optuma,
756 432 832 459 nec
852 417 990 460 dulces
1010 417 1232 462 obcurrent
1251 420 1389 463 oscula
1407 423 1517 464 natei

333 575 481 614 cideram,
503 585 567 606 non
590 581 704 606 temere
723 574 951 614 repudiandum
969 580 1056 615 puto,

331 626 474 668 quamvis
488 626 680 657 rarissimum
700 627 740 657 sit
755 626 955 658 vocabulum:
982 637 1057 656 nam

331 677 530 709 Varroniana
550 679 670 717 phrasis
685 678 724 709 de
744 680 911 714 anseribus,
935 689 968 709 re
982 684 1056 710 rust.

329 730 374 761 iii.
393 734 442 761 10.
458 733 488 761 5.
509 731 690 770 abrumpunt
715 733 836 770 collum,
863 730 948 761 haud
963 731 1057 762 dubie

331 781 470 822 genuina
484 787 546 818 est;
569 786 724 820 receptam
739 782 824 811 enim
839 781 980 821 pluribus
994 782 1055 813 lec-

331 833 462 870 tionem,
486 835 508 850 ‘⁴
524 834 709 872 abrumpunt
731 832 882 871 collum,'’
905 844 988 874 aegre
1002 845 1055 874 pa-

328 884 434 922 tietur,
450 889 487 914 ut
501 893 572 914 mea
586 883 645 914 fert
659 885 820 920 sententia,
837 895 922 924 purae
934 886 1055 916 Latini-

326 934 399 965 tatis
416 934 503 965 ratio.
548 933 668 964 Eadem
690 935 818 965 nomina
834 935 966 966 librariis
980 947 1054 967 con·

328 985 506 1017 funduntur
521 985 560 1016 ad
575 986 642 1016 Liv.
658 986 697 1016 vi.
714 990 761 1017 17.
774 990 802 1016 2.
827 987 912 1022 Quid
927 988 1053 1019 autem?

327 1037 404 1069 Non
419 1037 463 1068 ita
482 1036 649 1078 magnifice
664 1037 802 1076 profecto
817 1037 856 1068 de
878 1048 929 1069 me
948 1039 1055 1075 sentio,

328 1094 365 1120 ut
384 1089 462 1120 citra
483 1089 700 1120 necessitatem
721 1089 800 1119 meis
815 1089 1058 1121 divinationibus

328 1141 435 1171 locum
461 1140 543 1175 dem,
569 1140 711 1181 quamvis
733 1141 792 1171 hoc
815 1146 954 1180 tempore
977 1141 1056 1172 mihi

328 1192 433 1223 videar
448 1202 503 1231 per
516 1193 572 1222 has
587 1191 771 1222 varietatum
793 1192 922 1222 nebulas
935 1192 1055 1223 verissi-

329 1255 416 1275 mam
446 1245 629 1284 scripturam
661 1243 798 1274 Lucretii
831 1243 946 1275 videre:
987 1255 1057 1285 quae

327 1295 445 1327 scilicet
473 1295 680 1336 exquisitioris
706 1301 751 1325 est
776 1296 969 1336 antiquitatis
993 1297 1055 1326 sor·

328 1347 427 1386 mula,
457 1353 549 1388 atque
570 1347 649 1377 adeo
672 1346 854 1377 inscitorum
883 1347 1054 1378 scribarum

326 1409 440 1430 manus
483 1399 678 1438 importunas
713 1399 837 1429 facilius
872 1409 960 1438 passa
996 1406 1050 1430 est.

328 1452 458 1492 Scripsit
481 1451 634 1482 nimirum
659 1452 758 1483 Carus
781 1458 894 1489 noster,
917 1459 971 1482 aut
994 1463 1053 1494 ego

326 1503 464 1536 multum
481 1503 586 1534 fallor:

357 1589 508 1622 Urguerive
517 1596 631 1621 superne
643 1589 765 1621 operitur»
777 1590 894 1621 pondere
906 1593 997 1615 terrae.

326 1654 408 1689 Quae
423 1653 515 1683 lectio
530 1652 652 1683 inscitia
667 1652 836 1682 scribarum
854 1653 886 1683 in
901 1655 1052 1689 obtre'lum,

325 1710 355 1734 et
370 1703 486 1734 similia
500 1703 685 1743 vulgariora,
704 1703 794 1733 facile
810 1704 1052 1744 detorqueretur.

326 1755 519 1794 Exemplum
554 1755 685 1795 hujusce
724 1755 834 1785 formae
872 1756 1054 1797 antiquioris

327 1813 430 1837 noster
445 1806 531 1837 dedit
544 1807 583 1837 ad
599 1807 617 1837 i.
633 1810 681 1838 7‘2.
706 1813 737 1837 et
751 1817 808 1837 nos
823 1808 966 1838 consulas
980 1809 1053 1839 ibid.

326 1868 386 1888 ver.
410 1862 481 1889 200.
506 1858 642 1897 Nonius,
666 1869 694 1888 x.
719 1862 768 1890 25.
797 1863 819 1877 “
840 1861 975 1899 Olim-ibo,
998 1871 1054 1899 pro

328 1913 348 1928 “
365 1910 511 1949 operiam.
556 1911 712 1950 Pompon.
736 1911 879 1942 Praesect.
903 1913 1048 1943 Morum:

358 1987 463 2011 “Pater
473 1989 514 2010 at.-
531 1988 571 2010 st!
591 1986 695 2016 Negato
713 1991 767 2010 esse
786 1985 845 2010 heic
865 1985 933 2010 med.-
957 1986 1054 2018 aperibo

480 2025 620 2057 “caput-'³

327 2091 378 2122 Sic
413 2089 595 2131 legendum,
632 2088 746 2128 partim
784 2099 858 2119 cum
896 2089 1052 2120 Palmero.

324 2141 426 2180 Libri,
440 2147 472 2172 nt
488 2147 543 2179 est,
569 2151 604 2171 ac
619 2151 674 2171 me.
718 2141 739 2172 J
742 2151 793 2170 am
809 2150 881 2170 vero
897 2141 1052 2180 scriptori-

326 2195 384 2224 bus
410 2192 537 2232 optimis
552 2191 767 2232 frequentatur
789 2193 919 2222 verbum
941 2197 1052 2232 operio,

324 2246 378 2287 qui
401 2245 440 2275 de
461 2246 640 2285 sepeliendis
663 2244 844 2275 hominibus
870 2245 1053 2286 loquuntur.

328 2296 494 2334 Horatius,
509 2294 559 2326 od.
574 2295 606 2326 ii.
621 2299 650 2326 8.
666 2300 696 2327 9.

419 2372 537 2406 Expedit
548 2373 642 2398 matris
651 2372 744 2398 cineres
755 2377 847 2406 opertos

421 2413 534 2440 Fallere:

327 2478 366 2509 ad
382 2487 477 2519 quem
492 2477 596 2508 locum
612 2483 668 2509 aut
686 2477 790 2516 silent,
815 2484 869 2508 aut
892 2478 969 2508 nihil
986 2479 1054 2509 sani

327 2530 508 2570 loquuntur,
524 2529 715 2568 interpretes.
758 2529 780 2561 J
785 2535 926 2560 oraverat
940 2540 1055 2570 nempe

324 2589 379 2618 per
404 2591 469 2611 ossa
496 2580 606 2611 matris
630 2579 761 2620 sepultae
787 2581 904 2620 perfida
920 2581 1049 2612 Barine:

325 2632 452 2662 consule
467 2632 509 2662 sis
525 2632 618 2664 Ovid.
638 2633 726 2672 epist.
742 2632 789 2663 iii.
810 2637 880 2664 103.
902 2633 965 2664 viii.
984 2636 1052 2665 119.

327 2682 396 2712 fast.
410 2681 443 2712 ii.
458 2685 530 2713 842.
555 2683 682 2722 Statius,
699 2683 798 2715 Theb.
814 2684 867 2715 xii.
884 2687 902 2715 7
906 2688 958 2715 80.

334 2758 431 2788 Jamne
441 2758 504 2783 dare
515 2759 656 2784 exstinctis
664 2761 758 2791 justos,
769 2761 817 2790 ait,
828 2760 949 2786 hostibus
959 2760 1044 2794 ignes,

335 2798 395 2829 Jam
407 2797 493 2822 victos
504 2798 608 2830 operire,
620 2800 724 2831 placet?

326 2860 390 2891 Ubi
406 2861 516 2892 veteris
531 2862 702 2894 scholiastis
716 2865 882 2904 enarratio,
899 2875 968 2906 quae
985 2865 1051 2896 Lu-

325 2913 495 2946 cretianam
511 2914 659 2955 phrasim,
682 2916 814 2957 projecto
832 2928 954 2957 corpore
970 2917 1052 2949 scili-

1101 580 1162 612 cet,
1189 574 1222 605 in
1237 584 1297 605 ver.
1315 578 1386 608 895.
1409 585 1474 607 non
1495 577 1572 608 nihil
1589 578 1765 619 illustrabit,
1787 579 1830 612 sic

1101 636 1203 658 errore
1230 626 1337 657 scribae
1362 627 1523 659 liberanda
1547 635 1608 660 est:
1650 634 1672 649 ‘⁴
1689 632 1756 671 An,
1782 641 1830 662 se-

1102 682 1125 697 “
1141 677 1283 708 cundum
1299 683 1387 708 tuam
1411 679 1617 719 impietatem,
1639 681 1735 713 etiam
1750 684 1831 714 inse-

1101 733 1123 748 “
1135 731 1238 769 pullos
1261 730 1306 759 vis
1328 729 1479 770 projici?”
1504 730 1629 770 Editur,
1652 734 1830 773 insepultus.

1100 780 1247 811 Valerius
1278 781 1450 817 Maximus,
1482 791 1510 811 v.
1524 785 1555 812 6.
1585 786 1692 812 ext.4.
1726 787 1749 802 ‘⁴
1767 782 1829 815 Sed

1101 835 1123 850 ‘⁸
1139 831 1269 862 consilio
1300 838 1429 862 eventus
1466 842 1530 862 non
1567 832 1741 872 respondit:
1782 833 1829 865 illi
1879 833 1884 840 '

1101 886 1122 901 “
1139 882 1236 921 enim,
1262 882 1349 913 nulla
1375 883 1556 922 interposita
1578 883 1677 921 mora,
1699 893 1829 924 corpora

1101 937 1123 952 “
1139 944 1195 964 sua
1224 935 1272 964 his
1301 932 1382 965 terra
1412 937 1574 975 operienda
1606 935 1829 968 tradiderunt.”

1100 985 1164 1015 Pro
1193 985 1326 1025 vulgatis
1361 991 1422 1016 stat
1451 986 1617 1017 Ammiani
1647 987 1828 1018 Marcellini

1099 1035 1197 1073 locus,
1212 1036 1244 1065 in
1262 1036 1344 1066 xxxi.
1358 1040 1406 1068 15.
1431 1040 1454 1055 ‘⁴
1570 1045 1625 1069 aut
1639 1039 1763 1080 magnis
1777 1041 1827 1071 ob—

1101 1090 1123 1104 “
1139 1089 1209 1117 triti
1217 1089 1416 1127 ponderibus,
1433 1094 1488 1118 aut
1502 1088 1615 1119 confixi
1627 1090 1812 1130 jaculis-—.''

1103 1137 1270 1175 Caeterum,
1293 1139 1360 1170 vice
1381 1146 1471 1170 terrae
1488 1141 1521 1170 in
1536 1150 1628 1172 versu
1644 1141 1717 1172 Cari
1732 1152 1826 1183 quem

1099 1190 1298 1230 ventilamus,
1336 1190 1516 1222 fidelissima
1552 1192 1605 1223 Pii
1640 1194 1830 1233 exemplaria

1100 1243 1177 1274 dant
1204 1246 1315 1276 cratis:
1351 1250 1387 1275 ut
1416 1245 1584 1284 respexerit
1611 1247 1703 1286 po'eta
1725 1252 1830 1278 noster
1848 1238 1858 1250 ⁸

1101 1295 1288 1335 supplicium
1318 1295 1476 1336 quoddam
1508 1297 1828 1338 Carthaginiensium,

1097 1347 1137 1378 de
1151 1357 1214 1388 quo
1239 1347 1320 1377 facta
1345 1352 1390 1377 est
1414 1347 1498 1385 apud
1525 1347 1696 1378 Poenulum
1721 1348 1828 1379 Plauti

1098 1399 1226 1436 mentio,
1253 1409 1280 1428 v.
1303 1402 1333 1428 2.
1354 1400 1406 1429 65.
1429 1398 1473 1428 ita
1497 1398 1656 1429 verissime
1682 1399 1828 1430 Bentleio

1098 1449 1269 1481 emendati:

1128 1520 1181 1544 sub
1192 1519 1281 1545 cratim
1294 1523 1320 1544 ut
1329 1520 1421 1551 ,iubeas
1433 1526 1486 1545 sese
1498 1520 1620 1551 subponi,
1632 1522 1713 1551 atque
1724 1525 1757 1545 eo

1128 1559 1241 1591 Lapides
1251 1559 1342 1591 inponi
1355 1560 1464 1589 multos,
1476 1563 1507 1584 ut
1519 1565 1574 1584 sese
1585 1565 1675 1584 ncces:

1098 1622 1137 1653 ad
1166 1633 1260 1663 quem
1291 1633 1415 1654 versum
1444 1622 1483 1653 de
1512 1624 1571 1653 hac
1601 1622 1828 1653 consuetudine

1097 1673 1188 1712 plura
1202 1673 1384 1713 interpretes
1398 1672 1518 1708 dedere,
1534 1679 1571 1703 ut
1587 1672 1666 1704 Pius
1680 1673 1774 1704 etiam
1787 1674 1827 1704 ad

1097 1724 1293 1755 Lucretium.
1356 1724 1519 1755 Nimirum
1549 1724 1616 1755 fieri
1645 1730 1756 1764 potest,
1792 1731 1828 1755 ut

1098 1776 1262 1806 Lucretius
1280 1786 1345 1806 rem
1367 1776 1486 1816 po‘e‘tice
1511 1782 1730 1817 exaggeratam
1753 1777 1828 1807 dare

1098 1827 1241 1867 voluerit,
1279 1839 1317 1859 ex
1346 1829 1494 1859 omnibus
1528 1828 1696 1868 sepulturae
1726 1829 1828 1860 modis

1097 1879 1318 1919 gravissimum
1355 1885 1447 1920 atque
1483 1879 1622 1910 maxime
1656 1879 1828 1911 terribilem

1097 1930 1270 1971 seligendo:
1297 1930 1353 1961 sed
1368 1941 1419 1961 me
1434 1930 1535 1961 multa
1557 1937 1685 1962 movent
1705 1931 1745 1962 ad
1760 1941 1827 1962 cre-

1097 1981 1236 2012 dendum
1261 1983 1373 2022 potius,
1398 1982 1481 2013 docti
1511 1983 1675 2023 cujusdam
1704 1982 1827 2014 lectoris

1097 2034 1344 2072 annotationem,
1369 2034 1505 2074 margini
1520 2035 1686 2074 appictam,
1705 2045 1827 2074 proces-

1097 2096 1133 2117 su
1144 2086 1292 2126 temporis
1306 2087 1339 2117 in
1354 2093 1536 2117 contextum
1548 2087 1715 2127 irrepsisse,
1730 2098 1828 2128 quam

1097 2144 1133 2168 ut
1167 2138 1342 2169 existimem
1381 2138 1425 2168 sic
1450 2148 1469 2168 a
1503 2138 1643 2168 Lucretii
1683 2139 1828 2171 manibus

1097 2189 1187 2219 initio
1209 2189 1392 2229 profectum.
1436 2189 1617 2230 Vestigium
1639 2200 1679 2220 ne
1707 2189 1827 2221 levissi.

1097 2250 1187 2270 mum
1201 2240 1329 2281 quidem
1342 2240 1472 2280 hujusce
1486 2240 1627 2271 lectionis
1649 2241 1682 2271 in
1697 2241 1826 2281 purissi÷

1097 2293 1159 2323 mis
1188 2299 1220 2323 et
1248 2293 1464 2324 vetustissimis
1488 2294 1680 2324 membranis
1704 2301 1827 2334 manet;

1099 2351 1129 2375 et
1145 2352 1241 2377 crates
1256 2355 1321 2376 non
1344 2345 1422 2376 adeo
1443 2352 1490 2376 cst
1510 2346 1619 2386 ignota
1639 2356 1710 2385 vox,
1733 2353 1769 2377 ut
1790 2347 1828 2378 In

1099 2396 1241 2427 librarios
1254 2407 1380 2436 prorsus
1401 2397 1449 2428 sui
1467 2397 1592 2438 ignaros
1607 2396 1768 2437 incideret,
1793 2408 1828 2429 ac

1099 2455 1216 2479 temere
1237 2454 1423 2480 mutaturos.
1471 2448 1671 2488 Simplicitati
1693 2450 1829 2491 denique

1099 2501 1295 2533 Lucretianae
1331 2501 1432 2542 magis
1467 2501 1612 2542 congruit
1652 2501 1829 2533 existimare

1099 2564 1168 2592 nos,
1198 2564 1272 2584 eum
1297 2554 1401 2593 potius
1429 2563 1632 2584 communem
1661 2553 1829 2594 sepulturae

1098 2605 1180 2635 viam
1203 2605 1236 2635 in
1259 2605 1367 2636 animo
1389 2605 1545 2642 habuisse,
1572 2603 1830 2645 quamalienam

1097 2656 1368 2695 consuetudinem,
1386 2656 1493 2696 paucis
1514 2656 1563 2686 vel
1577 2666 1649 2693 usu,
1670 2654 1718 2685 vel
1734 2655 1839 2701 etiam,

1097 2707 1194 2746 fama,
1223 2708 1391 2748 cognitam.
1437 2707 1502 2738 His
1530 2707 1628 2747 igitur
1655 2705 1830 2738 rationibus

1098 2758 1232 2797 suffulti,
1247 2758 1327 2789 nihil
1342 2758 1533 2789 mutandum
1544 2756 1764 2798 judicavimus.
1818 2787 1820 2791 ,

1141 2811 1220 2842 Ibid.
1260 2814 1394 2853 Urgum-i
1418 2814 1552 2853 pondere
1586 2818 1686 2843 terrae.
1731 2811 1827 2842 Com-
1872 2814 1874 2818 '

1096 2863 1179 2894 mitti
1204 2870 1304 2904 potest
1323 2864 1478 2906 Virgilius
1507 2863 1593 2896 haud
1616 2862 1828 2901 incommode,

1098 2916 1173 2948 AEn.
1189 2915 1231 2948 iii.
1247 2919 1318 2948 579.
