1912 3292
524 252 775 329 LIBER·
807 260 1187 318 QUARTUS.

144 381 226 418 500
257 378 346 421 Nec
363 395 490 436 porro
508 390 705 436 poterunt
723 387 823 441 ipsei
843 392 1143 445 reprehendere
1163 416 1266 453 sese,-

254 453 396 509 AEqua
414 454 515 496 fides
535 459 730 512 quoniam
750 461 915 506 debebit
934 481 1094 525 semper
1113 472 1270 518 haberi:

253 526 448 577 Proinde,
466 530 578 585 quod
598 532 641 572 in
662 547 826 591 quoque
844 547 903 580 est
917 540 994 583 hiis
1009 545 1140 588 visum
1156 556 1356 607 tempore,

1371 570 1511 601 verum
1528 570 1598 604 est.

250 599 321 649 Et,
343 601 376 640 si
397 615 482 643 non
502 606 654 658 poterit
674 610 780 651 ratio
800 611 1018 659 dissolvere
1037 635 1234 675 caussam,

248 672 370 722 Quur
390 689 452 726 ea,
475 691 568 732 quae
587 679 739 724 fuerint
751 685 905 739 juxtim
926 693 1140 747 quadrata,
1161 701 1306 753 procul
1326 703 1405 746 sint

134 750 213 786 505
245 746 345 789 Visa
364 751 561 803 rotunda;

594 762 732 798 tamen
751 770 920 814 praestat
937 767 1107 811 rationis
1127 782 1314 829 egentem

244 821 436 865 Reddere
455 828 651 872 mendose
671 847 830 877 caussas
851 840 1061 898 utriusque
1080 845 1242 903 figurae,

242 895 380 944 Quam
401 901 591 944 manibus
611 908 823 952 manifesta
845 915 925 955 suis
945 918 1130 962 emittere
1149 937 1355 981 quoquam
1362 946 1376 977 3

239 968 296 1011 Et
316 972 467 1015 violare
487 975 613 1019 fidem
632 982 825 1035 primam,
848 997 889 1029 et
909 993 1134 1036 convellere
1153 1004 1241 1039 tota

236 1043 540 1101 Fundamenta,
565 1054 712 1108 quibus
731 1059 899 1103 nixatur
918 1065 1015 1116 vita,
1044 1068 1241 1126 salusque.

96 1197 134 1228 V.
155 1198 202 1229 ed.
226 1210 310 1240 qum;
337 1204 488 1236 mendose
510 1218 568 1247 pro
588 1213 649 1250 φῖς
673 1215 756 1254 quod
771 1223 819 1247 est

91 1249 125 1279 in
142 1252 342 1283 n.‘-Jzaberi:
369 1254 417 1286 M.
441 1259 560 1296 habere;
584 1262 655 1293 vera
674 1275 749 1296 voce
764 1278 815 1298 su-

90 1301 266 1341 perscripta.
307 1305 387 1336 Mox
405 1311 439 1338 Σ.
455 1320 582 1348 quocum
599 1320 651 1344 est.

130 1353 204 1385 Ver.
221 1359 294 1388 504.
304 1358 436 1398 juaetz'm:
463 1363 692 1406 Vind.justz‘m;
709 1370 749 1401 V.
766 1372 813 1403 ed.

88 1405 128 1436 O.
142 1409 258 1445 vistz‘m;
278 1409 327 1441 M.
343 1412 508 1452 injustz'm;
525 1427 594 1457 quae
609 1424 733 1451 tantum
748 1434 812 1454 non

83 1456 192 1487 eadem
209 1468 274 1489 esse
289 1462 413 1500 senties,
441 1465 466 1494 si
482 1468 691 1502 reminiscaris
705 1472 810 1506 literas

79 1519 94 1539 s
109 1514 140 1539 et
153 1521 172 1539 :c
187 1520 401 1550 saepenumero
416 1521 618 1552 commutari:
645 1523 715 1555 vide
734 1527 774 1556 ad
788 1527 808 1558 i.

78 1562 151 1590 855.
175 1566 209 1592 Σ.
225 1564 512 1605 visu.—quadrata.·
537 1571 574 1602 L.
599 1573 646 1605 M.
670 1580 805 1616 quadra-

77 1617 140 1642 tam
145 1625 155 1646 ;
173 1613 402 1653 vitiosetamen
417 1621 494 1654 citra
509 1621 650 1657 dubium.

121 1662 334 1705 Ibid.,juoeczff.
363 1668 489 1702 Nonius
500 1673 679 1714 Marcellus,
689 1679 720 1710 ii.
731 1684 803 1712 451.

75 1716 98 1732 “
113 1716 231 1747 Juoetz'm
246 1728 302 1757 pro
313 1719 440 1759 juxta:”
464 1723 588 1764 deinde,
605 1738 643 1757 ex
661 1729 802 1771 Sisenna,

73 1765 163 1804 cujus
187 1767 402 1808 fragmentum
428 1782 610 1815 corruptum
636 1786 693 1818 est,
712 1788 743 1812 et
765 1794 802 1813 ex

73 1816 157 1847 Livii
200 1819 357 1860 AEgistho,
395 1824 459 1855 duo
496 1830 638 1869 exempla
674 1835 799 1872 profert.

74 1867 236 1900 Glossator
252 1879 354 1904 vetus:
382 1878 404 1914 ‘f
420 1879 549 1916 Jua-tim,
574 1885 736 1915 πλησιον.·”
759 1893 799 1923 et,

71 1922 94 1937 “
111 1927 250 1960 Πληιιον,
265 1924 412 1964 juxtim.'’
456 1929 514 1960 Usi
530 1938 603 1963 sunt
617 1935 712 1966 etiam
727 1946 800 1968 voce

69 1970 249 2010 Suetonius,
266 1981 297 2005 et
313 1978 469 2016 Apuleius
485 1982 556 2020 plus
571 1986 677 2016 semel.

111 2022 183 2054 Ver.
203 2028 278 2056 505.
309 2030 376 2059 Visa
387 2044 397 2060 :
425 2032 465 2062 V.
496 2034 544 2064 ed.
579 2038 793 2079 Vasa.—egen-

65 2080 141 2105 tem:
169 2076 263 2108 Vind.
279 2088 399 2119 egente:
424 2084 444 2114 i.
462 2095 487 2115 e.
509 2092 622 2126 egente.

109 2127 188 2158 Ibid.
199 2138 347 2169 praeseut:
365 2134 384 2164 i.
401 2146 426 2165 e.
444 2140 466 2155 “
481 2146 613 2177 praestat,
629 2142 670 2172 sis
681 2153 790 2184 quam-

64 2180 86 2195 “
103 2178 148 2208 vis
160 2189 224 2210 non
235 2181 367 2222 idoneis,
381 2186 429 2216 vel
444 2189 540 2219 etiam
551 2191 648 2231 falsis,
659 2195 789 2226 rationi-

63 2232 86 2248 “
102 2230 160 2260 bus
174 2233 334 2272 subnixus,
351 2247 493 2270 caussam
508 2241 673 2276 dissolvere
689 2253 720 2277 et
735 2258 787 2278 ex-

63 2283 86 2297 “
102 2281 217 2318 plicare
232 2286 348 2322 conari,
365 2299 461 2328 quam
476 2291 515 2322 de
530 2295 624 2325 rebus
638 2298 786 2330 manifes-

60 2333 82 2349 “
100 2331 226 2366 tissimis
240 2338 392 2376 omnium,
417 2341 452 2371 in
473 2344 585 2383 quibus
599 2348 695 2379 totius
717 2350 788 2381 vitae

60 2386 84 2401 “
99 2383 182 2414 salus
197 2392 228 2416 et
241 2389 394 2429 regimen,
420 2400 456 2423 ut
469 2395 502 2424 in
518 2397 705 2437 quibusdam
721 2412 785 2433 car-

58 2439 81 2454 “
97 2437 232 2476 dinibus,
263 2449 435 2483 vertuntur,
468 2451 617 2491 (sensibus
636 2460 786 2495 corporeis

58 2491 81 2506 “
96 2490 264 2533 nimirum)
277 2493 371 2526 fidem
380 2497 570 2540 derogare:'’
582 2515 705 2546 nempe,
717 2509 785 2540 falli

55 2540 172 2572 melius
198 2549 252 2581 est,
280 2556 376 2586 quam
401 2550 458 2581 sibi
479 2556 639 2588 conscium
655 2560 785 2600 turpiter

53 2590 223 2632 ludificare,
240 2602 272 2626 et
286 2601 421 2633 mentiri.

25 2680 27 2685 .
95 2643 176 2676 Ibid.
199 2650 330 2681 rationis
344 2663 486 2692 egentem.
531 2658 676 2692 Phrasim
692 2673 780 2695 exce—

51 2694 97 2734 pit
112 2695 322 2740 Mantuanus,
339 2704 414 2737 AEn.
434 2708 499 2739 viii.
517 2713 587 2743 299.

79 2779 359 2797 ————
369 2785 423 2804 non
435 2784 463 2806 te
474 2783 580 2809 rationis
589 2791 697 2818 egentem

84 2808 213 2837 Lernaeus
223 2814 302 2840 turba
313 2818 435 2849 capitum
446 2821 626 2851 circumstetit
638 2829 745 2860 anguis:

46 2868 66 2901 i.
83 2880 109 2901 e.
127 2882 192 2904 non
206 2889 360 2919 αμηχωνον
375 2889 407 2914 et
423 2886 632 2928 εξεπτοημενον,
644 2891 698 2922 sed
707 2903 774 2925 om-

49 2922 102 2954 nia
117 2927 330 2966 providentem
344 2945 380 2968 ac
395 2937 550 2972 valentem
566 2945 702 2987 exsequi.

906 1222 978 1253 Ver.
990 1226 1062 1255 506.
1077 1230 1232 1259 mendose:
1246 1228 1284 1260 P.
1296 1234 1584 1272 mendosa—caus-

858 1282 925 1302 sas:
952 1273 1048 1306 Vind.
1067 1275 1104 1306 V.
1128 1278 1175 1308 ed.
1199 1280 1237 1310 B.
1261 1285 1296 1311 Δ.
1315 1289 1355 1314 Π.
1373 1290 1407 1316 Σ.
1425 1293 1469 1318 Ω.
1495 1301 1584 1323 caus-

858 1334 922 1354 sam
929 1339 941 1360 ;
967 1327 1052 1357 unde
1067 1329 1145 1359 nihil
1160 1331 1272 1363 melius
1282 1337 1492 1376 exsculpendo
1503 1353 1582 1376 sum.

901 1376 975 1406 Ver.
992 1381 1063 1409 507.
1078 1382 1258 1423 mang'fi’sca:
1278 1385 1319 1416 V.
1335 1387 1382 1418 ed.
1395 1389 1433 1421 B.
1449 1393 1481 1422 in
1486 1394 1583 1434 fista-

855 1438 1069 1468 -quoquam.·
1087 1431 1107 1462 i.
1123 1443 1148 1463 e.
1164 1433 1198 1463 in
1214 1445 1433 1480 quamcunque
1443 1450 1581 1484 partem;

853 1478 932 1507 bene
947 1485 978 1509 et
991 1480 1127 1521 signate:
1146 1484 1215 1515 vide
1230 1497 1287 1518 nos
1302 1489 1341 1520 ad
1352 1490 1372 1521 i.
1389 1495 1460 1525 429.
1487 1496 1579 1527 Glos-

852 1534 934 1559 sator
955 1538 1054 1562 vetus:
1084 1537 1106 1552 “
1127 1537 1295 1578 Quoqzcam,
1320 1541 1394 1579 ὅλως
1415 1557 1468 1583 972,
1500 1548 1579 1579 ποκ’·

852 1579 913 1610 Sed
929 1582 1013 1612 enim
1031 1594 1090 1614 vox
1114 1596 1178 1617 non
1201 1595 1246 1619 est
1269 1591 1302 1621 in
1330 1593 1508 1629 rarissimis:
1536 1600 1579 1630 sie

848 1639 955 1663 autem
970 1635 1114 1668 scribitur
1127 1639 1161 1669 in
1177 1640 1274 1674 Vind.
1290 1644 1331 1675 V.
1355 1646 1402 1677 cd.
1423 1648 1462 1679 Ο.
1480 1655 1515 1681 Δ.
1535 1658 1575 1683 Π.

848 1688 883 1715 Σ.
901 1691 945 1715 Ω.
961 1687 1065 1728 vulgo,
1081 1701 1252 1731 quoequam.

891 1744 972 1776 Ibid.
995 1750 1135 1780 manibus
1151 1754 1296 1784 eminere.-
1315 1757 1335 1785 i.
1354 1767 1379 1788 e.
1395 1758 1496 1790 sinere
1511 1762 1573 1792 ela-

846 1794 889 1832 bi,
905 1801 999 1836 atque
1013 1798 1091 1829 adeo
1105 1804 1244 1834 amittere
1249 1819 1259 1839 ‚-
1280 1806 1322 1836 sic
1338 1808 1384 1837 uti
1399 1809 1574 1844 Lambinus

845 1849 975 1879 consilio
989 1851 1079 1882 valde
1098 1853 1216 1885 infelici
1242 1858 1439 1892 scribendum
1465 1865 1570 1898 voluit.

844 1899 988 1931 Phrasim
1014 1903 1157 1935 adhibuit
1178 1906 1212 1936 in
1227 1918 1320 1940 sensu
1336 1913 1438 1952 magis
1453 1916 1569 1948 efficaci

846 1953 1006 1996 Virgilius,
1024 1959 1098 1990 AEn.
1115 1960 1155 1990 xi.
1173 1965 1244 1993 676.

869 2044 1007 2076 Quemne,
1019 2048 1107 2072 emina
1120 2056 1210 2081 manu,
1221 2055 1351 2080 contorsit
1361 2058 1461 2089 spicula
1470 2060 1555 2093 virgo,

868 2083 925 2108 Tot
936 2084 1043 2118 Phrygii
1053 2088 1174 2115 cecidere
1185 2091 1242 2117 viri.

835 2163 989 2203 Appositc
1011 2166 1176 2209 Phaedrus,
1201 2171 1219 2202 i.
1248 2176 1295 2206 13.
1328 2179 1376 2207 10.
1399 2178 1438 2209 de
1459 2191 1558 2219 corvo,

833 2226 938 2247 vocem
956 2218 1079 2252 volente
1094 2228 1262 2256 ostentare:

955 2292 1046 2318 Emisit
1055 2301 1102 2320 ore
1113 2303 1262 2324 caseum-.

874 2361 948 2393 Ver.
965 2366 1038 2396 508.
1062 2369 1188 2401 violare:
1215 2377 1255 2402 Π.
1270 2375 1504 2408 volare.—--Mox
1517 2380 1556 2411 Ο.

829 2410 883 2442 dat
897 2416 1055 2448 niscantur.

875 2471 946 2503 Ver.
964 2478 1037 2507 509.
1061 2480 1205 2512 m'zatur:
1230 2483 1295 2513 redi
1311 2484 1351 2514 sis
1366 2486 1405 2517 ad
1420 2498 1468 2527 ea,
1484 2500 1554 2530 quae

828 2524 1004 2556 notavimus
1025 2527 1059 2558 in
1088 2530 1132 2561 iii.
1156 2535 1248 2564 1013.
1293 2536 1390 2568 Hanc
1418 2539 1553 2572 formam

827 2574 910 2604 vocis
945 2580 1085 2617 agnoscit
1122 2583 1216 2613 etiam
1251 2586 1404 2625 glossator
1446 2597 1547 2624 vetus:

827 2628 849 2643 ‘⁶
867 2628 1061 2669 Επερειδσμαι,
1077 2632 1171 2672 nitor,
1187 2637 1346 2668 subnixos
1375 2641 1420 2672 Et
1432 2650 1548 2675 contra:

826 2679 848 2694 ‘⁶
866 2678 1010 2717 Subniaeo,
1028 2684 1230 2725 smperssopcml’

866 2739 940 2771 Ver.
959 2744 1030 2773 510.
1055 2744 1281 2788 Tertullianus,
1297 2751 1336 2782 de
1351 2753 1467 2792 animai,
1483 2766 1548 2798 cap.

823 2793 836 2820 1
846 2792 876 2821 7.
903 2795 925 2810 “
943 2793 1029 2828 Quid
1043 2797 1121 2836 agie,
1135 2799 1309 2832 Academia
1319 2806 1551 2843 procacissima?

822 2845 844 2861 “
861 2844 979 2876 Totum
995 2848 1067 2878 vitae
1082 2855 1196 2882 statum
1211 2856 1331 2895 evertis,
1347 2867 1474 2890 omnem
1491 2871 1546 2892 na-

820 2898 843 2914 “
860 2902 939 2927 turae
953 2899 1097 2932 ordinem
1112 2906 1226 2942 turbas,
1242 2907 1339 2947 ipsius
1354 2909 1418 2941 Dei
1443 2914 1545 2952 provi-

822 2951 842 2967 “
859 2948 1000 2983 dentiam
1015 2963 1165 2995 excaecas;
1187 2959 1241 3000 qui
1264 2962 1383 2992 cunctis
1400 2966 1548 3003 operibus
