1912 3292
344 181 434 221 150

845 169 904 217 T.
947 167 1324 218 LUCRETII

482 302 621 344 Tanto
640 315 778 357 opere,
800 301 853 343 ad
871 315 1061 343 somnum
1081 301 1114 342 si
1134 315 1198 342 res
1217 300 1337 350 redit,
1359 307 1481 356 atque
1500 300 1692 356 quietem,

477 376 600 426 Quur
619 377 832 432 quisquam
852 384 1008 417 aeterno
1027 375 1155 430 possit
1173 375 1378 416 tabescere
1396 373 1532 416 luctu?

361 456 442 494 925

336 609 435 640 Nobis
450 609 544 640 etiam
566 619 630 639 non
652 608 805 648 displicet:
832 607 876 637 sie
898 607 983 638 enim
1006 616 1054 636 so-

333 660 400 690 lent
407 670 473 691 rem
488 660 643 690 effioecius
653 659 815 699 designare
828 665 966 697 tempore
977 668 1055 697 prae-

333 711 434 748 terito,
450 711 533 751 quod
548 721 605 741 nos
619 710 659 740 ad
676 709 749 740 Silv.
769 709 844 740 Crit.
867 709 885 739 i.
909 719 937 748 p.
955 712 1003 739 16.
1026 715 1057 739 et

334 762 420 799 alibi,
450 761 646 791 monuimus:
672 761 731 791 hac
760 766 866 791 autem
895 760 1056 791 occasione

334 813 474 854 pluribus
489 812 588 842 nolim
602 817 634 842 et
655 811 871 842 sincerioribus
893 812 980 842 libris
1002 813 1056 842 ob-

334 866 447 895 sistere.
502 863 669 895 Elementa
691 863 841 895 nimirum
867 866 884 895 b
909 870 941 894 et
964 877 993 902 v,
1017 866 1056 895 ob

333 921 503 956 cognatum
518 925 644 954 sonum,
657 915 826 954 saepissime
840 921 1058 955 permutantur

335 968 467 999 invicem
484 958 630 997 librariis:
648 967 687 998 de
699 976 762 1007 quo
781 967 952 998 Ciofanum
967 967 1058 997 adeas

333 1021 366 1050 in
384 1020 477 1051 Ovid.
494 1025 568 1050 met.
583 1029 610 1049 x.
628 1022 698 1050 114.
721 1018 945 1058 disputantem,
965 1023 1059 1059 atque

333 1074 366 1104 in
381 1073 489 1113 primis
505 1071 810 1110 Drakenborchium,
826 1070 866 1101 ad
880 1070 949 1101 Liv.
965 1081 991 1101 v.
1006 1074 1057 1101 24.

333 1129 361 1157 5.
386 1134 425 1155 ne
446 1123 524 1154 alios
538 1123 692 1163 appellem
706 1133 773 1153 rem
787 1122 981 1153 notissimam
996 1128 1057 1153 tes-

333 1182 458 1208 taturos.
493 1175 659 1213 Gruterus,
674 1175 823 1215 inscriptt.
839 1181 913 1205 tom.
929 1175 949 1205 i.
964 1185 993 1214 p.
1009 1178 1056 1205 16.

332 1232 402 1253 —“
417 1229 601 1259 cantharum
617 1238 690 1258 cum
700 1238 767 1259 vase
779 1226 835 1258 sua
847 1227 1055 1267 posueruntz”

331 1291 388 1320 pro
401 1281 478 1312 base.

375 1341 457 1372 Ibid.
478 1342 659 1383 deflebimus.
705 1339 777 1371 Vox
798 1340 923 1380 propria
951 1346 997 1371 est
1021 1340 1055 1370 in

331 1394 442 1426 officiis
455 1394 684 1434 sepulcralibus.
731 1394 781 1425 Sic
797 1394 951 1436 Virgilius
961 1394 1055 1425 etiam

332 1445 452 1486 proprie
467 1445 622 1484 adhibuit,
639 1446 714 1476 AEn.
735 1445 773 1476 vi.
787 1449 857 1476 220.

526 1516 587 1538 tum
597 1514 723 1539 membra
735 1517 796 1539 toro
806 1514 894 1545 defleta
905 1518 1052 1547 reponunt:

332 1581 352 1611 i.
369 1591 394 1612 e.
410 1580 486 1611 fletu
504 1591 596 1620 super
611 1580 672 1611 illis
683 1580 782 1612 finito.
829 1581 910 1613 Ibid.
927 1582 967 1613 xi.
984 1587 1035 1615 59.

395 1667 462 1690 Haec
472 1665 519 1690 ubi
528 1665 645 1696 deflevit,
655 1666 713 1691 tolli
724 1666 871 1693 miserabile
881 1673 977 1699 corpus

395 1706 512 1737 Inperat.

333 1781 356 1798 ‘⁴
373 1778 448 1808 Hoc
469 1782 526 1816 est,
552 1782 718 1819 postquam
739 1780 805 1810 haec
827 1790 900 1810 cum
915 1779 1058 1821 lacrymis

333 1832 357 1849 ‘⁴
372 1828 487 1861 dixit:''
507 1829 642 1868 Servius,
654 1840 754 1861 crasse
768 1831 849 1862 satis.
889 1832 941 1863 Ibi
951 1838 1059 1864 autem

336 1883 374 1913 M
380 1882 410 1913 S.
431 1883 534 1922 Steph.
549 1893 607 1922 pro
621 1885 710 1920 dixit,
725 1885 818 1915 habet
831 1887 927 1918 duxit.
960 1887 1058 1929 Lege,

333 1935 429 1964 luxit:
454 1933 525 1964 vide
550 1934 743 1974 Bentleium,
769 1936 809 1967 ad
834 1937 946 1968 Horat.
970 1938 1059 1978 epod.

335 1985 405 2016 xvii.
422 1988 471 2016 ll.
509 1985 588 2017 Satis
603 1986 642 2017 sit
663 1987 789 2027 insuper
806 1988 979 2028 Apuleium
1002 1991 1057 2021 ad-

333 2037 476 2073 movisse,
491 2043 564 2069 met.
579 2038 599 2068 i.
616 2040 673 2069 sub
684 2039 786 2070 initio:
813 2043 837 2059 “
855 2040 900 2072 At
914 2051 986 2072 vero
1001 2042 1056 2073 do-

336 2092 360 2108 “
375 2089 442 2119 mui
454 2095 516 2120 tuae
525 2089 592 2131 jam
601 2092 726 2132 defletus
735 2098 765 2122 et
774 2092 985 2124 conclamatus
993 2094 1056 2125 eS.”

333 2141 399 2178 Qui
414 2141 502 2172 locus
516 2142 605 2173 valde
619 2144 775 2183 appositus
790 2150 844 2176 est.

378 2192 452 2223 Ver.
480 2196 553 2225 921.
578 2204 750 2226 moerorem:
776 2203 816 2227 Π.
845 2208 1053 2230 maerore.—e:

338 2248 373 2276 Δ.
395 2246 449 2281 de,-
475 2251 519 2276 Ω.
545 2246 724 2277 ean—Hinc
747 2254 853 2278 autem
880 2259 984 2280 versus
1007 2251 1059 2282 ille

337 2294 544 2336 virgilianus,
571 2297 646 2328 AEn.
668 2298 709 2329 ix.
732 2302 805 2331 447.
826 2300 989 2332 evidenter
1013 2309 1061 2333 est

335 2347 467 2378 effictus:

376 2422 454 2448 Nulla
465 2422 517 2448 dies
527 2431 658 2456 umquam
669 2426 786 2451 memori
798 2434 844 2452 vos
854 2428 947 2453 eximet
957 2435 1028 2455 evo.

381 2489 456 2521 Ver.
473 2494 545 2522 922.
566 2493 621 2523 ab:
647 2492 684 2523 P.
700 2493 744 2524 V.
760 2494 810 2525 ed.
827 2496 878 2530 οὺς
897 2494 981 2536 quod
996 2504 1060 2526 non

336 2539 472 2573 deterius
482 2542 772 2585 existima—quid:
797 2546 838 2577 V.
853 2545 901 2577 ed.
916 2548 1004 2587 quod.

382 2593 462 2624 Ibid.
484 2597 559 2634 quid
573 2598 613 2627 sit
634 2597 732 2627 Tanto
746 2607 831 2637 opere
853 2597 945 2637 plena
965 2597 1061 2629 dictio

339 2650 386 2674 est
399 2645 465 2676 sine
479 2650 582 2678 amari
586 2661 595 2678 .·
621 2648 691 2679 vide
705 2659 766 2680 ver.
781 2653 854 2681 946.
885 2651 939 2681 An
954 2650 1060 2692 legen-

341 2695 419 2726 dum
433 2699 563 2729 amabo?
591 2700 651 2731 Sed
673 2707 743 2731 tum
764 2707 870 2732 tamen
892 2702 1062 2734 dicendum

341 2754 422 2778 esset
433 2756 485 2785 esc,
501 2759 564 2780 non
579 2753 899 2785 sie.—Bex”1·1.r:1us.

342 2797 459 2830 veram
473 2803 735 2835 constructionem
749 2804 821 2844 loci,
836 2805 980 2846 adquem
990 2815 1061 2846 pro-

340 2858 439 2891 vocat,
454 2852 500 2884 vir
514 2856 784 2894 praestantissimus
798 2868 862 2889 non
878 2858 1020 2900 pervidit,
1035 2859 1062 2889 si

534 451 667 493 Hocc'
688 451 810 493 etiam
830 449 999 500 faciunt,
1021 449 1092 490 ubi
1111 449 1352 491 discubuere
1371 457 1592 505 tenentque

1099 605 1176 645 quid
1191 605 1223 634 in
1239 614 1290 634 me
1315 605 1354 634 sit
1376 604 1539 634 acuminis.
1586 605 1667 640 Quae
1684 602 1821 635 diximus

1100 661 1205 685 autem
1222 654 1311 692 inibi,
1327 654 1421 684 lector
1435 655 1586 694 inspiciat.

1142 705 1217 736 Ver.
1232 709 1305 737 923.
1327 707 1368 736 ad
1383 716 1519 736 somnum
1535 708 1564 737 si
1576 717 1623 737 res
1638 707 1726 737 redit.
1754 708 1777 724 “
1788 705 1822 736 Si

1099 760 1122 776 ‘⁸
1140 763 1282 789 mortuus
1295 757 1391 787 homo
1402 757 1613 788 somniculose
1628 758 1668 788 sit
1682 757 1822 788 similis.”

1100 809 1187 840 Pius.

1143 861 1226 892 Ibid.
1250 872 1385 892 somnum
1400 868 1492 901 atque
1506 863 1645 901 quietem.
1689 861 1823 902 Hendy-

1100 913 1174 944 ades
1184 920 1240 951 est,
1250 923 1306 952 pro
1315 915 1413 944 somni
1423 915 1552 953 quietem
1560 929 1571 949 ,·
1586 917 1623 943 ut
1635 913 1674 949 Q„
1686 913 1825 950 Curtius,

1100 965 1138 995 vi.
1159 968 1206 996 10.
1224 969 1271 995 13.
1295 968 1317 984 “
1335 965 1429 995 Unde
1443 971 1475 995 et
1489 964 1649 1005 parricide
1664 971 1696 996 et
1720 964 1825 1004 prodi-

1102 1019 1124 1034 “
1141 1015 1199 1046 tori
1214 1021 1279 1045 tam
1295 1015 1357 1046 alta
1378 1019 1463 1056 quies
1484 1017 1627 1048 somni?”
1654 1016 1705 1047 sic
1727 1016 1822 1055 infra,

1102 1075 1163 1096 ver.
1183 1070 1274 1097 1051.
1296 1069 1409 1106 sopitus
1431 1070 1544 1108 quiete,-
1572 1073 1604 1098 et
1618 1067 1638 1098 i.
1652 1071 1703 1098 31.
1726 1070 1823 1108 sopita

1101 1119 1266 1157 quiescant.

1102 1168 1212 1204 Porro,
1227 1168 1383 1200 distichon
1398 1174 1444 1199 est
1458 1179 1550 1209 super
1564 1170 1624 1201 hoc
1639 1176 1825 1211 argumento

1101 1220 1332 1259 Nasonianum,
1368 1221 1514 1263 dignum,
1550 1231 1608 1261 pro
1635 1221 1766 1253 modulo
1794 1228 1828 1253 et

1100 1271 1246 1302 mensura
1263 1272 1341 1312 ejus,
1361 1272 1447 1313 quod
1460 1283 1534 1303 cum
1556 1273 1604 1303 his
1629 1273 1826 1305 Lumetianis

1099 1324 1164 1356 una
1184 1324 1319 1365 legatur:
1346 1335 1421 1355 nam
1442 1325 1528 1356 haud
1548 1325 1754 1357 dubitaverim
1775 1326 1822 1357 af-

1099 1374 1233 1414 firmare,
1248 1376 1305 1406 hos
1318 1375 1456 1406 ducenos
1466 1382 1498 1407 et
1507 1376 1744 1418 quinquagenos
1757 1377 1824 1408 fere

1098 1436 1215 1464 vei-sm,
1241 1427 1281 1458 ad
1303 1427 1433 1467 hujusce
1461 1427 1531 1457 libri
1553 1427 1659 1464 finem,
1685 1439 1750 1459 esse
1773 1428 1824 1459 vel

1099 1477 1301 1508 nobilissimis
1308 1478 1508 1519 antiquarum
1516 1478 1676 1510 literarum
1685 1479 1825 1520 reliquiis

1099 1530 1367 1568 annumerandos3
1378 1541 1480 1572 neque
1488 1530 1586 1570 ipsius
1594 1531 1722 1572 quidem
1734 1532 1824 1563 Grae·

1099 1581 1156 1611 cite
1170 1582 1275 1621 poetas
1289 1581 1383 1612 velim
1397 1582 1512 1622 excipi:
1537 1582 1615 1613 adeo
1630 1589 1704 1613 sunt
1717 1583 1825 1613 omnia

1100 1633 1235 1670 elimata,
1273 1644 1451 1673 numerosa,
1491 1633 1668 1675 magnifica,
1704 1635 1822 1676 gravia,

1101 1689 1264 1725 παύηται,
1286 1693 1323 1717 ut
1351 1687 1431 1717 nihil
1454 1691 1567 1726 'supra3
1599 1693 1630 1718 et
1658 1698 1756 1728 usque
1784 1686 1825 1717 ad

1100 1736 1270 1768 medullam
1283 1737 1396 1768 animae
1410 1738 1610 1777 penetrantia.
1654 1739 1759 1769 Locus
1768 1749 1825 1769 au-

1101 1794 1165 1819 tem
1182 1788 1289 1820 Ovidii
1303 1789 1417 1830 legitur
1431 1790 1465 1820 in
1486 1800 1583 1820 amor.
1597 1790 1629 1820 ii.
1645 1795 1673 1822 9.
1690 1794 1740 1821 41.

1134 1865 1232 1896 Stulte,
1250 1865 1317 1897 quid
1336 1868 1377 1891 est
1401 1867 1525 1896 Somnus,
1546 1865 1643 1898 gelidae
1661 1866 1711 1891 nisi
1732 1865 1828 1892 Mortis

1196 1906 1203 1911 ⁵
1295 1907 1303 1924 θ

1163 1913 1421 1977 ιοιῖιῖἱςῖιὲιῗᾷἰεεεεῃᾱί
1431 1949 1555 1978 tempora
1566 1947 1631 1970 Fata
1640 1946 1753 1971 dabunt.

1102 2008 1204 2048 Legas
1232 2008 1350 2039 ibidem
1377 2009 1544 2049 frugiferas
1574 2009 1699 2040 Heinsii
1729 2009 1825 2040 colla-

1101 2065 1209 2090 tiones.

1145 2112 1219 2142 Ver.
1237 2115 1308 2144 924.
1335 2114 1438 2148 Quur:
1463 2112 1506 2143 sic
1521 2113 1633 2152 passim
1648 2112 1826 2144 scribimus:

1100 2169 1131 2193 et
1145 2163 1178 2193 in
1192 2164 1251 2194 hoc
1266 2163 1334 2194 loco
1348 2170 1382 2195 Δ.
1393 2170 1496 2194 noster
1506 2164 1600 2195 etiam
1612 2164 1736 2195 exhibet
1751 2167 1826 2201 Qur,

1102 2225 1173 2246 vero
1188 2215 1337 2255 proxime.

1148 2267 1230 2298 Ibid.
1268 2269 1414 2299 tabescere
1444 2270 1539 2299 luctu.
1598 2268 1651 2299 Ita
1682 2267 1827 2307 Plautus,

1103 2325 1181 2358 capt.
1196 2319 1216 2350 i.
1233 2323 1261 2350 2.
1277 2323 1328 2350 50.
1351 2331 1474 2351 moerore
1489 2321 1622 2351 tabesco:
1645 2319 1828 2358 Terentius,

1103 2369 1223 2410 adelph.
1239 2370 1277 2401 iv.
1291 2374 1322 2401 5.
1338 2375 1387 2401 11.
1409 2373 1509 2402 dolore
1523 2373 1664 2403 tabescit.-
1683 2370 1828 2408 Ovidius,

1103 2428 1176 2453 met.
1192 2423 1250 2453 xiv.
1267 2426 1341 2453 431.

1135 2495 1253 2520 Luctibus
1263 2499 1432 2528 extremum,
1449 2500 1554 2523 teneras
1563 2496 1707 2529 liquefacta
1724 2497 1828 2522 medul-

1135 2535 1273 2600 robusti-as,

1107 2638 1233 2670 Graecos
1247 2639 1355 2676 secuti,
1368 2639 1422 2680 qui
1433 2640 1514 2670 hanc
1523 2639 1756 2670 translationem
1765 2637 1826 2669 fre·

1103 2697 1300 2732 quentavere.
1338 2691 1495 2730 Exemplo
1505 2691 1638 2722 sufficiat
1648 2689 1827 2731 Euripich‚

1105 2742 1192 2774 Med.
1211 2746 1281 2774 159.

1241 2819 1285 2845 Μη
1295 2820 1352 2842 Mar
1365 2816 1499 2845 ΤΑΚΟΥ,

1239 2864 1458 2890 ΟΔΥΡΟΜΕΝΑ
1469 2873 1511 2890 σον
1523 2870 1631 2890 tornea-⁸
