<?xml version="1.0" encoding="UTF-8"?>
<!DOCTYPE html PUBLIC "-//W3C//DTD XHTML 1.0 Transitional//EN"
    "http://www.w3.org/TR/xhtml1/DTD/xhtml1-transitional.dtd">
<html xmlns="http://www.w3.org/1999/xhtml" xml:lang="en" lang="en">
 <head>
  <title>
</title>
<meta http-equiv="Content-Type" content="text/html;charset=utf-8" />
  <meta name='ocr-system' content='tesseract 3.04.00' />
  <meta name='ocr-capabilities' content='ocr_page ocr_carea ocr_par ocr_line ocrx_word'/>
</head>
<body>
  <div class='ocr_page' id='page_1' title='image "./tlucretiicarider02lucruoft_0145.png"; bbox 0 0 1912 3292; ppageno 0'>
   <div class='ocr_carea' id='block_1_1' title="bbox 463 250 1095 301">
    <p class='ocr_par' dir='ltr' id='par_1_1' title="bbox 463 250 1095 301">
     <span class='ocr_line' id='line_1_1' title="bbox 463 250 1095 301; baseline -0.005 0"><span class='ocrx_word' id='word_1_1' title='bbox 463 251 696 301; x_wconf 89' lang='lat' dir='ltr'>LIBER</span> <span class='ocrx_word' id='word_1_2' title='bbox 743 250 1095 298; x_wconf 85' lang='lat' dir='ltr'><strong>TERTIUS.</strong></span> 
     </span>
    </p>
   </div>
   <div class='ocr_carea' id='block_1_2' title="bbox 61 381 1394 587">
    <p class='ocr_par' dir='ltr' id='par_1_2' title="bbox 61 381 1394 587">
     <span class='ocr_line' id='line_1_2' title="bbox 61 381 1248 442; baseline -0.007 -13"><span class='ocrx_word' id='word_1_3' title='bbox 61 391 145 428; x_wconf 76' lang='lat'>620</span> <span class='ocrx_word' id='word_1_4' title='bbox 176 386 315 442; x_wconf 87' lang='lat' dir='ltr'><strong>Atque</strong></span> <span class='ocrx_word' id='word_1_5' title='bbox 333 385 404 433; x_wconf 84' lang='lat' dir='ltr'>ita,</span> <span class='ocrx_word' id='word_1_6' title='bbox 425 382 691 432; x_wconf 85' lang='lat' dir='ltr'>multimodis,</span> <span class='ocrx_word' id='word_1_7' title='bbox 712 396 790 436; x_wconf 90' lang='lat' dir='ltr'>pro</span> <span class='ocrx_word' id='word_1_8' title='bbox 809 382 905 422; x_wconf 88' lang='lat' dir='ltr'>totis</span> <span class='ocrx_word' id='word_1_9' title='bbox 926 381 1112 431; x_wconf 86' lang='lat' dir='ltr'>artubus,</span> <span class='ocrx_word' id='word_1_10' title='bbox 1136 396 1221 422; x_wconf 88' lang='lat' dir='ltr'>esse</span> <span class='ocrx_word' id='word_1_11' title='bbox 1230 399 1248 431; x_wconf 84' lang='lat'>3.</span> 
     </span>
     <span class='ocr_line' id='line_1_3' title="bbox 178 455 1394 511; baseline -0.006 -9"><span class='ocrx_word' id='word_1_12' title='bbox 178 458 464 503; x_wconf 82' lang='lat' dir='ltr'>Membrorum</span> <span class='ocrx_word' id='word_1_13' title='bbox 484 463 531 496; x_wconf 87' lang='lat' dir='ltr'>ut</span> <span class='ocrx_word' id='word_1_14' title='bbox 550 469 752 511; x_wconf 86' lang='lat' dir='ltr'>nusquam</span> <span class='ocrx_word' id='word_1_15' title='bbox 772 455 940 496; x_wconf 81' lang='lat' dir='ltr'>exsistat</span> <span class='ocrx_word' id='word_1_16' title='bbox 958 463 1235 510; x_wconf 79' lang='lat' dir='ltr'>praeposterus</span> <span class='ocrx_word' id='word_1_17' title='bbox 1257 455 1362 495; x_wconf 84' lang='lat' dir='ltr'>ordo</span> <span class='ocrx_word' id='word_1_18' title='bbox 1375 456 1394 495; x_wconf 85' lang='lat'>?</span> 
     </span>
     <span class='ocr_line' id='line_1_4' title="bbox 181 529 1351 587; baseline -0.004 -13"><span class='ocrx_word' id='word_1_19' title='bbox 181 534 322 587; x_wconf 86' lang='lat' dir='ltr'>Usque</span> <span class='ocrx_word' id='word_1_20' title='bbox 341 529 445 571; x_wconf 86' lang='lat' dir='ltr'>adeo</span> <span class='ocrx_word' id='word_1_21' title='bbox 464 530 646 585; x_wconf 85' lang='lat' dir='ltr'>sequitur</span> <span class='ocrx_word' id='word_1_22' title='bbox 665 544 729 570; x_wconf 89' lang='lat' dir='ltr'>res</span> <span class='ocrx_word' id='word_1_23' title='bbox 749 544 852 579; x_wconf 89' lang='lat' dir='ltr'>rem,</span> <span class='ocrx_word' id='word_1_24' title='bbox 874 544 1008 584; x_wconf 88' lang='lat' dir='ltr'>neque</span> <span class='ocrx_word' id='word_1_25' title='bbox 1026 529 1198 570; x_wconf 84' lang='lat' dir='ltr'>flamma</span> <span class='ocrx_word' id='word_1_26' title='bbox 1219 530 1351 570; x_wconf 81' lang='lat' dir='ltr'>creari</span> 
     </span>
    </p>
   </div>
   <div class='ocr_carea' id='block_1_3' title="bbox 180 603 1323 660">
    <p class='ocr_par' dir='ltr' id='par_1_3' title="bbox 180 603 1323 660">
     <span class='ocr_line' id='line_1_5' title="bbox 180 603 1323 660; baseline -0.003 -13"><span class='ocrx_word' id='word_1_27' title='bbox 180 604 435 648; x_wconf 81' lang='lat' dir='ltr'>Fluminibus</span> <span class='ocrx_word' id='word_1_28' title='bbox 456 603 573 645; x_wconf 82' lang='lat' dir='ltr'>solita</span> <span class='ocrx_word' id='word_1_29' title='bbox 592 612 666 654; x_wconf 89' lang='lat' dir='ltr'>est,</span> <span class='ocrx_word' id='word_1_30' title='bbox 688 618 821 659; x_wconf 88' lang='lat' dir='ltr'>neque</span> <span class='ocrx_word' id='word_1_31' title='bbox 840 604 884 644; x_wconf 90' lang='lat' dir='ltr'>in</span> <span class='ocrx_word' id='word_1_32' title='bbox 903 604 991 660; x_wconf 82' lang='lat' dir='ltr'>igni</span> <span class='ocrx_word' id='word_1_33' title='bbox 1010 603 1173 660; x_wconf 80' lang='lat' dir='ltr'>gignier</span> <span class='ocrx_word' id='word_1_34' title='bbox 1194 603 1323 659; x_wconf 85' lang='lat' dir='ltr'>algor.</span> 
     </span>
    </p>
   </div>
   <div class='ocr_carea' id='block_1_4' title="bbox 238 677 1203 728">
    <p class='ocr_par' dir='ltr' id='par_1_4' title="bbox 238 677 1203 728">
     <span class='ocr_line' id='line_1_6' title="bbox 238 677 1203 728; baseline -0.002 -8"><span class='ocrx_word' id='word_1_35' title='bbox 238 679 462 728; x_wconf 74' lang='lat' dir='ltr'>Praeterea,</span> <span class='ocrx_word' id='word_1_36' title='bbox 482 679 515 719; x_wconf 89' lang='lat' dir='ltr'>si</span> <span class='ocrx_word' id='word_1_37' title='bbox 535 677 763 719; x_wconf 80' lang='lat' dir='ltr'>inmortalis</span> <span class='ocrx_word' id='word_1_38' title='bbox 781 685 930 718; x_wconf 83' lang='lat' dir='ltr'>natura</span> <span class='ocrx_word' id='word_1_39' title='bbox 949 677 1105 717; x_wconf 74' lang='lat' dir='ltr'>animai</span> <span class='ocrx_word' id='word_1_40' title='bbox 1128 685 1203 727; x_wconf 85' lang='lat' dir='ltr'>est,</span> 
     </span>
    </p>
   </div>
   <div class='ocr_carea' id='block_1_5' title="bbox 69 754 1173 808">
    <p class='ocr_par' dir='ltr' id='par_1_5' title="bbox 69 754 1173 808">
     <span class='ocr_line' id='line_1_7' title="bbox 69 754 1173 808; baseline -0.006 -10"><span class='ocrx_word' id='word_1_41' title='bbox 69 761 151 798; x_wconf 79' lang='lat'>625</span> <span class='ocrx_word' id='word_1_42' title='bbox 183 755 240 797; x_wconf 87' lang='lat' dir='ltr'>Et</span> <span class='ocrx_word' id='word_1_43' title='bbox 260 754 409 795; x_wconf 83' lang='lat' dir='ltr'>sentire</span> <span class='ocrx_word' id='word_1_44' title='bbox 428 760 577 808; x_wconf 85' lang='lat' dir='ltr'>potest,</span> <span class='ocrx_word' id='word_1_45' title='bbox 599 760 753 794; x_wconf 85' lang='lat' dir='ltr'>secreta</span> <span class='ocrx_word' id='word_1_46' title='bbox 772 768 796 793; x_wconf 86' lang='lat' dir='ltr'>a</span> <span class='ocrx_word' id='word_1_47' title='bbox 816 767 989 807; x_wconf 84' lang='lat' dir='ltr'>corpore</span> <span class='ocrx_word' id='word_1_48' title='bbox 1008 760 1153 792; x_wconf 84' lang='lat' dir='ltr'>nostro</span> <span class='ocrx_word' id='word_1_49' title='bbox 1160 770 1173 801; x_wconf 86' lang='lat'>3</span> 
     </span>
    </p>
   </div>
   <div class='ocr_carea' id='block_1_6' title="bbox 187 826 1501 885">
    <p class='ocr_par' dir='ltr' id='par_1_6' title="bbox 187 826 1501 885">
     <span class='ocr_line' id='line_1_8' title="bbox 187 826 1501 885; baseline -0.002 -15"><span class='ocrx_word' id='word_1_50' title='bbox 187 829 397 885; x_wconf 85' lang='lat' dir='ltr'>Quinque,</span> <span class='ocrx_word' id='word_1_51' title='bbox 419 836 466 869; x_wconf 87' lang='lat' dir='ltr'>ut</span> <span class='ocrx_word' id='word_1_52' title='bbox 485 828 649 884; x_wconf 86' lang='lat' dir='ltr'>opinor,</span> <span class='ocrx_word' id='word_1_53' title='bbox 671 842 762 869; x_wconf 84' lang='lat' dir='ltr'>earn</span> <span class='ocrx_word' id='word_1_54' title='bbox 781 826 1019 869; x_wconf 82' lang='lat' dir='ltr'>faciundum</span> <span class='ocrx_word' id='word_1_55' title='bbox 1040 834 1099 868; x_wconf 86' lang='lat' dir='ltr'>est</span> <span class='ocrx_word' id='word_1_56' title='bbox 1119 826 1301 868; x_wconf 83' lang='lat' dir='ltr'>sensibus</span> <span class='ocrx_word' id='word_1_57' title='bbox 1321 836 1501 870; x_wconf 81' lang='lat' dir='ltr'>auctam:</span> 
     </span>
    </p>
   </div>
   <div class='ocr_carea' id='block_1_7' title="bbox 71 985 734 1138">
    <p class='ocr_par' dir='ltr' id='par_1_7' title="bbox 71 985 734 1138">
     <span class='ocr_line' id='line_1_9' title="bbox 71 985 732 1013; baseline -0.003 0"><span class='ocrx_word' id='word_1_58' title='bbox 71 987 200 1013; x_wconf 75' lang='lat' dir='ltr'>Redditur</span> <span class='ocrx_word' id='word_1_59' title='bbox 209 985 347 1011; x_wconf 67' lang='lat' dir='ltr'>arboribus</span> <span class='ocrx_word' id='word_1_60' title='bbox 358 985 454 1010; x_wconf 87' lang='lat' dir='ltr'>florens</span> <span class='ocrx_word' id='word_1_61' title='bbox 465 985 641 1010; x_wconf 78' lang='lat' dir='ltr'>revirentibus</span> <span class='ocrx_word' id='word_1_62' title='bbox 650 989 732 1011; x_wconf 61' lang='lat' dir='ltr'>aetas:</span> 
     </span>
     <span class='ocr_line' id='line_1_10' title="bbox 101 1024 695 1059; baseline -0.003 -7"><span class='ocrx_word' id='word_1_63' title='bbox 101 1029 170 1059; x_wconf 84' lang='lat' dir='ltr'>Ergo</span> <span class='ocrx_word' id='word_1_64' title='bbox 183 1033 237 1051; x_wconf 92' lang='lat' dir='ltr'>non</span> <span class='ocrx_word' id='word_1_65' title='bbox 249 1025 363 1055; x_wconf 83' lang='lat' dir='ltr'>homini,</span> <span class='ocrx_word' id='word_1_66' title='bbox 375 1026 447 1056; x_wconf 87' lang='lat' dir='ltr'>quod</span> <span class='ocrx_word' id='word_1_67' title='bbox 459 1024 510 1049; x_wconf 82' lang='lat' dir='ltr'>fuit</span> <span class='ocrx_word' id='word_1_68' title='bbox 522 1029 596 1051; x_wconf 78' lang='lat' dir='ltr'>ante.</span> <span class='ocrx_word' id='word_1_69' title='bbox 608 1025 695 1050; x_wconf 78' lang='lat' dir='ltr'>redit?</span> 
     </span>
     <span class='ocr_line' id='line_1_11' title="bbox 72 1064 734 1097; baseline -0.003 -6"><span class='ocrx_word' id='word_1_70' title='bbox 72 1067 238 1097; x_wconf 84' lang='lat' dir='ltr'>Vivacesque</span> <span class='ocrx_word' id='word_1_71' title='bbox 249 1065 332 1096; x_wconf 78' lang='lat' dir='ltr'>magis</span> <span class='ocrx_word' id='word_1_72' title='bbox 343 1072 434 1088; x_wconf 82' lang='lat' dir='ltr'>cervos</span> <span class='ocrx_word' id='word_1_73' title='bbox 444 1064 524 1089; x_wconf 74' lang='lat' dir='ltr'>decet</span> <span class='ocrx_word' id='word_1_74' title='bbox 533 1072 587 1089; x_wconf 79' lang='lat' dir='ltr'>esse</span> <span class='ocrx_word' id='word_1_75' title='bbox 595 1068 734 1096; x_wconf 78' lang='lat' dir='ltr'>paventes,</span> 
     </span>
     <span class='ocr_line' id='line_1_12' title="bbox 101 1104 712 1138; baseline -0.002 -7"><span class='ocrx_word' id='word_1_76' title='bbox 101 1107 127 1132; x_wconf 86' lang='lat' dir='ltr'>Si</span> <span class='ocrx_word' id='word_1_77' title='bbox 138 1113 256 1138; x_wconf 83' lang='lat' dir='ltr'>quorum</span> <span class='ocrx_word' id='word_1_78' title='bbox 267 1106 295 1130; x_wconf 91' lang='lat' dir='ltr'>in</span> <span class='ocrx_word' id='word_1_79' title='bbox 306 1105 385 1130; x_wconf 63' lang='lat' dir='ltr'>torva</span> <span class='ocrx_word' id='word_1_80' title='bbox 397 1111 498 1129; x_wconf 88' lang='lat' dir='ltr'>cornua</span> <span class='ocrx_word' id='word_1_81' title='bbox 507 1104 598 1130; x_wconf 84' lang='lat' dir='ltr'>fronte</span> <span class='ocrx_word' id='word_1_82' title='bbox 608 1105 712 1136; x_wconf 81' lang='lat' dir='ltr'>rigent?</span> 
     </span>
    </p>
   </div>
   <div class='ocr_carea' id='block_1_8' title="bbox 40 1187 768 1279">
    <p class='ocr_par' dir='ltr' id='par_1_8' title="bbox 40 1187 768 1279">
     <span class='ocr_line' id='line_1_13' title="bbox 41 1187 768 1228; baseline -0.003 -7"><span class='ocrx_word' id='word_1_83' title='bbox 41 1190 208 1221; x_wconf 82' lang='lat' dir='ltr'>Distichon</span> <span class='ocrx_word' id='word_1_84' title='bbox 223 1188 375 1228; x_wconf 77' lang='lat' dir='ltr'>posterius</span> <span class='ocrx_word' id='word_1_85' title='bbox 388 1188 531 1219; x_wconf 77' lang='lat' dir='ltr'>vitiatum</span> <span class='ocrx_word' id='word_1_86' title='bbox 547 1195 602 1226; x_wconf 85' lang='lat' dir='ltr'>est,</span> <span class='ocrx_word' id='word_1_87' title='bbox 619 1195 650 1219; x_wconf 89' lang='lat' dir='ltr'>et</span> <span class='ocrx_word' id='word_1_88' title='bbox 666 1187 768 1228; x_wconf 87' lang='lat' dir='ltr'>dupli-</span> 
     </span>
     <span class='ocr_line' id='line_1_14' title="bbox 40 1239 765 1279; baseline -0.003 -7"><span class='ocrx_word' id='word_1_89' title='bbox 40 1242 70 1271; x_wconf 86' lang='lat' dir='ltr'>ci</span> <span class='ocrx_word' id='word_1_90' title='bbox 87 1239 135 1272; x_wconf 67' lang='lat' dir='ltr'>via</span> <span class='ocrx_word' id='word_1_91' title='bbox 150 1239 338 1271; x_wconf 85' lang='lat' dir='ltr'>emendandi</span> <span class='ocrx_word' id='word_1_92' title='bbox 351 1240 542 1270; x_wconf 79' lang='lat' dir='ltr'>tentaverim.</span> <span class='ocrx_word' id='word_1_93' title='bbox 580 1241 654 1270; x_wconf 79' lang='lat' dir='ltr'>Hac</span> <span class='ocrx_word' id='word_1_94' title='bbox 665 1240 765 1279; x_wconf 83' lang='lat' dir='ltr'>prius:</span> 
     </span>
    </p>
   </div>
   <div class='ocr_carea' id='block_1_9' title="bbox 72 1331 740 1402">
    <p class='ocr_par' dir='ltr' id='par_1_9' title="bbox 72 1331 740 1402">
     <span class='ocr_line' id='line_1_15' title="bbox 72 1331 740 1362; baseline -0.003 -6"><span class='ocrx_word' id='word_1_95' title='bbox 72 1332 237 1362; x_wconf 77' lang='lat' dir='ltr'>Vivacesque</span> <span class='ocrx_word' id='word_1_96' title='bbox 247 1331 332 1362; x_wconf 85' lang='lat' dir='ltr'>magis</span> <span class='ocrx_word' id='word_1_97' title='bbox 343 1337 436 1355; x_wconf 88' lang='lat' dir='ltr'>cervos</span> <span class='ocrx_word' id='word_1_98' title='bbox 446 1332 524 1355; x_wconf 85' lang='lat' dir='ltr'>decet</span> <span class='ocrx_word' id='word_1_99' title='bbox 535 1337 600 1360; x_wconf 85' lang='lat' dir='ltr'>esse,</span> <span class='ocrx_word' id='word_1_100' title='bbox 611 1334 740 1355; x_wconf 79' lang='lat' dir='ltr'>novantes</span> 
     </span>
     <span class='ocr_line' id='line_1_16' title="bbox 104 1370 710 1402; baseline -0.002 -6"><span class='ocrx_word' id='word_1_101' title='bbox 104 1371 130 1396; x_wconf 84' lang='lat' dir='ltr'>Si</span> <span class='ocrx_word' id='word_1_102' title='bbox 140 1378 256 1402; x_wconf 82' lang='lat' dir='ltr'>quorum</span> <span class='ocrx_word' id='word_1_103' title='bbox 268 1371 295 1394; x_wconf 86' lang='lat' dir='ltr'>in</span> <span class='ocrx_word' id='word_1_104' title='bbox 305 1370 384 1394; x_wconf 67' lang='lat' dir='ltr'>torva</span> <span class='ocrx_word' id='word_1_105' title='bbox 395 1377 496 1394; x_wconf 86' lang='lat' dir='ltr'>cornua</span> <span class='ocrx_word' id='word_1_106' title='bbox 505 1370 596 1396; x_wconf 81' lang='lat' dir='ltr'>fronte</span> <span class='ocrx_word' id='word_1_107' title='bbox 607 1370 710 1402; x_wconf 79' lang='lat' dir='ltr'>rigent?</span> 
     </span>
    </p>
   </div>
   <div class='ocr_carea' id='block_1_10' title="bbox 43 1442 426 1481">
    <p class='ocr_par' dir='ltr' id='par_1_10' title="bbox 43 1442 426 1481">
     <span class='ocr_line' id='line_1_17' title="bbox 43 1442 426 1481; baseline -0.003 -7"><span class='ocrx_word' id='word_1_108' title='bbox 43 1443 181 1481; x_wconf 83' lang='lat' dir='ltr'>Deinde,</span> <span class='ocrx_word' id='word_1_109' title='bbox 196 1443 250 1474; x_wconf 87' lang='lat' dir='ltr'>sed</span> <span class='ocrx_word' id='word_1_110' title='bbox 265 1442 426 1474; x_wconf 87' lang='lat' dir='ltr'>audacius:</span> 
     </span>
    </p>
   </div>
   <div class='ocr_carea' id='block_1_11' title="bbox 74 1526 747 1597">
    <p class='ocr_par' dir='ltr' id='par_1_11' title="bbox 74 1526 747 1597">
     <span class='ocr_line' id='line_1_18' title="bbox 74 1526 747 1558; baseline -0.001 -7"><span class='ocrx_word' id='word_1_111' title='bbox 74 1527 238 1557; x_wconf 75' lang='lat' dir='ltr'>Vivacesque</span> <span class='ocrx_word' id='word_1_112' title='bbox 247 1526 334 1558; x_wconf 77' lang='lat' dir='ltr'>magis</span> <span class='ocrx_word' id='word_1_113' title='bbox 345 1532 438 1551; x_wconf 73' lang='lat' dir='ltr'>cervos</span> <span class='ocrx_word' id='word_1_114' title='bbox 448 1526 526 1551; x_wconf 86' lang='lat' dir='ltr'>decet</span> <span class='ocrx_word' id='word_1_115' title='bbox 536 1533 591 1551; x_wconf 81' lang='lat' dir='ltr'>esse</span> <span class='ocrx_word' id='word_1_116' title='bbox 602 1527 747 1558; x_wconf 75' lang='lat' dir='ltr'>paventes?</span> 
     </span>
     <span class='ocr_line' id='line_1_19' title="bbox 105 1565 707 1597; baseline 0 -7"><span class='ocrx_word' id='word_1_117' title='bbox 105 1565 283 1597; x_wconf 80' lang='lat' dir='ltr'>Siccorumque</span> <span class='ocrx_word' id='word_1_118' title='bbox 294 1566 370 1590; x_wconf 59' lang='lat' dir='ltr'>nova}</span> <span class='ocrx_word' id='word_1_119' title='bbox 382 1572 483 1590; x_wconf 84' lang='lat' dir='ltr'>cornua</span> <span class='ocrx_word' id='word_1_120' title='bbox 493 1565 583 1590; x_wconf 85' lang='lat' dir='ltr'>fronte</span> <span class='ocrx_word' id='word_1_121' title='bbox 594 1565 707 1597; x_wconf 79' lang='lat' dir='ltr'>vigent?</span> 
     </span>
    </p>
   </div>
   <div class='ocr_carea' id='block_1_12' title="bbox 45 1646 774 1840">
    <p class='ocr_par' dir='ltr' id='par_1_12' title="bbox 45 1646 774 1840">
     <span class='ocr_line' id='line_1_20' title="bbox 47 1646 771 1687; baseline -0.003 -10"><span class='ocrx_word' id='word_1_122' title='bbox 47 1648 201 1678; x_wconf 80' lang='lat' dir='ltr'>Siccorum</span> <span class='ocrx_word' id='word_1_123' title='bbox 217 1646 338 1687; x_wconf 86' lang='lat' dir='ltr'>utique,</span> <span class='ocrx_word' id='word_1_124' title='bbox 355 1646 404 1676; x_wconf 86' lang='lat' dir='ltr'>sui</span> <span class='ocrx_word' id='word_1_125' title='bbox 419 1646 537 1676; x_wconf 83' lang='lat' dir='ltr'>roboris</span> <span class='ocrx_word' id='word_1_126' title='bbox 552 1652 644 1686; x_wconf 77' lang='lat' dir='ltr'>atque</span> <span class='ocrx_word' id='word_1_127' title='bbox 655 1646 771 1686; x_wconf 81' lang='lat' dir='ltr'>juveu-</span> 
     </span>
     <span class='ocr_line' id='line_1_21' title="bbox 45 1697 771 1736; baseline -0.001 -8"><span class='ocrx_word' id='word_1_128' title='bbox 45 1698 121 1728; x_wconf 72' lang='lat' dir='ltr'>tutis</span> <span class='ocrx_word' id='word_1_129' title='bbox 148 1697 384 1735; x_wconf 79' lang='lat' dir='ltr'>destitutorum3</span> <span class='ocrx_word' id='word_1_130' title='bbox 407 1700 579 1736; x_wconf 64' lang='lat' dir='ltr'>aridorum,</span> <span class='ocrx_word' id='word_1_131' title='bbox 609 1708 771 1728; x_wconf 85' lang='lat' dir='ltr'>senescen-</span> 
     </span>
     <span class='ocr_line' id='line_1_22' title="bbox 46 1749 774 1787; baseline 0 -7"><span class='ocrx_word' id='word_1_132' title='bbox 46 1749 136 1780; x_wconf 79' lang='lat' dir='ltr'>tium.</span> <span class='ocrx_word' id='word_1_133' title='bbox 169 1749 321 1780; x_wconf 83' lang='lat' dir='ltr'>Conferas</span> <span class='ocrx_word' id='word_1_134' title='bbox 335 1750 535 1787; x_wconf 85' lang='lat' dir='ltr'>Juvenalem,</span> <span class='ocrx_word' id='word_1_135' title='bbox 552 1750 612 1781; x_wconf 79' lang='lat' dir='ltr'>xiv.</span> <span class='ocrx_word' id='word_1_136' title='bbox 629 1753 700 1781; x_wconf 78' lang='lat'><strong>251.</strong></span> <span class='ocrx_word' id='word_1_137' title='bbox 716 1760 774 1780; x_wconf 90' lang='lat' dir='ltr'>nos</span> 
     </span>
     <span class='ocr_line' id='line_1_23' title="bbox 48 1801 431 1840; baseline 0 -9"><span class='ocrx_word' id='word_1_138' title='bbox 48 1801 87 1831; x_wconf 85' lang='lat' dir='ltr'>ad</span> <span class='ocrx_word' id='word_1_139' title='bbox 105 1802 196 1840; x_wconf 87' lang='lat' dir='ltr'>Soph.</span> <span class='ocrx_word' id='word_1_140' title='bbox 217 1801 348 1832; x_wconf 86' lang='lat' dir='ltr'>Philoct.</span> <span class='ocrx_word' id='word_1_141' title='bbox 360 1805 431 1833; x_wconf 81' lang='lat'><strong>954.</strong></span> 
     </span>
    </p>
   </div>
   <div class='ocr_carea' id='block_1_13' title="bbox 49 1860 772 1952">
    <p class='ocr_par' dir='ltr' id='par_1_13' title="bbox 49 1860 772 1952">
     <span class='ocr_line' id='line_1_24' title="bbox 91 1860 772 1892; baseline 0 -2"><span class='ocrx_word' id='word_1_142' title='bbox 91 1860 164 1891; x_wconf 81' lang='lat' dir='ltr'>Ver.</span> <span class='ocrx_word' id='word_1_143' title='bbox 180 1865 250 1892; x_wconf 89' lang='lat'><strong>615.</strong></span> <span class='ocrx_word' id='word_1_144' title='bbox 275 1863 391 1891; x_wconf 73' lang='lat' dir='ltr'>animi:</span> <span class='ocrx_word' id='word_1_145' title='bbox 419 1868 463 1892; x_wconf 83' lang='grc' dir='ltr'><strong>Ω.</strong></span> <span class='ocrx_word' id='word_1_146' title='bbox 486 1862 772 1892; x_wconf 56' lang='lat' dir='ltr'>animan—Versus</span> 
     </span>
     <span class='ocr_line' id='line_1_25' title="bbox 49 1911 496 1952; baseline 0 -10"><span class='ocrx_word' id='word_1_147' title='bbox 49 1913 169 1952; x_wconf 86' lang='lat' dir='ltr'>integer</span> <span class='ocrx_word' id='word_1_148' title='bbox 182 1912 216 1941; x_wconf 91' lang='lat' dir='ltr'>in</span> <span class='ocrx_word' id='word_1_149' title='bbox 233 1912 279 1942; x_wconf 88' lang='lat' dir='ltr'>M.</span> <span class='ocrx_word' id='word_1_150' title='bbox 297 1911 496 1943; x_wconf 83' lang='lat' dir='ltr'>desideratur.</span> 
     </span>
    </p>
   </div>
   <div class='ocr_carea' id='block_1_14' title="bbox 52 1972 407 2054">
    <p class='ocr_par' dir='ltr' id='par_1_14' title="bbox 52 1972 407 2054">
     <span class='ocr_line' id='line_1_26' title="bbox 93 1972 407 2004; baseline 0.006 -2"><span class='ocrx_word' id='word_1_151' title='bbox 93 1972 176 2003; x_wconf 90' lang='lat' dir='ltr'>Ibid.</span> <span class='ocrx_word' id='word_1_152' title='bbox 199 1983 281 2003; x_wconf 83' lang='lat' dir='ltr'>mens</span> <span class='ocrx_word' id='word_1_153' title='bbox 297 1975 407 2004; x_wconf 81' lang='lat' dir='ltr'>animi.</span> 
     </span>
     <span class='ocr_line' id='line_1_27' title="bbox 52 2026 124 2054; baseline 0.014 -1"><span class='ocrx_word' id='word_1_154' title='bbox 52 2026 79 2054; x_wconf 92' lang='lat'><strong>1.</strong></span> <span class='ocrx_word' id='word_1_155' title='bbox 96 2027 124 2054; x_wconf 88' lang='lat'>4.</span> 
     </span>
    </p>
   </div>
   <div class='ocr_carea' id='block_1_15' title="bbox 455 1972 771 2012">
    <p class='ocr_par' dir='ltr' id='par_1_15' title="bbox 455 1972 771 2012">
     <span class='ocr_line' id='line_1_28' title="bbox 455 1972 771 2012; baseline 0.003 -10"><span class='ocrx_word' id='word_1_156' title='bbox 455 1972 597 2011; x_wconf 79' lang='lat' dir='ltr'>Plautus,</span> <span class='ocrx_word' id='word_1_157' title='bbox 615 1973 707 2012; x_wconf 86' lang='lat' dir='ltr'>Epid.</span> <span class='ocrx_word' id='word_1_158' title='bbox 732 1973 771 2003; x_wconf 81' lang='lat' dir='ltr'>iv,</span> 
     </span>
    </p>
   </div>
   <div class='ocr_carea' id='block_1_16' title="bbox 110 2101 528 2127">
    <p class='ocr_par' dir='ltr' id='par_1_16' title="bbox 110 2101 528 2127">
     <span class='ocr_line' id='line_1_29' title="bbox 110 2101 528 2127; baseline -0.002 -1"><span class='ocrx_word' id='word_1_159' title='bbox 110 2103 194 2126; x_wconf 85' lang='lat' dir='ltr'>Pavor</span> <span class='ocrx_word' id='word_1_160' title='bbox 204 2101 311 2127; x_wconf 82' lang='lat' dir='ltr'>territat</span> <span class='ocrx_word' id='word_1_161' title='bbox 321 2105 426 2126; x_wconf 78' lang='lat' dir='ltr'>mentem</span> <span class='ocrx_word' id='word_1_162' title='bbox 437 2101 528 2126; x_wconf 78' lang='lat' dir='ltr'>animi.</span> 
     </span>
    </p>
   </div>
   <div class='ocr_carea' id='block_1_17' title="bbox 51 2167 778 2364">
    <p class='ocr_par' dir='ltr' id='par_1_17' title="bbox 51 2167 778 2364">
     <span class='ocr_line' id='line_1_30' title="bbox 53 2167 776 2208; baseline -0.001 -9"><span class='ocrx_word' id='word_1_163' title='bbox 53 2168 104 2199; x_wconf 89' lang='lat' dir='ltr'>Sic</span> <span class='ocrx_word' id='word_1_164' title='bbox 123 2168 198 2199; x_wconf 89' lang='lat' dir='ltr'>alibi</span> <span class='ocrx_word' id='word_1_165' title='bbox 220 2175 324 2200; x_wconf 86' lang='lat' dir='ltr'>noster</span> <span class='ocrx_word' id='word_1_166' title='bbox 339 2169 465 2208; x_wconf 85' lang='lat' dir='ltr'>saepius‚</span> <span class='ocrx_word' id='word_1_167' title='bbox 490 2174 521 2199; x_wconf 87' lang='lat' dir='ltr'>et</span> <span class='ocrx_word' id='word_1_168' title='bbox 543 2168 606 2199; x_wconf 81' lang='lat' dir='ltr'>alii.</span> <span class='ocrx_word' id='word_1_169' title='bbox 653 2167 776 2206; x_wconf 83' lang='lat' dir='ltr'>Cicero,</span> 
     </span>
     <span class='ocr_line' id='line_1_31' title="bbox 51 2220 777 2261; baseline -0.001 -10"><span class='ocrx_word' id='word_1_170' title='bbox 51 2220 92 2251; x_wconf 85' lang='lat' dir='ltr'>de</span> <span class='ocrx_word' id='word_1_171' title='bbox 108 2220 185 2251; x_wconf 81' lang='lat' dir='ltr'>finn.</span> <span class='ocrx_word' id='word_1_172' title='bbox 207 2231 235 2250; x_wconf 85' lang='lat' dir='ltr'>v.</span> <span class='ocrx_word' id='word_1_173' title='bbox 261 2224 310 2252; x_wconf 89' lang='grc'>15.</span> <span class='ocrx_word' id='word_1_174' title='bbox 333 2224 356 2240; x_wconf 84' lang='grc'><strong>“</strong></span> <span class='ocrx_word' id='word_1_175' title='bbox 373 2223 486 2252; x_wconf 80' lang='lat' dir='ltr'>Animi</span> <span class='ocrx_word' id='word_1_176' title='bbox 507 2226 625 2260; x_wconf 88' lang='lat' dir='ltr'>autem,</span> <span class='ocrx_word' id='word_1_177' title='bbox 657 2227 687 2250; x_wconf 87' lang='lat' dir='ltr'>et</span> <span class='ocrx_word' id='word_1_178' title='bbox 711 2222 777 2261; x_wconf 83' lang='lat' dir='ltr'>ejus</span> 
     </span>
     <span class='ocr_line' id='line_1_32' title="bbox 53 2273 778 2314; baseline 0 -11"><span class='ocrx_word' id='word_1_179' title='bbox 53 2276 77 2291; x_wconf 89' lang='lat'><strong>“</strong></span> <span class='ocrx_word' id='word_1_180' title='bbox 93 2275 194 2304; x_wconf 81' lang='lat' dir='ltr'>animi</span> <span class='ocrx_word' id='word_1_181' title='bbox 203 2275 317 2313; x_wconf 79' lang='lat' dir='ltr'>partis,</span> <span class='ocrx_word' id='word_1_182' title='bbox 333 2283 403 2314; x_wconf 84' lang='lat' dir='ltr'>quae</span> <span class='ocrx_word' id='word_1_183' title='bbox 418 2273 559 2312; x_wconf 88' lang='lat' dir='ltr'>princeps</span> <span class='ocrx_word' id='word_1_184' title='bbox 574 2279 629 2310; x_wconf 84' lang='lat' dir='ltr'>est,</span> <span class='ocrx_word' id='word_1_185' title='bbox 645 2284 778 2314; x_wconf 83' lang='lat' dir='ltr'>quaeque</span> 
     </span>
     <span class='ocr_line' id='line_1_33' title="bbox 54 2324 777 2364; baseline 0.003 -10"><span class='ocrx_word' id='word_1_186' title='bbox 54 2328 76 2343; x_wconf 91' lang='lat'><strong>“</strong></span> <span class='ocrx_word' id='word_1_187' title='bbox 91 2335 174 2356; x_wconf 82' lang='lat' dir='ltr'>mens</span> <span class='ocrx_word' id='word_1_188' title='bbox 182 2324 374 2361; x_wconf 79' lang='lat' dir='ltr'>nominatur,</span> <span class='ocrx_word' id='word_1_189' title='bbox 382 2324 486 2364; x_wconf 90' lang='lat' dir='ltr'>plures</span> <span class='ocrx_word' id='word_1_190' title='bbox 497 2331 571 2355; x_wconf 88' lang='lat' dir='ltr'>sunt</span> <span class='ocrx_word' id='word_1_191' title='bbox 582 2326 777 2356; x_wconf 82' lang='lat' dir='ltr'>virtutes—.”</span> 
     </span>
    </p>
   </div>
   <div class='ocr_carea' id='block_1_18' title="bbox 54 2375 779 2457">
    <p class='ocr_par' dir='ltr' id='par_1_18' title="bbox 54 2375 779 2457">
     <span class='ocr_line' id='line_1_34' title="bbox 54 2375 779 2417; baseline 0.003 -12"><span class='ocrx_word' id='word_1_192' title='bbox 54 2375 210 2417; x_wconf 85' lang='lat' dir='ltr'>Virgilius</span> <span class='ocrx_word' id='word_1_193' title='bbox 233 2376 328 2406; x_wconf 88' lang='lat' dir='ltr'>etiam</span> <span class='ocrx_word' id='word_1_194' title='bbox 355 2376 480 2417; x_wconf 88' lang='lat' dir='ltr'>dignus,</span> <span class='ocrx_word' id='word_1_195' title='bbox 503 2377 556 2417; x_wconf 93' lang='lat' dir='ltr'>qui</span> <span class='ocrx_word' id='word_1_196' title='bbox 578 2377 779 2416; x_wconf 79' lang='lat' dir='ltr'>adscribatur,</span> 
     </span>
     <span class='ocr_line' id='line_1_35' title="bbox 57 2426 275 2457; baseline 0.005 -1"><span class='ocrx_word' id='word_1_197' title='bbox 57 2426 133 2457; x_wconf 85' lang='lat' dir='ltr'>AEn.</span> <span class='ocrx_word' id='word_1_198' title='bbox 148 2427 188 2457; x_wconf 89' lang='lat' dir='ltr'>iv.</span> <span class='ocrx_word' id='word_1_199' title='bbox 203 2430 275 2457; x_wconf 78' lang='lat'><strong>203.</strong></span> 
     </span>
    </p>
   </div>
   <div class='ocr_carea' id='block_1_19' title="bbox 89 2506 783 2538">
    <p class='ocr_par' dir='ltr' id='par_1_19' title="bbox 89 2506 783 2538">
     <span class='ocr_line' id='line_1_36' title="bbox 89 2506 783 2538; baseline 0.004 -8"><span class='ocrx_word' id='word_1_200' title='bbox 89 2507 178 2538; x_wconf 80' lang='lat' dir='ltr'>Isque,</span> <span class='ocrx_word' id='word_1_201' title='bbox 187 2513 274 2530; x_wconf 86' lang='lat' dir='ltr'>amens</span> <span class='ocrx_word' id='word_1_202' title='bbox 284 2506 375 2537; x_wconf 77' lang='lat' dir='ltr'>animi,</span> <span class='ocrx_word' id='word_1_203' title='bbox 385 2512 413 2533; x_wconf 86' lang='lat' dir='ltr'>et</span> <span class='ocrx_word' id='word_1_204' title='bbox 423 2514 531 2533; x_wconf 85' lang='lat' dir='ltr'>rumore</span> <span class='ocrx_word' id='word_1_205' title='bbox 541 2508 669 2534; x_wconf 76' lang='lat' dir='ltr'>adcensus</span> <span class='ocrx_word' id='word_1_206' title='bbox 679 2515 783 2533; x_wconf 79' lang='lat' dir='ltr'>amaro:</span> 
     </span>
    </p>
   </div>
   <div class='ocr_carea' id='block_1_20' title="bbox 56 2572 783 2664">
    <p class='ocr_par' dir='ltr' id='par_1_20' title="bbox 56 2572 783 2664">
     <span class='ocr_line' id='line_1_37' title="bbox 56 2572 783 2616; baseline 0.001 -13"><span class='ocrx_word' id='word_1_207' title='bbox 56 2572 76 2603; x_wconf 88' lang='lat' dir='ltr'>i.</span> <span class='ocrx_word' id='word_1_208' title='bbox 92 2583 118 2603; x_wconf 90' lang='lat' dir='ltr'>e.</span> <span class='ocrx_word' id='word_1_209' title='bbox 142 2576 166 2592; x_wconf 85' lang='lat'><strong>“</strong></span> <span class='ocrx_word' id='word_1_210' title='bbox 180 2575 282 2604; x_wconf 81' lang='lat' dir='ltr'>animi</span> <span class='ocrx_word' id='word_1_211' title='bbox 298 2580 395 2605; x_wconf 77' lang='lat' dir='ltr'>mente</span> <span class='ocrx_word' id='word_1_212' title='bbox 409 2574 578 2616; x_wconf 75' lang='lat' dir='ltr'>privatus.“</span> <span class='ocrx_word' id='word_1_213' title='bbox 625 2575 713 2605; x_wconf 88' lang='lat' dir='ltr'>Alibi</span> <span class='ocrx_word' id='word_1_214' title='bbox 736 2585 783 2605; x_wconf 86' lang='lat' dir='ltr'>se-</span> 
     </span>
     <span class='ocr_line' id='line_1_38' title="bbox 56 2623 780 2664; baseline 0.003 -10"><span class='ocrx_word' id='word_1_215' title='bbox 56 2623 190 2664; x_wconf 88' lang='lat' dir='ltr'>paratim</span> <span class='ocrx_word' id='word_1_216' title='bbox 204 2630 320 2663; x_wconf 87' lang='lat' dir='ltr'>noster,</span> <span class='ocrx_word' id='word_1_217' title='bbox 332 2635 394 2656; x_wconf 87' lang='lat' dir='ltr'>ver.</span> <span class='ocrx_word' id='word_1_218' title='bbox 409 2629 480 2656; x_wconf 81' lang='lat'><strong>405.</strong></span> <span class='ocrx_word' id='word_1_219' title='bbox 496 2637 579 2656; x_wconf 73' lang='lat' dir='ltr'>‘mens</span> <span class='ocrx_word' id='word_1_220' title='bbox 595 2632 626 2659; x_wconf 83' lang='lat' dir='ltr'>et</span> <span class='ocrx_word' id='word_1_221' title='bbox 641 2628 780 2657; x_wconf 80' lang='lat' dir='ltr'>animus:</span> 
     </span>
    </p>
   </div>
   <div class='ocr_carea' id='block_1_21' title="bbox 55 2675 784 2767">
    <p class='ocr_par' dir='ltr' id='par_1_21' title="bbox 55 2675 784 2767">
     <span class='ocr_line' id='line_1_39' title="bbox 55 2675 784 2709; baseline 0.003 -3"><span class='ocrx_word' id='word_1_222' title='bbox 55 2675 97 2706; x_wconf 87' lang='lat' dir='ltr'>de</span> <span class='ocrx_word' id='word_1_223' title='bbox 118 2677 168 2706; x_wconf 92' lang='lat' dir='ltr'>his</span> <span class='ocrx_word' id='word_1_224' title='bbox 188 2687 261 2707; x_wconf 87' lang='lat' dir='ltr'>vero</span> <span class='ocrx_word' id='word_1_225' title='bbox 276 2677 419 2708; x_wconf 86' lang='lat' dir='ltr'>consulas</span> <span class='ocrx_word' id='word_1_226' title='bbox 434 2677 696 2709; x_wconf 83' lang='lat' dir='ltr'>animadversores</span> <span class='ocrx_word' id='word_1_227' title='bbox 711 2678 784 2709; x_wconf 83' lang='lat' dir='ltr'>doc-</span> 
     </span>
     <span class='ocr_line' id='line_1_40' title="bbox 57 2727 572 2767; baseline 0.008 -10"><span class='ocrx_word' id='word_1_228' title='bbox 57 2727 194 2759; x_wconf 87' lang='lat' dir='ltr'>tissimos</span> <span class='ocrx_word' id='word_1_229' title='bbox 208 2729 249 2760; x_wconf 87' lang='lat' dir='ltr'>ad</span> <span class='ocrx_word' id='word_1_230' title='bbox 264 2729 406 2767; x_wconf 89' lang='lat' dir='ltr'>Florum,</span> <span class='ocrx_word' id='word_1_231' title='bbox 421 2731 461 2761; x_wconf 89' lang='lat' dir='ltr'>iv.</span> <span class='ocrx_word' id='word_1_232' title='bbox 480 2734 527 2761; x_wconf 92' lang='grc'><strong>11.</strong></span> <span class='ocrx_word' id='word_1_233' title='bbox 543 2733 572 2761; x_wconf 85' lang='grc'><strong>5.</strong></span> 
     </span>
    </p>
   </div>
   <div class='ocr_carea' id='block_1_22' title="bbox 60 2787 788 2987">
    <p class='ocr_par' dir='ltr' id='par_1_22' title="bbox 60 2787 788 2987">
     <span class='ocr_line' id='line_1_41' title="bbox 101 2787 785 2826; baseline 0.006 -9"><span class='ocrx_word' id='word_1_234' title='bbox 101 2787 176 2819; x_wconf 84' lang='lat' dir='ltr'>Ver.</span> <span class='ocrx_word' id='word_1_235' title='bbox 193 2792 265 2820; x_wconf 88' lang='lat'><strong>616.</strong></span> <span class='ocrx_word' id='word_1_236' title='bbox 287 2792 376 2821; x_wconf 80' lang='lat' dir='ltr'>unis:</span> <span class='ocrx_word' id='word_1_237' title='bbox 401 2790 439 2821; x_wconf 92' lang='lat' dir='ltr'>P.</span> <span class='ocrx_word' id='word_1_238' title='bbox 455 2791 497 2821; x_wconf 93' lang='lat' dir='ltr'>V.</span> <span class='ocrx_word' id='word_1_239' title='bbox 513 2789 560 2821; x_wconf 89' lang='lat' dir='ltr'>ed.</span> <span class='ocrx_word' id='word_1_240' title='bbox 578 2795 614 2821; x_wconf 90' lang='grc' dir='ltr'>Δ.</span> <span class='ocrx_word' id='word_1_241' title='bbox 635 2797 676 2821; x_wconf 90' lang='grc' dir='ltr'><strong>Π.</strong></span> <span class='ocrx_word' id='word_1_242' title='bbox 699 2793 785 2826; x_wconf 79' lang='lat' dir='ltr'>imis,-</span> 
     </span>
     <span class='ocr_line' id='line_1_42' title="bbox 60 2839 785 2883; baseline 0.007 -16"><span class='ocrx_word' id='word_1_243' title='bbox 60 2846 129 2877; x_wconf 84' lang='lat' dir='ltr'>quae</span> <span class='ocrx_word' id='word_1_244' title='bbox 143 2839 291 2871; x_wconf 84' lang='lat' dir='ltr'>facillima</span> <span class='ocrx_word' id='word_1_245' title='bbox 315 2846 361 2871; x_wconf 85' lang='lat' dir='ltr'>est</span> <span class='ocrx_word' id='word_1_246' title='bbox 382 2847 476 2883; x_wconf 86' lang='lat' dir='ltr'>atque</span> <span class='ocrx_word' id='word_1_247' title='bbox 498 2842 701 2872; x_wconf 85' lang='lat' dir='ltr'>usitatissima</span> <span class='ocrx_word' id='word_1_248' title='bbox 716 2853 785 2881; x_wconf 89' lang='lat' dir='ltr'>per-</span> 
     </span>
     <span class='ocr_line' id='line_1_43' title="bbox 63 2889 786 2925; baseline 0.008 -8"><span class='ocrx_word' id='word_1_249' title='bbox 63 2889 208 2921; x_wconf 83' lang='lat' dir='ltr'>mutatio:</span> <span class='ocrx_word' id='word_1_250' title='bbox 233 2891 304 2922; x_wconf 87' lang='lat' dir='ltr'>vide</span> <span class='ocrx_word' id='word_1_251' title='bbox 325 2902 386 2924; x_wconf 86' lang='lat' dir='ltr'>ver.</span> <span class='ocrx_word' id='word_1_252' title='bbox 403 2897 474 2924; x_wconf 89' lang='lat'><strong>581.</strong></span> <span class='ocrx_word' id='word_1_253' title='bbox 518 2894 669 2925; x_wconf 73' lang='lat' dir='ltr'>Fortassis</span> <span class='ocrx_word' id='word_1_254' title='bbox 690 2894 786 2924; x_wconf 88' lang='lat' dir='ltr'>etiam</span> 
     </span>
     <span class='ocr_line' id='line_1_44' title="bbox 63 2941 788 2987; baseline 0.01 -19"><span class='ocrx_word' id='word_1_255' title='bbox 63 2941 223 2973; x_wconf 84' lang='lat' dir='ltr'>nonnullis</span> <span class='ocrx_word' id='word_1_256' title='bbox 246 2943 391 2984; x_wconf 83' lang='lat' dir='ltr'>librariis,</span> <span class='ocrx_word' id='word_1_257' title='bbox 417 2956 488 2986; x_wconf 85' lang='lat' dir='ltr'>quae</span> <span class='ocrx_word' id='word_1_258' title='bbox 508 2946 612 2987; x_wconf 80' lang='lat' dir='ltr'>gentis</span> <span class='ocrx_word' id='word_1_259' title='bbox 630 2946 717 2978; x_wconf 84' lang='lat' dir='ltr'>istius</span> <span class='ocrx_word' id='word_1_260' title='bbox 741 2952 788 2976; x_wconf 78' lang='lat' dir='ltr'>est</span> 
     </span>
    </p>
   </div>
   <div class='ocr_carea' id='block_1_23' title="bbox 808 994 1561 2982">
    <p class='ocr_par' dir='ltr' id='par_1_23' title="bbox 808 994 1538 1130">
     <span class='ocr_line' id='line_1_45' title="bbox 808 994 1536 1034; baseline -0.003 -8"><span class='ocrx_word' id='word_1_261' title='bbox 808 1002 962 1032; x_wconf 86' lang='lat' dir='ltr'>venustas,</span> <span class='ocrx_word' id='word_1_262' title='bbox 979 1009 1012 1027; x_wconf 55' lang='lat' dir='ltr'>‘ra</span> <span class='ocrx_word' id='word_1_263' title='bbox 1027 998 1110 1034; x_wconf 73' lang='lat' dir='ltr'>unis,</span> <span class='ocrx_word' id='word_1_264' title='bbox 1126 996 1159 1025; x_wconf 92' lang='lat' dir='ltr'>in</span> <span class='ocrx_word' id='word_1_265' title='bbox 1174 1005 1307 1026; x_wconf 87' lang='lat' dir='ltr'>numero</span> <span class='ocrx_word' id='word_1_266' title='bbox 1322 995 1437 1026; x_wconf 83' lang='lat' dir='ltr'>scilicet</span> <span class='ocrx_word' id='word_1_267' title='bbox 1452 994 1536 1025; x_wconf 87' lang='lat' dir='ltr'>mul-</span> 
     </span>
     <span class='ocr_line' id='line_1_46' title="bbox 808 1046 1538 1087; baseline -0.003 -9"><span class='ocrx_word' id='word_1_268' title='bbox 808 1047 962 1085; x_wconf 85' lang='lat' dir='ltr'>titudinis,</span> <span class='ocrx_word' id='word_1_269' title='bbox 985 1047 1169 1087; x_wconf 83' lang='lat' dir='ltr'>scrupulum</span> <span class='ocrx_word' id='word_1_270' title='bbox 1185 1047 1338 1087; x_wconf 81' lang='lat' dir='ltr'>injecerit:</span> <span class='ocrx_word' id='word_1_271' title='bbox 1365 1046 1404 1076; x_wconf 90' lang='lat' dir='ltr'>de</span> <span class='ocrx_word' id='word_1_272' title='bbox 1419 1046 1481 1087; x_wconf 64' lang='lat' dir='ltr'>qua</span> <span class='ocrx_word' id='word_1_273' title='bbox 1504 1057 1538 1076; x_wconf 83' lang='lat' dir='ltr'>re</span> 
     </span>
     <span class='ocr_line' id='line_1_47' title="bbox 812 1099 1057 1130; baseline 0.004 -1"><span class='ocrx_word' id='word_1_274' title='bbox 812 1110 868 1130; x_wconf 88' lang='lat' dir='ltr'>nos</span> <span class='ocrx_word' id='word_1_275' title='bbox 883 1099 923 1129; x_wconf 84' lang='lat' dir='ltr'>ad</span> <span class='ocrx_word' id='word_1_276' title='bbox 938 1099 969 1130; x_wconf 81' lang='lat' dir='ltr'>ii.</span> <span class='ocrx_word' id='word_1_277' title='bbox 986 1103 1057 1130; x_wconf 83' lang='lat'><strong>917.</strong></span> 
     </span>
    </p>

    <p class='ocr_par' dir='ltr' id='par_1_24' title="bbox 813 1158 1542 1343">
     <span class='ocr_line' id='line_1_48' title="bbox 855 1158 1542 1200; baseline 0.001 -11"><span class='ocrx_word' id='word_1_278' title='bbox 855 1159 931 1189; x_wconf 82' lang='lat' dir='ltr'>Ver.</span> <span class='ocrx_word' id='word_1_279' title='bbox 957 1161 1031 1189; x_wconf 87' lang='lat'><strong>617.</strong></span> <span class='ocrx_word' id='word_1_280' title='bbox 1063 1170 1118 1189; x_wconf 87' lang='lat' dir='ltr'>ac:</span> <span class='ocrx_word' id='word_1_281' title='bbox 1146 1165 1192 1189; x_wconf 86' lang='grc' dir='ltr'><strong>Ω.</strong></span> <span class='ocrx_word' id='word_1_282' title='bbox 1226 1158 1327 1196; x_wconf 81' lang='lat' dir='ltr'>solus3</span> <span class='ocrx_word' id='word_1_283' title='bbox 1348 1159 1455 1200; x_wconf 84' lang='lat' dir='ltr'>vulgo,</span> <span class='ocrx_word' id='word_1_284' title='bbox 1490 1165 1542 1190; x_wconf 46' lang='lat' dir='ltr'>ets*</span> 
     </span>
     <span class='ocr_line' id='line_1_49' title="bbox 814 1209 1537 1249; baseline -0.003 -9"><span class='ocrx_word' id='word_1_285' title='bbox 814 1210 868 1240; x_wconf 83' lang='lat' dir='ltr'>sed</span> <span class='ocrx_word' id='word_1_286' title='bbox 881 1210 968 1240; x_wconf 85' lang='lat' dir='ltr'>illam</span> <span class='ocrx_word' id='word_1_287' title='bbox 983 1209 1178 1248; x_wconf 83' lang='lat' dir='ltr'>particulam,</span> <span class='ocrx_word' id='word_1_288' title='bbox 1208 1219 1307 1249; x_wconf 87' lang='lat' dir='ltr'>quum</span> <span class='ocrx_word' id='word_1_289' title='bbox 1330 1209 1456 1239; x_wconf 83' lang='lat' dir='ltr'>deamet</span> <span class='ocrx_word' id='word_1_290' title='bbox 1471 1210 1537 1239; x_wconf 90' lang='lat' dir='ltr'>Lu-</span> 
     </span>
     <span class='ocr_line' id='line_1_50' title="bbox 813 1259 1537 1299; baseline -0.003 -8"><span class='ocrx_word' id='word_1_291' title='bbox 813 1261 936 1297; x_wconf 85' lang='lat' dir='ltr'>cretius,</span> <span class='ocrx_word' id='word_1_292' title='bbox 963 1266 994 1290; x_wconf 88' lang='lat' dir='ltr'>et</span> <span class='ocrx_word' id='word_1_293' title='bbox 1012 1260 1198 1299; x_wconf 85' lang='lat' dir='ltr'>frequentet,</span> <span class='ocrx_word' id='word_1_294' title='bbox 1223 1259 1446 1290; x_wconf 84' lang='lat' dir='ltr'>restituendam</span> <span class='ocrx_word' id='word_1_295' title='bbox 1463 1270 1537 1289; x_wconf 90' lang='lat' dir='ltr'>cen-</span> 
     </span>
     <span class='ocr_line' id='line_1_51' title="bbox 814 1313 872 1343; baseline 0 0"><span class='ocrx_word' id='word_1_296' title='bbox 814 1313 872 1343; x_wconf 90' lang='lat' dir='ltr'>sui.</span> 
     </span>
    </p>

    <p class='ocr_par' dir='ltr' id='par_1_25' title="bbox 811 1372 1546 1873">
     <span class='ocr_line' id='line_1_52' title="bbox 855 1372 1541 1412; baseline 0 -10"><span class='ocrx_word' id='word_1_297' title='bbox 855 1372 938 1403; x_wconf 87' lang='lat' dir='ltr'>Ibid.</span> <span class='ocrx_word' id='word_1_298' title='bbox 960 1375 1114 1404; x_wconf 80' lang='lat' dir='ltr'>omnibus:</span> <span class='ocrx_word' id='word_1_299' title='bbox 1147 1372 1169 1403; x_wconf 89' lang='lat' dir='ltr'>i.</span> <span class='ocrx_word' id='word_1_300' title='bbox 1197 1383 1223 1402; x_wconf 90' lang='lat' dir='ltr'>e.</span> <span class='ocrx_word' id='word_1_301' title='bbox 1257 1372 1451 1402; x_wconf 83' lang='lat' dir='ltr'>hominibus:</span> <span class='ocrx_word' id='word_1_302' title='bbox 1477 1381 1541 1412; x_wconf 87' lang='lat' dir='ltr'>quo</span> 
     </span>
     <span class='ocr_line' id='line_1_53' title="bbox 811 1424 1541 1466; baseline -0.003 -11"><span class='ocrx_word' id='word_1_303' title='bbox 811 1425 888 1466; x_wconf 90' lang='lat' dir='ltr'>quid</span> <span class='ocrx_word' id='word_1_304' title='bbox 899 1425 1032 1464; x_wconf 89' lang='lat' dir='ltr'>planius,</span> <span class='ocrx_word' id='word_1_305' title='bbox 1048 1431 1103 1455; x_wconf 86' lang='lat' dir='ltr'>aut</span> <span class='ocrx_word' id='word_1_306' title='bbox 1117 1424 1272 1464; x_wconf 80' lang='lat' dir='ltr'>scriptoris</span> <span class='ocrx_word' id='word_1_307' title='bbox 1283 1425 1381 1455; x_wconf 87' lang='lat' dir='ltr'>menti</span> <span class='ocrx_word' id='word_1_308' title='bbox 1393 1424 1541 1454; x_wconf 87' lang='lat' dir='ltr'>conveni-</span> 
     </span>
     <span class='ocr_line' id='line_1_54' title="bbox 812 1475 1540 1517; baseline -0.004 -10"><span class='ocrx_word' id='word_1_309' title='bbox 812 1476 936 1508; x_wconf 79' lang='lat' dir='ltr'>entius?</span> <span class='ocrx_word' id='word_1_310' title='bbox 951 1478 1120 1507; x_wconf 83' lang='lat' dir='ltr'>Facessant</span> <span class='ocrx_word' id='word_1_311' title='bbox 1134 1476 1230 1517; x_wconf 83' lang='lat' dir='ltr'>igitur</span> <span class='ocrx_word' id='word_1_312' title='bbox 1245 1486 1293 1512; x_wconf 83' lang='lat' dir='ltr'>cO,</span> <span class='ocrx_word' id='word_1_313' title='bbox 1319 1475 1404 1506; x_wconf 87' lang='lat' dir='ltr'>unde</span> <span class='ocrx_word' id='word_1_314' title='bbox 1418 1475 1540 1505; x_wconf 88' lang='lat' dir='ltr'>malum</span> 
     </span>
     <span class='ocr_line' id='line_1_55' title="bbox 811 1528 1546 1569; baseline -0.004 -9"><span class='ocrx_word' id='word_1_315' title='bbox 811 1529 923 1569; x_wconf 80' lang='lat' dir='ltr'>pedem</span> <span class='ocrx_word' id='word_1_316' title='bbox 935 1528 1074 1564; x_wconf 83' lang='lat' dir='ltr'>tulerint,</span> <span class='ocrx_word' id='word_1_317' title='bbox 1087 1530 1171 1558; x_wconf 78' lang='lat' dir='ltr'>omni</span> <span class='ocrx_word' id='word_1_318' title='bbox 1181 1530 1321 1565; x_wconf 68' lang='lat' dir='ltr'>inliceret,</span> <span class='ocrx_word' id='word_1_319' title='bbox 1333 1534 1365 1557; x_wconf 85' lang='lat' dir='ltr'>et</span> <span class='ocrx_word' id='word_1_320' title='bbox 1375 1538 1461 1558; x_wconf 81' lang='lat' dir='ltr'>omne</span> <span class='ocrx_word' id='word_1_321' title='bbox 1476 1529 1546 1558; x_wconf 76' lang='lat' dir='ltr'>ibus</span> 
     </span>
     <span class='ocr_line' id='line_1_56' title="bbox 812 1580 1541 1620; baseline -0.003 -8"><span class='ocrx_word' id='word_1_322' title='bbox 812 1584 918 1620; x_wconf 67' lang='lat' dir='ltr'>lueret,</span> <span class='ocrx_word' id='word_1_323' title='bbox 945 1581 993 1611; x_wconf 88' lang='lat' dir='ltr'>vel</span> <span class='ocrx_word' id='word_1_324' title='bbox 1019 1580 1246 1611; x_wconf 86' lang='lat' dir='ltr'>audaculorum</span> <span class='ocrx_word' id='word_1_325' title='bbox 1263 1580 1419 1610; x_wconf 81' lang='lat' dir='ltr'>editorum</span> <span class='ocrx_word' id='word_1_326' title='bbox 1444 1580 1541 1610; x_wconf 85' lang='lat' dir='ltr'>inter-</span> 
     </span>
     <span class='ocr_line' id='line_1_57' title="bbox 815 1633 1542 1674; baseline -0.003 -10"><span class='ocrx_word' id='word_1_327' title='bbox 815 1634 998 1674; x_wconf 83' lang='lat' dir='ltr'>polationes,</span> <span class='ocrx_word' id='word_1_328' title='bbox 1022 1633 1070 1664; x_wconf 86' lang='lat' dir='ltr'>vel</span> <span class='ocrx_word' id='word_1_329' title='bbox 1086 1633 1263 1664; x_wconf 85' lang='lat' dir='ltr'>criticorum</span> <span class='ocrx_word' id='word_1_330' title='bbox 1279 1633 1444 1663; x_wconf 73' lang='lat' dir='ltr'>doctorum</span> <span class='ocrx_word' id='word_1_331' title='bbox 1458 1643 1542 1662; x_wconf 88' lang='lat' dir='ltr'>som-</span> 
     </span>
     <span class='ocr_line' id='line_1_58' title="bbox 815 1684 1543 1716; baseline -0.004 0"><span class='ocrx_word' id='word_1_332' title='bbox 815 1687 876 1716; x_wconf 88' lang='lat' dir='ltr'>nia.</span> <span class='ocrx_word' id='word_1_333' title='bbox 915 1685 1070 1716; x_wconf 86' lang='lat' dir='ltr'>Unanimi</span> <span class='ocrx_word' id='word_1_334' title='bbox 1082 1686 1336 1715; x_wconf 87' lang='lat' dir='ltr'>membranarum</span> <span class='ocrx_word' id='word_1_335' title='bbox 1351 1684 1543 1714; x_wconf 82' lang='lat' dir='ltr'>sincerarum</span> 
     </span>
     <span class='ocr_line' id='line_1_59' title="bbox 816 1737 1543 1777; baseline -0.006 -7"><span class='ocrx_word' id='word_1_336' title='bbox 816 1740 1007 1777; x_wconf 83' lang='lat' dir='ltr'>testimonio,</span> <span class='ocrx_word' id='word_1_337' title='bbox 1014 1749 1078 1768; x_wconf 91' lang='lat' dir='ltr'>non</span> <span class='ocrx_word' id='word_1_338' title='bbox 1088 1745 1192 1768; x_wconf 85' lang='lat' dir='ltr'>autem</span> <span class='ocrx_word' id='word_1_339' title='bbox 1203 1737 1427 1767; x_wconf 75' lang='lat' dir='ltr'>commentitiis</span> <span class='ocrx_word' id='word_1_340' title='bbox 1435 1747 1543 1767; x_wconf 87' lang='lat' dir='ltr'>emen-</span> 
     </span>
     <span class='ocr_line' id='line_1_60' title="bbox 817 1787 1545 1829; baseline -0.005 -8"><span class='ocrx_word' id='word_1_341' title='bbox 817 1791 964 1821; x_wconf 84' lang='lat' dir='ltr'>datorum</span> <span class='ocrx_word' id='word_1_342' title='bbox 992 1789 1269 1829; x_wconf 86' lang='lat' dir='ltr'>suppositionibus,</span> <span class='ocrx_word' id='word_1_343' title='bbox 1306 1788 1423 1818; x_wconf 82' lang='lat' dir='ltr'>sobrios</span> <span class='ocrx_word' id='word_1_344' title='bbox 1454 1787 1545 1818; x_wconf 72' lang='lat' dir='ltr'>decet</span> 
     </span>
     <span class='ocr_line' id='line_1_61' title="bbox 818 1842 1001 1873; baseline 0 0"><span class='ocrx_word' id='word_1_345' title='bbox 818 1842 1001 1873; x_wconf 84' lang='lat' dir='ltr'>auscultare.</span> 
     </span>
    </p>

    <p class='ocr_par' dir='ltr' id='par_1_26' title="bbox 818 1901 1544 1995">
     <span class='ocr_line' id='line_1_62' title="bbox 860 1901 1544 1943; baseline 0 -11"><span class='ocrx_word' id='word_1_346' title='bbox 860 1904 934 1933; x_wconf 76' lang='lat' dir='ltr'>Ver.</span> <span class='ocrx_word' id='word_1_347' title='bbox 949 1906 1024 1934; x_wconf 87' lang='lat'><strong>619.</strong></span> <span class='ocrx_word' id='word_1_348' title='bbox 1048 1904 1217 1943; x_wconf 75' lang='lat' dir='ltr'>quidquid:</span> <span class='ocrx_word' id='word_1_349' title='bbox 1244 1901 1279 1932; x_wconf 89' lang='lat' dir='ltr'>P.</span> <span class='ocrx_word' id='word_1_350' title='bbox 1295 1903 1477 1942; x_wconf 80' lang='lat' dir='ltr'>quicquam;</span> <span class='ocrx_word' id='word_1_351' title='bbox 1506 1901 1544 1932; x_wconf 84' lang='lat' dir='ltr'><strong>V.</strong></span> 
     </span>
     <span class='ocr_line' id='line_1_63' title="bbox 818 1954 1095 1995; baseline -0.004 -10"><span class='ocrx_word' id='word_1_352' title='bbox 818 1954 865 1985; x_wconf 83' lang='lat' dir='ltr'>ed.</span> <span class='ocrx_word' id='word_1_353' title='bbox 883 1956 920 1985; x_wconf 88' lang='lat' dir='ltr'><strong>B.</strong></span> <span class='ocrx_word' id='word_1_354' title='bbox 936 1957 1095 1995; x_wconf 79' lang='lat' dir='ltr'>quiquam.</span> 
     </span>
    </p>

    <p class='ocr_par' dir='ltr' id='par_1_27' title="bbox 821 2014 1561 2982">
     <span class='ocr_line' id='line_1_64' title="bbox 864 2014 1543 2054; baseline 0.001 -10"><span class='ocrx_word' id='word_1_355' title='bbox 864 2016 939 2044; x_wconf 75' lang='lat' dir='ltr'>Ver.</span> <span class='ocrx_word' id='word_1_356' title='bbox 953 2019 1027 2046; x_wconf 68' lang='lat'><strong>690.</strong></span> <span class='ocrx_word' id='word_1_357' title='bbox 1038 2026 1115 2054; x_wconf 84' lang='lat' dir='ltr'>pro:</span> <span class='ocrx_word' id='word_1_358' title='bbox 1135 2015 1174 2044; x_wconf 91' lang='lat' dir='ltr'>V.</span> <span class='ocrx_word' id='word_1_359' title='bbox 1188 2014 1235 2044; x_wconf 91' lang='lat' dir='ltr'>ed.</span> <span class='ocrx_word' id='word_1_360' title='bbox 1253 2014 1289 2044; x_wconf 90' lang='lat' dir='ltr'><strong>B.</strong></span> <span class='ocrx_word' id='word_1_361' title='bbox 1306 2014 1343 2044; x_wconf 88' lang='lat' dir='ltr'>L.</span> <span class='ocrx_word' id='word_1_362' title='bbox 1362 2014 1400 2045; x_wconf 89' lang='grc' dir='ltr'><strong>Ο.</strong></span> <span class='ocrx_word' id='word_1_363' title='bbox 1411 2025 1469 2054; x_wconf 77' lang='lat' dir='ltr'>per</span> <span class='ocrx_word' id='word_1_364' title='bbox 1478 2029 1488 2050; x_wconf 89' lang='lat'><em>;</em></span> <span class='ocrx_word' id='word_1_365' title='bbox 1509 2015 1543 2045; x_wconf 87' lang='lat' dir='ltr'>P.</span> 
     </span>
     <span class='ocr_line' id='line_1_65' title="bbox 822 2065 1546 2107; baseline -0.001 -9"><span class='ocrx_word' id='word_1_366' title='bbox 822 2070 873 2103; x_wconf 69' lang='lat' dir='ltr'>‹le‚·</span> <span class='ocrx_word' id='word_1_367' title='bbox 901 2073 939 2097; x_wconf 90' lang='grc' dir='ltr'>Π.</span> <span class='ocrx_word' id='word_1_368' title='bbox 951 2078 1029 2107; x_wconf 82' lang='lat' dir='ltr'>par:</span> <span class='ocrx_word' id='word_1_369' title='bbox 1054 2066 1110 2096; x_wconf 90' lang='lat' dir='ltr'>sed</span> <span class='ocrx_word' id='word_1_370' title='bbox 1132 2066 1165 2096; x_wconf 91' lang='lat' dir='ltr'>in</span> <span class='ocrx_word' id='word_1_371' title='bbox 1181 2065 1303 2105; x_wconf 67' lang='lat' dir='ltr'>recepta</span> <span class='ocrx_word' id='word_1_372' title='bbox 1318 2066 1451 2097; x_wconf 82' lang='lat' dir='ltr'>lectione</span> <span class='ocrx_word' id='word_1_373' title='bbox 1465 2067 1546 2097; x_wconf 82' lang='lat' dir='ltr'>nihil</span> 
     </span>
     <span class='ocr_line' id='line_1_66' title="bbox 822 2119 1548 2161; baseline 0.003 -11"><span class='ocrx_word' id='word_1_374' title='bbox 822 2120 947 2151; x_wconf 76' lang='lat' dir='ltr'>difficile</span> <span class='ocrx_word' id='word_1_375' title='bbox 962 2126 1018 2157; x_wconf 85' lang='lat' dir='ltr'>est,</span> <span class='ocrx_word' id='word_1_376' title='bbox 1035 2119 1115 2150; x_wconf 89' lang='lat' dir='ltr'>nihil</span> <span class='ocrx_word' id='word_1_377' title='bbox 1126 2121 1304 2156; x_wconf 89' lang='lat' dir='ltr'>obscurum,</span> <span class='ocrx_word' id='word_1_378' title='bbox 1320 2120 1400 2150; x_wconf 87' lang='lat' dir='ltr'>nihil</span> <span class='ocrx_word' id='word_1_379' title='bbox 1413 2120 1548 2161; x_wconf 85' lang='lat' dir='ltr'>denique</span> 
     </span>
     <span class='ocr_line' id='line_1_67' title="bbox 822 2172 1547 2210; baseline 0.003 -8"><span class='ocrx_word' id='word_1_380' title='bbox 822 2183 885 2202; x_wconf 90' lang='lat' dir='ltr'>non</span> <span class='ocrx_word' id='word_1_381' title='bbox 902 2172 1069 2202; x_wconf 77' lang='lat' dir='ltr'>castissime</span> <span class='ocrx_word' id='word_1_382' title='bbox 1084 2172 1254 2209; x_wconf 79' lang='lat' dir='ltr'>Latinum3</span> <span class='ocrx_word' id='word_1_383' title='bbox 1277 2172 1354 2202; x_wconf 82' lang='lat' dir='ltr'>adeo</span> <span class='ocrx_word' id='word_1_384' title='bbox 1379 2177 1417 2202; x_wconf 89' lang='lat' dir='ltr'>ut</span> <span class='ocrx_word' id='word_1_385' title='bbox 1437 2174 1547 2210; x_wconf 84' lang='lat' dir='ltr'>turbis,</span> 
     </span>
     <span class='ocr_line' id='line_1_68' title="bbox 821 2223 1548 2265; baseline 0.003 -11"><span class='ocrx_word' id='word_1_386' title='bbox 821 2235 897 2265; x_wconf 84' lang='lat' dir='ltr'>quas</span> <span class='ocrx_word' id='word_1_387' title='bbox 923 2224 980 2254; x_wconf 90' lang='lat' dir='ltr'>viri</span> <span class='ocrx_word' id='word_1_388' title='bbox 1007 2223 1119 2254; x_wconf 84' lang='lat' dir='ltr'>eruditi</span> <span class='ocrx_word' id='word_1_389' title='bbox 1146 2223 1356 2262; x_wconf 83' lang='lat' dir='ltr'>excitaverint,</span> <span class='ocrx_word' id='word_1_390' title='bbox 1387 2226 1548 2264; x_wconf 84' lang='lat' dir='ltr'>obstupes-</span> 
     </span>
     <span class='ocr_line' id='line_1_69' title="bbox 821 2275 1550 2316; baseline 0.001 -10"><span class='ocrx_word' id='word_1_391' title='bbox 821 2286 904 2306; x_wconf 86' lang='lat' dir='ltr'>cam:</span> <span class='ocrx_word' id='word_1_392' title='bbox 925 2286 1059 2315; x_wconf 82' lang='lat' dir='ltr'>quorum</span> <span class='ocrx_word' id='word_1_393' title='bbox 1070 2275 1122 2305; x_wconf 83' lang='lat' dir='ltr'>alii</span> <span class='ocrx_word' id='word_1_394' title='bbox 1132 2275 1223 2305; x_wconf 82' lang='lat' dir='ltr'>variis</span> <span class='ocrx_word' id='word_1_395' title='bbox 1232 2275 1416 2316; x_wconf 84' lang='lat' dir='ltr'>conjecturis</span> <span class='ocrx_word' id='word_1_396' title='bbox 1425 2286 1550 2307; x_wconf 81' lang='lat' dir='ltr'>versum</span> 
     </span>
     <span class='ocr_line' id='line_1_70' title="bbox 822 2327 1550 2365; baseline 0 -7"><span class='ocrx_word' id='word_1_397' title='bbox 822 2328 989 2365; x_wconf 79' lang='lat' dir='ltr'>solicitent3</span> <span class='ocrx_word' id='word_1_398' title='bbox 1006 2328 1069 2364; x_wconf 78' lang='lat' dir='ltr'>alii,</span> <span class='ocrx_word' id='word_1_399' title='bbox 1081 2333 1117 2358; x_wconf 91' lang='lat' dir='ltr'>ut</span> <span class='ocrx_word' id='word_1_400' title='bbox 1128 2327 1332 2364; x_wconf 86' lang='lat' dir='ltr'>inculcatum,</span> <span class='ocrx_word' id='word_1_401' title='bbox 1347 2328 1478 2358; x_wconf 87' lang='lat' dir='ltr'>omnino</span> <span class='ocrx_word' id='word_1_402' title='bbox 1493 2328 1550 2358; x_wconf 89' lang='lat' dir='ltr'>eli-</span> 
     </span>
     <span class='ocr_line' id='line_1_71' title="bbox 824 2379 1551 2418; baseline 0.001 -9"><span class='ocrx_word' id='word_1_403' title='bbox 824 2379 1011 2409; x_wconf 84' lang='lat' dir='ltr'>minandum</span> <span class='ocrx_word' id='word_1_404' title='bbox 1033 2384 1152 2418; x_wconf 85' lang='lat' dir='ltr'>putent.</span> <span class='ocrx_word' id='word_1_405' title='bbox 1198 2379 1314 2409; x_wconf 87' lang='lat' dir='ltr'>Sensus</span> <span class='ocrx_word' id='word_1_406' title='bbox 1340 2386 1385 2409; x_wconf 88' lang='lat' dir='ltr'>est</span> <span class='ocrx_word' id='word_1_407' title='bbox 1407 2379 1551 2418; x_wconf 83' lang='lat' dir='ltr'>planissi-</span> 
     </span>
     <span class='ocr_line' id='line_1_72' title="bbox 824 2431 1552 2471; baseline 0.001 -11"><span class='ocrx_word' id='word_1_408' title='bbox 824 2440 909 2460; x_wconf 86' lang='lat' dir='ltr'>mus:</span> <span class='ocrx_word' id='word_1_409' title='bbox 938 2434 960 2448; x_wconf 84' lang='lat'>“</span> <span class='ocrx_word' id='word_1_410' title='bbox 979 2432 1086 2471; x_wconf 83' lang='lat' dir='ltr'>Atque</span> <span class='ocrx_word' id='word_1_411' title='bbox 1112 2431 1155 2461; x_wconf 82' lang='lat' dir='ltr'>ita</span> <span class='ocrx_word' id='word_1_412' title='bbox 1178 2441 1210 2461; x_wconf 86' lang='lat' dir='ltr'>se</span> <span class='ocrx_word' id='word_1_413' title='bbox 1236 2441 1286 2461; x_wconf 89' lang='lat' dir='ltr'>res</span> <span class='ocrx_word' id='word_1_414' title='bbox 1308 2432 1420 2461; x_wconf 82' lang='lat' dir='ltr'>habere</span> <span class='ocrx_word' id='word_1_415' title='bbox 1443 2431 1552 2461; x_wconf 89' lang='lat' dir='ltr'>multis</span> 
     </span>
     <span class='ocr_line' id='line_1_73' title="bbox 827 2481 1552 2523; baseline 0.001 -12"><span class='ocrx_word' id='word_1_416' title='bbox 827 2483 849 2500; x_wconf 82' lang='lat'><strong>“</strong></span> <span class='ocrx_word' id='word_1_417' title='bbox 865 2481 968 2512; x_wconf 89' lang='lat' dir='ltr'>modis</span> <span class='ocrx_word' id='word_1_418' title='bbox 984 2483 1038 2523; x_wconf 90' lang='lat' dir='ltr'>(ob</span> <span class='ocrx_word' id='word_1_419' title='bbox 1060 2482 1222 2523; x_wconf 87' lang='lat' dir='ltr'>ingentem</span> <span class='ocrx_word' id='word_1_420' title='bbox 1237 2481 1353 2511; x_wconf 86' lang='lat' dir='ltr'>scilicet</span> <span class='ocrx_word' id='word_1_421' title='bbox 1370 2491 1552 2522; x_wconf 89' lang='lat' dir='ltr'>numerum,</span> 
     </span>
     <span class='ocr_line' id='line_1_74' title="bbox 828 2532 1552 2573; baseline 0.001 -10"><span class='ocrx_word' id='word_1_422' title='bbox 828 2536 850 2551; x_wconf 89' lang='lat'>“</span> <span class='ocrx_word' id='word_1_423' title='bbox 866 2533 929 2573; x_wconf 61' lang='lat' dir='ltr'>qua</span> <span class='ocrx_word' id='word_1_424' title='bbox 943 2534 1128 2564; x_wconf 80' lang='lat' dir='ltr'>animalium</span> <span class='ocrx_word' id='word_1_425' title='bbox 1145 2534 1294 2573; x_wconf 81' lang='lat' dir='ltr'>ipsorum,</span> <span class='ocrx_word' id='word_1_426' title='bbox 1317 2532 1378 2572; x_wconf 57' lang='lat' dir='ltr'>quii</span> <span class='ocrx_word' id='word_1_427' title='bbox 1395 2534 1552 2564; x_wconf 88' lang='lat' dir='ltr'>membro-</span> 
     </span>
     <span class='ocr_line' id='line_1_75' title="bbox 829 2584 1555 2625; baseline 0.003 -11"><span class='ocrx_word' id='word_1_428' title='bbox 829 2587 850 2602; x_wconf 94' lang='lat'><strong>“</strong></span> <span class='ocrx_word' id='word_1_429' title='bbox 866 2594 937 2614; x_wconf 85' lang='lat' dir='ltr'>rum</span> <span class='ocrx_word' id='word_1_430' title='bbox 952 2585 1102 2625; x_wconf 84' lang='lat' dir='ltr'>corporis)</span> <span class='ocrx_word' id='word_1_431' title='bbox 1127 2595 1183 2624; x_wconf 88' lang='lat' dir='ltr'>pro</span> <span class='ocrx_word' id='word_1_432' title='bbox 1204 2584 1279 2614; x_wconf 84' lang='lat' dir='ltr'>totis</span> <span class='ocrx_word' id='word_1_433' title='bbox 1301 2584 1467 2615; x_wconf 73' lang='lat' dir='ltr'>artubus:”</span> <span class='ocrx_word' id='word_1_434' title='bbox 1491 2584 1511 2615; x_wconf 91' lang='lat' dir='ltr'>i.</span> <span class='ocrx_word' id='word_1_435' title='bbox 1526 2595 1555 2617; x_wconf 77' lang='lat' dir='ltr'>e.</span> 
     </span>
     <span class='ocr_line' id='line_1_76' title="bbox 828 2635 1555 2677; baseline 0.004 -12"><span class='ocrx_word' id='word_1_436' title='bbox 828 2636 867 2665; x_wconf 84' lang='lat' dir='ltr'>ad</span> <span class='ocrx_word' id='word_1_437' title='bbox 882 2635 1036 2677; x_wconf 82' lang='lat' dir='ltr'>integram</span> <span class='ocrx_word' id='word_1_438' title='bbox 1052 2642 1241 2667; x_wconf 87' lang='lat' dir='ltr'>structuram</span> <span class='ocrx_word' id='word_1_439' title='bbox 1257 2641 1288 2665; x_wconf 90' lang='lat' dir='ltr'>et</span> <span class='ocrx_word' id='word_1_440' title='bbox 1309 2641 1406 2666; x_wconf 88' lang='lat' dir='ltr'>totam</span> <span class='ocrx_word' id='word_1_441' title='bbox 1428 2643 1555 2668; x_wconf 87' lang='lat' dir='ltr'>artuum</span> 
     </span>
     <span class='ocr_line' id='line_1_77' title="bbox 829 2688 1557 2728; baseline 0.005 -12"><span class='ocrx_word' id='word_1_442' title='bbox 829 2688 1098 2727; x_wconf 64' lang='lat' dir='ltr'>magnitudinem</span> <span class='ocrx_word' id='word_1_443' title='bbox 1121 2689 1165 2718; x_wconf 88' lang='lat' dir='ltr'>ita</span> <span class='ocrx_word' id='word_1_444' title='bbox 1189 2693 1226 2718; x_wconf 90' lang='lat' dir='ltr'>ut</span> <span class='ocrx_word' id='word_1_445' title='bbox 1247 2688 1339 2718; x_wconf 86' lang='lat' dir='ltr'>series</span> <span class='ocrx_word' id='word_1_446' title='bbox 1353 2688 1500 2728; x_wconf 83' lang='lat' dir='ltr'>partium,</span> <span class='ocrx_word' id='word_1_447' title='bbox 1526 2697 1557 2720; x_wconf 82' lang='lat' dir='ltr'>et</span> 
     </span>
     <span class='ocr_line' id='line_1_78' title="bbox 830 2739 1557 2780; baseline 0.004 -12"><span class='ocrx_word' id='word_1_448' title='bbox 830 2749 985 2769; x_wconf 82' lang='lat' dir='ltr'>mensurae</span> <span class='ocrx_word' id='word_1_449' title='bbox 1010 2740 1179 2779; x_wconf 81' lang='lat' dir='ltr'>proportio,</span> <span class='ocrx_word' id='word_1_450' title='bbox 1198 2739 1233 2769; x_wconf 89' lang='lat' dir='ltr'>in</span> <span class='ocrx_word' id='word_1_451' title='bbox 1256 2740 1387 2780; x_wconf 85' lang='lat' dir='ltr'>singulis</span> <span class='ocrx_word' id='word_1_452' title='bbox 1408 2741 1557 2771; x_wconf 88' lang='lat' dir='ltr'>membris</span> 
     </span>
     <span class='ocr_line' id='line_1_79' title="bbox 831 2790 1557 2832; baseline 0.006 -13"><span class='ocrx_word' id='word_1_453' title='bbox 831 2796 863 2820; x_wconf 83' lang='lat' dir='ltr'>et</span> <span class='ocrx_word' id='word_1_454' title='bbox 891 2791 1081 2829; x_wconf 81' lang='lat' dir='ltr'>compositis,</span> <span class='ocrx_word' id='word_1_455' title='bbox 1112 2790 1320 2832; x_wconf 82' lang='lat' dir='ltr'>undequaque</span> <span class='ocrx_word' id='word_1_456' title='bbox 1351 2799 1557 2823; x_wconf 81' lang='lat' dir='ltr'>conservetur.</span> 
     </span>
     <span class='ocr_line' id='line_1_80' title="bbox 833 2842 1557 2884; baseline 0.004 -13"><span class='ocrx_word' id='word_1_457' title='bbox 833 2842 928 2872; x_wconf 81' lang='lat' dir='ltr'>Hanc</span> <span class='ocrx_word' id='word_1_458' title='bbox 941 2849 1048 2872; x_wconf 89' lang='lat' dir='ltr'>autem</span> <span class='ocrx_word' id='word_1_459' title='bbox 1062 2843 1126 2873; x_wconf 87' lang='lat' dir='ltr'>vim</span> <span class='ocrx_word' id='word_1_460' title='bbox 1143 2844 1367 2883; x_wconf 76' lang='lat' dir='ltr'>praepositionis</span> <span class='ocrx_word' id='word_1_461' title='bbox 1377 2856 1447 2884; x_wconf 75' lang='lat' dir='ltr'>pro,</span> <span class='ocrx_word' id='word_1_462' title='bbox 1462 2844 1557 2884; x_wconf 77' lang='lat' dir='ltr'>longe</span> 
     </span>
     <span class='ocr_line' id='line_1_81' title="bbox 830 2893 1561 2935; baseline 0.004 -13"><span class='ocrx_word' id='word_1_463' title='bbox 830 2893 1075 2930; x_wconf 80' lang='lat' dir='ltr'>usitatissimam,</span> <span class='ocrx_word' id='word_1_464' title='bbox 1102 2895 1127 2924; x_wconf 90' lang='lat' dir='ltr'>si</span> <span class='ocrx_word' id='word_1_465' title='bbox 1149 2905 1309 2935; x_wconf 84' lang='lat' dir='ltr'>pergerem</span> <span class='ocrx_word' id='word_1_466' title='bbox 1338 2895 1413 2926; x_wconf 86' lang='lat' dir='ltr'>locis</span> <span class='ocrx_word' id='word_1_467' title='bbox 1427 2895 1561 2926; x_wconf 72' lang='lat' dir='ltr'>admot³s</span> 
     </span>
     <span class='ocr_line' id='line_1_82' title="bbox 830 2945 1559 2982; baseline 0 -8"><span class='ocrx_word' id='word_1_468' title='bbox 830 2945 1024 2982; x_wconf 80' lang='lat' dir='ltr'>confirmare,</span> <span class='ocrx_word' id='word_1_469' title='bbox 1042 2946 1231 2977; x_wconf 80' lang='lat' dir='ltr'>insulsorum</span> <span class='ocrx_word' id='word_1_470' title='bbox 1243 2947 1386 2978; x_wconf 80' lang='lat' dir='ltr'>omnium</span> <span class='ocrx_word' id='word_1_471' title='bbox 1401 2957 1496 2977; x_wconf 66' lang='lat' dir='ltr'>essem</span> <span class='ocrx_word' id='word_1_472' title='bbox 1512 2947 1559 2976; x_wconf 68' lang='lat' dir='ltr'>ivr-</span> 
     </span>
    </p>
   </div>
  </div>
 </body>
</html>
