1912 3292
495 243 727 292 LIBER
775 240 1157 305 QUARTUS.

1467 251 1560 292 255

189 378 327 426 Quam
338 374 555 430 speculum:
575 372 661 421 sed,
677 372 748 412 ubi
761 371 804 411 in
817 371 1026 426 speculum
1036 386 1199 428 quoque
1209 373 1405 416 sensimus
1415 375 1563 429 ipsum,

77 456 156 491 285
191 451 414 497 Continuo,
437 463 461 488 a
480 446 599 486 nobis
619 446 663 486 in
683 460 794 496 eum,
817 461 911 501 quae
930 445 1074 496 fertur,
1096 447 1236 503 imago

189 523 394 571 Pervenit,
419 536 466 562 ac
486 528 648 562 nostros
668 521 807 562 oculos
827 521 976 576 rejecta
994 521 1147 562 revisit:

186 598 324 651 Atque
343 595 466 636 alium
485 610 574 650 prae
595 610 636 636 se
655 595 887 651 propellens
907 596 1003 636 ae’ra
1021 595 1164 645 volvit,

183 670 238 712 Et
257 669 367 719 facit,
390 678 436 711 ut
454 670 568 725 prius
588 670 715 721 hunc,
738 685 862 726 quam
884 685 940 720 se,
963 669 1188 711 videamus:
1221 684 1351 726 eoque

181 743 349 785 Distare
370 760 394 785 a
413 744 577 799 speculo
597 752 759 786 tantum
780 752 935 786 semota
953 743 1129 785 videtur.

68 822 151 860 290
183 817 279 866 Qua
301 833 345 859 re
365 819 488 859 etiam
509 826 630 874 atque
651 819 774 861 etiam
794 820 980 860 minume
1001 819 1188 859 mirarier
1208 826 1267 860 est
1286 833 1362 875 par

112 976 186 1007 Ver.
210 980 281 1007 284.
307 979 341 1007 in
370 977 569 1016 particulam,
602 987 698 1018 quam
727 977 798 1008 libri

67 1038 194 1058 summo
209 1038 364 1058 consensu
381 1030 527 1067 praebent,
550 1035 679 1068 excepto
693 1029 798 1060 codice

67 1080 319 1118 vindobonensi,
348 1080 403 1120 qui
425 1081 646 1111 dormitantem
669 1081 798 1112 collato-

69 1143 138 1163 rem
167 1138 278 1162 nactus
307 1138 360 1168 est,
391 1132 483 1162 timui
518 1132 588 1163 loco
617 1133 794 1165 deturbare:

69 1195 143 1214 nam
154 1184 291 1214 fortassis
305 1190 394 1214 vetus
407 1186 536 1214 verbum
551 1185 645 1215 fuerit
660 1188 797 1221 insentio,

70 1235 182 1266 eodem
197 1235 331 1274 simplici
346 1235 537 1276 significatu;
561 1236 609 1266 vel
631 1239 742 1267 sentire
765 1239 797 1267 z'n

70 1289 224 1327 speculum
239 1287 383 1327 legitimo
399 1287 492 1318 fuerit
507 1288 670 1328 regimine,
689 1299 798 1328 quam.

72 1339 117 1368 vis
132 1338 312 1377 exemplum
323 1338 485 1368 consimile
499 1349 585 1368 nunc
596 1339 719 1369 dierum
735 1349 798 1368 non

71 1390 170 1426 facile,
187 1400 227 1420 ne
237 1389 364 1430 quidem
372 1389 572 1428 doctioribus,
589 1390 657 1420 erui
672 1390 800 1420 aliunde

71 1441 194 1480 poterit.

113 1498 186 1530 Ver.
218 1502 289 1531 285.
326 1499 443 1539 Sequor
472 1499 624 1529 librorum
654 1499 799 1530 omnium

69 1557 209 1582 veterum
223 1551 418 1591 scripturam,
435 1551 495 1581 nisi
508 1552 591 1592 quod
608 1556 642 1584 Σ.
653 1552 705 1582 det
720 1563 798 1588 cum,

70 1613 127 1643 pro
142 1614 226 1639 eum,·
250 1607 282 1632 et
299 1609 340 1633 Π.
353 1614 433 1638 cum,
449 1613 505 1642 pro
519 1614 597 1643 quoe.
627 1603 677 1634 Sic
692 1609 799 1634 autem

70 1655 276 1686 constitutum
291 1655 365 1686 dare
387 1666 510 1686 versum
525 1656 615 1686 bonis
636 1656 739 1686 visum
755 1662 801 1687 est

71 1707 240 1738 editoribus
246 1719 255 1744 ;
278 1707 352 1737 satis
366 1717 422 1746 pro
441 1707 580 1738 arbitrio:

72 1788 219 1818 Continuo,
230 1795 245 1812 a
257 1789 331 1812 nobis
340 1789 368 1812 in
379 1788 406 1812 id
422 1789 474 1813 haec
484 1794 547 1820 quae
558 1788 655 1819 fertur,
666 1789 797 1821 imago—.

73 1859 162 1890 Hinc
182 1860 291 1900 utique
312 1865 381 1889 tuto
403 1860 493 1890 nobis
514 1859 635 1890 videtur
649 1860 798 1900 colligen-

73 1910 162 1948 dum,
187 1912 330 1951 antiquos
343 1922 410 1941 eum
430 1911 464 1940 in
489 1917 602 1941 neutro
625 1911 802 1942 adhibuisse

72 1971 128 2000 pro
142 1964 176 1992 id
181 1978 192 1997 ,-
218 1968 255 1991 ut
277 1963 445 1992 utebantur
470 1963 586 1993 scilicet
612 1974 656 1993 eae
682 1973 739 2002 pro
762 1966 802 1999 ei,

71 2018 164 2052 atque
185 2014 276 2043 cobus
303 2023 360 2051 pro
381 2016 433 2044 eis.
479 2014 553 2044 Hoc
575 2013 685 2044 saltem
699 2015 800 2054 suspi-

71 2064 135 2094 cari
168 2064 262 2104 longe
292 2064 448 2106 longeque
479 2066 654 2097 consultius
681 2066 802 2097 videtur

72 2117 154 2147 inter
167 2117 223 2147 has
245 2117 408 2148 literarum
433 2125 626 2149 vetustarum
649 2120 800 2155 tenebras,

70 2178 166 2210 quam
185 2168 339 2199 dictiones
366 2180 443 2210 quas
468 2169 552 2206 libet,
576 2170 626 2201 vel
651 2170 800 2201 eruditio-

73 2231 147 2250 nem
161 2226 299 2251 nostram
314 2228 505 2261 superantes,
532 2222 581 2252 vel
604 2222 802 2262 displicentes

72 2272 188 2309 sensui,
224 2273 388 2303 temeraria
416 2280 447 2304 et
480 2274 668 2304 inclemente
702 2285 800 2305 manu

72 2322 187 2360 passim
211 2323 377 2354 confodere
400 2334 437 2354 ac
465 2325 663 2363 proscribere.
708 2332 799 2365 Αφισ-

73 2387 178 2413 ταμαι·
203 2375 330 2418 ακερδειω
345 2383 491 2417 λελογχε.

74 2426 239 2462 Caeterum‚
255 2427 295 2457 de
305 2427 452 2459 distantia
462 2434 629 2468 apparente
643 2429 799 2470 imaginis,

71 2478 192 2508 reflexae
212 2479 348 2518 speculo.
375 2481 514 2511 Lucretii
538 2482 605 2511 haee
631 2487 677 2511 est
702 2482 798 2522 hypo-

70 2530 175 2561 thesis:
204 2531 244 2561 de
274 2531 336 2572 qua
360 2538 466 2564 tamen
493 2534 558 2573 ipse
585 2533 713 2571 viderit;
743 2544 801 2564 nos

69 2582 156 2612 enim
182 2593 248 2612 non
273 2583 477 2624 philosophiae
499 2593 645 2624 patronos
665 2586 799 2626 agimus,

71 2633 125 2663 sed
153 2634 337 2673 interpretes
366 2637 523 2667 orationis.
568 2637 674 2668 Finxit
703 2638 800 2678 igitur

68 2685 242 2726 imaginem
257 2688 405 2726 corporis,
430 2688 462 2718 in
479 2688 641 2728 speculum
657 2689 797 2720 inciden-

67 2743 140 2773 tem,
178 2738 304 2777 speculo
333 2741 471 2779 primurn
503 2741 628 2781 projici;
665 2747 696 2772 et
724 2741 799 2772 inde

69 2789 240 2828 propellere
264 2791 344 2821 a‘etis
369 2792 498 2832 effigiati
527 2793 714 2831 portionem,
745 2793 799 2834 qui

70 2839 155 2877 prius
183 2841 218 2871 in
247 2842 354 2873 oculos
390 2843 512 2881 incidit,
549 2854 645 2884 quam
681 2844 798 2884 speculi

71 2891 200 2930 species3
233 2893 346 2924 deinde
378 2905 451 2925 vero
476 2901 508 2925 et
536 2895 653 2934 speculi
683 2896 799 2935 species

71 2940 137 2980 ipsa
160 2943 278 2984 visitur,
304 2955 374 2986 quae
400 2945 489 2983 redit,
518 2957 624 2978 secum
652 2947 799 2978 auferens

842 983 980 1008 nostram
1004 977 1189 1018 imaginem,
1220 987 1291 1018 quae
1317 977 1450 1007 vicissim
1476 987 1568 1008 suum

842 1029 913 1058 a'e'ra
938 1028 1093 1068 propellit,
1121 1029 1211 1059 nobis
1235 1035 1308 1059 ante
1331 1029 1444 1067 visum,
1473 1040 1570 1070 quam

842 1082 908 1111 haec
933 1081 1000 1120 ipsa
1028 1081 1155 1111 tandem
1180 1081 1295 1121 imag0‚
1322 1081 1361 1111 de
1380 1082 1505 1121 speculo
1520 1092 1569 1112 re-

838 1133 932 1173 jecta,
959 1133 1071 1163 revisat
1095 1132 1208 1163 oculos.
1253 1133 1446 1163 Distantiarn
1471 1134 1569 1164 simu-

842 1183 917 1213 lacri
939 1184 982 1213 sic
1004 1183 1170 1213 arbitratus
1193 1189 1239 1213 est
1261 1183 1357 1213 videri
1383 1184 1505 1220 factam,
1529 1185 1569 1215 ob

842 1236 1040 1266 intervallum
1051 1237 1210 1275 temporis,
1226 1243 1257 1266 et
1269 1237 1439 1267 effectuum
1449 1249 1571 1269 moram

842 1288 896 1318 tali
911 1288 1145 1318 continuatione
1161 1288 1402 1319 succedentium.

885 1339 960 1369 Ver.
981 1342 1051 1370 986.
1075 1350 1129 1370 ac:
1154 1339 1198 1369 ita
1215 1340 1258 1377 Β;
1282 1340 1402 1381 reliqui,
1424 1347 1462 1371 et.
1497 1340 1570 1371 Pla-

843 1398 891 1422 cet
905 1392 1045 1430 varietas,
1061 1398 1092 1422 et
1106 1393 1246 1432 apprime
1261 1393 1446 1424 Lucretium
1462 1395 1550 1434 sapit.

886 1444 961 1474 Ver.
977 1447 1049 1474 287.
1073 1445 1189 1484 Atque:
1227 1445 1277 1476 M.
1307 1447 1497 1476 At.—at³ra:
1530 1452 1571 1477 Π,

842 1499 928 1532 αὲνε;
952 1496 1003 1527 cui
1019 1496 1104 1527 deest
1118 1500 1307 1529 se.—-voluit:
1334 1504 1369 1529 Δ.
1387 1500 1484 1530 solvit.

886 1547 960 1578 Ver.
977 1551 1050 1580 289.
1067 1555 1197 1579 semota:
1223 1549 1266 1579 sic
1281 1560 1391 1580 omnes
1406 1560 1500 1580 omne
1515 1560 1570 1591 ge-

842 1609 902 1630 nus
932 1600 1010 1631 libri.
1057 1601 1166 1640 Supra,
1206 1601 1246 1632 ad
1274 1612 1335 1633 ver.
1366 1604 1438 1633 271.
1468 1609 1573 1633 noster

842 1651 956 1681 maluit
984 1659 1110 1689 remota,
1142 1652 1195 1683 sed
1225 1653 1291 1683 sine
1321 1655 1414 1684 verbo
1444 1656 1571 1694 distare,

843 1713 917 1733 cum
932 1713 994 1743 quo
1008 1704 1094 1742 prius
1102 1703 1298 1735 'vocabulum
1313 1706 1396 1736 male
1411 1706 1572 1736 convenis·

842 1760 899 1792 set,
930 1764 966 1784 ac
997 1755 1105 1785 fuisset
1134 1765 1407 1794 supervacaneum.
1455 1757 1572 1788 Nonne

843 1813 917 1836 sunt
931 1807 1029 1846 igitur
1044 1806 1177 1837 editores
1199 1807 1272 1848 odio
1295 1808 1441 1845 habendi,
1466 1819 1572 1839 nonne

845 1863 919 1887 sunt
933 1858 1146 1896 abominandi,
1167 1858 1221 1899 qui
1236 1859 1421 1898 scripturam
1436 1861 1572 1891 maxime

846 1910 998 1940 sinceram
1025 1909 1212 1949 expulerint,
1236 1915 1267 1940 et
1293 1912 1418 1941 crambe
1443 1913 1573 1951 repetit-3.

846 1960 911 1997 sna,
935 1975 976 2001 τῳ
990 1967 1102 1991 remota
1120 1961 1199 1997 dico,
1222 1962 1347 2000 po'etam
1365 1969 1508 1993 nostrum
1522 1964 1572 1993 in-

844 2012 1087 2053 gurgitaverint?
1111 2013 1177 2043 Aio
1190 2013 1310 2044 factum
1333 2025 1399 2044 esse
1419 2015 1572 2055 indignis-

844 2064 930 2094 sime.

886 2117 962 2146 Ver.
979 2120 1051 2148 290.
1073 2118 1219 2147 mirarier
1233 2123 1276 2148 est
1292 2128 1364 2157 par.
1410 2118 1461 2148 De
1481 2118 1570 2148 casti-

844 2174 908 2198 tate
923 2169 1052 2209 hujusce
1067 2169 1208 2199 lectionis
1223 2169 1273 2199 vix
1295 2169 1483 2210 relinquitur
1504 2181 1572 2200 am-

843 2220 970 2261 bigendi
990 2220 1083 2251 locus.
1129 2221 1181 2251 Ita
1196 2221 1345 2260 scriptum
1361 2227 1408 2251 est
1422 2222 1456 2251 in
1471 2222 1508 2252 L.
1527 2229 1571 2252 Ω.

843 2280 874 2303 et
890 2273 940 2303 Pii
965 2272 1073 2312 priscis
1098 2274 1342 2313 exemplaribus;
1366 2284 1462 2313 prope
1487 2275 1573 2304 abest

844 2325 892 2354 M.
915 2326 1061 2355 mirarier
1082 2336 1112 2355 es
1130 2336 1210 2365 pam·
1236 2325 1332 2356 Vind.
1349 2325 1389 2355 V.
1405 2325 1451 2355 ed.
1476 2326 1514 2355 Β.
1531 2325 1570 2355 Ο.

843 2382 879 2407 Δ.
896 2382 930 2409 Σ.
949 2379 1058 2408 mirari
1076 2388 1140 2417 par
1153 2384 1213 2414 est,·
1242 2385 1282 2408 Π.
1309 2380 1422 2408 mirari
1446 2380 1572 2408 minime

841 2435 885 2460 est
900 2440 974 2469 par.
1018 2429 1152 2469 Nempe,
1169 2436 1237 2469 post
1253 2440 1348 2470 quarn
1363 2429 1459 2460 rarior
1470 2429 1571 2459 forma

842 2482 988 2511 mirarier
1006 2482 1123 2512 abierat
1145 2482 1179 2512 in
1201 2483 1324 2519 mirari,
1348 2481 1463 2511 librarii
1480 2491 1571 2512 voces

842 2538 885 2563 est
905 2544 968 2572 par
993 2544 1089 2574 ocyus
1113 2539 1350 2574 transponerent
1372 2534 1411 2563 ob
1431 2534 1566 2564 hiatum:

843 2585 993 2615 hactenus
1015 2586 1102 2615 enirn
1128 2596 1238 2616 eorum
1261 2585 1394 2616 eruditio
1415 2596 1570 2625 processe-

843 2642 899 2666 rat.
954 2637 998 2667 Et
1033 2637 1085 2668 hic
1120 2643 1167 2668 est
1201 2637 1279 2668 ordo
1314 2638 1567 2669 constructionis:

843 2690 865 2706 ‘⁴
883 2687 956 2723 Qua
971 2698 1004 2718 re
1025 2688 1121 2724 etiam
1135 2695 1228 2730 atque
1247 2689 1342 2719 etiam
1365 2689 1498 2720 minime
1523 2693 1569 2720 est

844 2742 866 2757 ‘⁶
882 2749 938 2778 par
965 2739 1028 2769 illis
1056 2740 1197 2771 mirarier
1227 2741 1304 2782 (ea),
1334 2751 1405 2781 quae
1433 2740 1571 2772 reddunt

843 2793 865 2809 ‘⁴
882 2790 984 2821 visum
1020 2801 1057 2821 ex
1093 2802 1218 2833 aequore
1253 2792 1451 2832 speculorum
1487 2792 1569 2823 binis

844 2845 866 2859 “
882 2842 1041 2873 aeribus?
1065 2843 1085 2874 i.
1102 2854 1128 2874 e.
1151 2843 1205 2874 Illi
1228 2844 1335 2885 igitur,
1362 2844 1416 2886 qui
1440 2845 1568 2885 phaeno-

841 2904 956 2924 menon
980 2894 1128 2936 imaginis
1149 2896 1182 2927 in
1202 2897 1328 2937 speculo
1349 2908 1404 2936 per
1425 2896 1566 2927 medium

843 2946 976 2986 duplicis
1001 2948 1080 2979 a'e‘ris
1109 2949 1271 2989 explicant.
1302 2950 1434 2980 minime
1464 2947 1570 2978 mirari
