1912 3292
347 247 441 286 384

849 244 908 293 Τ.
956 245 1334 296 LUCRETII

349 372 457 411 1125
489 371 643 414 Pocula
662 374 819 426 crebra,
841 386 1066 434 unguenta,
1088 393 1271 430 coronae,
1294 388 1414 432 serta,
1437 389 1654 437 parantum

487 445 776 504 Nequidquam
783 467 796 500 ;
828 453 1023 506 quoniam
1044 453 1181 494 medio
1201 454 1252 495 de
1272 454 1384 496 fonte
1403 455 1589 510 leporum

488 519 630 577 Surgit
649 523 776 565 amari
797 524 964 582 aliquid,
987 527 1099 583 quod
1120 528 1162 568 in
1183 528 1279 582 ipsis
1297 529 1467 571 floribus
1487 538 1625 587 angat:

341 656 469 695 pristina
483 659 550 700 ejus
564 666 655 701 atque
666 662 803 701 genuina
817 662 957 693 lectione.
982 664 1062 694 Vul-

336 720 380 751 go
395 711 537 742 scribitur
550 712 728 748 editoribus,
740 724 777 744 ac
789 715 974 750 λίεῖίιεηεία,
987 718 1060 746 Cea-

336 776 404 805 que,
428 775 464 795 ex
480 765 698 795 emendatione
719 767 920 806 conjecturali
943 768 1061 799 solum-

335 815 429 845 modo
444 815 577 845 Adriani
586 815 734 846 Turnebi.
780 817 895 848 Nostra
910 818 1001 850 lectio
1011 820 1059 850 di·

336 865 502 896 sertissime
515 866 666 905 reperitur
681 867 820 898 exhibita
841 869 875 898 in
896 869 933 900 L.
950 870 997 901 M.
1019 871 1058 902 Ο.

335 921 371 946 Δ.
390 923 430 946 Π.
447 923 494 947 Ω.
521 916 580 946 nisi
603 917 688 958 quod
709 918 742 948 in
765 918 888 950 duobus
901 920 1060 952 codicibus

334 968 496 1006 postremis
519 970 550 999 ia
575 968 672 999 literae
695 969 804 1001 finales
826 971 967 1010 dictioni,
989 984 1059 1014 quae

333 1019 481 1059 sequitur,
496 1025 533 1049 ut
547 1019 589 1056 fit,
601 1020 683 1050 male
694 1021 938 1062 conjungantur:
959 1034 1060 1066 neque

333 1069 452 1100 diversa
466 1075 512 1100 est
526 1071 677 1110 scriptura
691 1072 724 1102 in
741 1072 777 1103 P.
795 1074 891 1104 Vind.
905 1074 944 1105 V.
959 1075 1005 1106 ed.
1019 1076 1057 1106 B.

332 1127 460 1160 excepto
477 1121 559 1162 quod
573 1123 586 1152 1
600 1122 689 1153 litera
703 1123 737 1153 in
753 1124 802 1155 his
816 1135 978 1165 perperam
1000 1137 1055 1167 ge-

330 1173 478 1211 minetur,
503 1179 602 1205 metro
617 1181 791 1215 respuente,
817 1184 908 1218 atque
924 1180 1054 1211 allidens

327 1230 436 1260 Iaclzia
464 1229 592 1266 scilicet;
616 1229 805 1261 dictionibus
827 1232 938 1262 eodem
960 1233 1055 1264 modo

329 1279 436 1309 vitiose
452 1279 620 1319 dispertitis
641 1282 893 1324 commixtisque:
921 1289 955 1315 Σ.
981 1286 1053 1315 alli-

326 1332 429 1362 dentes
443 1333 545 1367 ιάΙιὶα,-
569 1332 722 1363 nonnulla
737 1334 786 1364 Pii
802 1335 998 1374 exemplaria,
1019 1338 1053 1367 in

325 1383 426 1412 ,stlitas
444 1388 473 1412 et
499 1383 639 1413 ianthina
648 1397 659 1414 .·
684 1389 715 1414 et
737 1384 849 1415 eodem
872 1392 949 1417 teste
973 1397 1052 1418 non-

326 1433 406 1463 nulli
431 1440 668 1475 recognoscunt‚
697 1443 726 1467 et
748 1439 853 1477 qualos
874 1444 901 1469 et
929 1440 1051 1476 iachim

323 1494 394 1524 qua·
407 1495 519 1524 nempe
531 1485 564 1515 in
573 1485 595 1517 J
597 1486 707 1517 antina
718 1493 749 1517 et
762 1488 881 1518 Aldina
893 1489 1050 1530 leguntur,

323 1541 354 1565 et
383 1536 417 1565 in
443 1537 556 1576 quibus
580 1538 709 1579 vestigia
731 1538 959 1579 depravationis
985 1551 1049 1572 non

322 1585 448 1617 difficile
471 1593 518 1617 est
546 1587 702 1629 indagare.
747 1590 823 1621 Jam
853 1601 936 1628 vero,
965 1592 1049 1623 haud

321 1642 437 1668 temere
466 1639 683 1677 pronunciem,
713 1646 821 1670 utrum
851 1641 893 1671 sic
916 1644 1048 1673 Aliden-

320 1690 367 1718 sia
398 1688 563 1718 Lucretius
592 1690 632 1719 ob
661 1699 786 1720 versum
815 1691 978 1731 scripserit,
1008 1703 1049 1722 an

321 1738 489 1770 debeamus
511 1750 660 1780 reponere
690 1742 867 1781 Alinensia,
896 1745 1049 1776 Alinden-

319 1793 376 1827 sia,
399 1797 454 1822 aut
478 1793 687 1833 Halydz'ensia
711 1793 861 1835 denique;
887 1806 986 1836 quum
1001 1796 1048 1827 di-

321 1842 494 1873 versimode
517 1843 716 1884 scriptoribus
737 1855 774 1875 ea
794 1846 902 1877 civitas
923 1847 1046 1878 exhibe·

320 1899 391 1924 atur
419 1894 594 1925 nominata:
629 1895 681 1925 adi
710 1895 864 1934 Plinium,
891 1904 953 1928 nat.
977 1899 1046 1930 hist.

318 1954 346 1974 v.
377 1948 427 1976 29.
463 1946 521 1976 sub
551 1945 605 1976 fin.
638 1952 670 1976 et
703 1957 781 1987 quos
805 1948 848 1978 ibi
888 1949 1047 1980 suscitavit

315 1995 512 2034 Harduinus,
543 2007 617 2028 cum
649 1998 807 2038 Stephano
836 2001 988 2040 Byzantio
1009 2002 1044 2033 in

314 2056 396 2077 voce.
453 2048 521 2078 Nec
557 2049 695 2088 profecto
727 2051 899 2091 quamlibet
927 2063 964 2082 ex
994 2053 1042 2083 his

314 2097 499 2137 scripturam
515 2109 577 2138 prae
592 2099 686 2130 altera
700 2101 838 2141 qualibet
852 2113 912 2143 ego
931 2103 1040 2134 saltem

312 2150 422 2181 vitiosa
437 2161 516 2182 nuce
531 2151 698 2191 redimam3
723 2155 873 2194 quoniam
896 2156 1038 2186 metrica-

312 2211 384 2231 rum
406 2201 513 2242 legum
539 2203 740 2234 violationem
762 2206 927 2237 necessitas
948 2207 1040 2246 plene

312 2251 392 2282 valet
407 2263 563 2285 excusare.
610 2254 783 2286 Innumera
805 2264 878 2287 sunt
903 2259 962 2289 hoc
983 2269 1037 2299 ge-

310 2314 369 2334 nus
393 2304 425 2334 in
449 2305 557 2344 po'e'tis,
584 2316 654 2346 quae
675 2306 782 2338 doctos
808 2309 886 2340 viros
912 2311 1036 2351 egregie

309 2356 525 2388 cruciaverunt
553 2364 584 2388 et
614 2357 770 2397 luserunt;
793 2359 871 2389 dum
895 2360 1034 2400 aliunde,

307 2418 402 2448 quam
434 2419 472 2439 ex
502 2409 560 2440 ista
589 2411 769 2441 necessitate
798 2411 870 2447 sola,
901 2412 1034 2442 licentiae

306 2469 429 2490 caussas
442 2467 595 2500 peterent:
615 2461 653 2492 tle
663 2463 725 2503 qua
735 2473 768 2493 re
778 2463 869 2493 multi
881 2464 1034 2505 hodieque

307 2512 432 2550 penitus
446 2512 612 2544 falluntur:
639 2515 698 2544 hoc
717 2522 823 2544 autem
839 2515 916 2545 alias
930 2517 1031 2546 mani-

306 2562 508 2593 festissimum
524 2566 683 2603 praestabo.
730 2566 866 2604 Interea,
890 2577 953 2597 non
968 2568 1029 2598 mi-

306 2624 377 2644 rum
403 2621 458 2652 est,
486 2617 771 2655 sumptuosissimas
795 2624 891 2648 vestes
907 2619 1028 2650 Alindd

306 2667 490 2703 provenisse,
515 2667 636 2698 civitate
662 2668 778 2707 Cariae3
801 2669 939 2710 regionis
953 2680 1028 2701 con·

304 2717 446 2746 terminae
460 2717 575 2748 scilicet
591 2719 698 2759 Lydiae
711 2720 931 2761 Phrygiaeque:
951 2732 1028 2762 qua-

303 2777 376 2797 rum
406 2770 636 2806 provinciarum
663 2773 847 2803 vestimenta
873 2783 1029 2812 purpurea

303 2819 445 2849 maximo
467 2821 550 2859 apud
565 2829 680 2853 veteres
703 2825 890 2855 haberentur
915 2825 1027 2864 pretio,

301 2870 423 2910 sintque
438 2871 607 2910 plurimum
625 2873 795 2906 decantata.
842 2878 917 2906 Clcc‘a
933 2876 1028 2906 etiam

302 2922 483 2953 vestimenta
499 2933 560 2953 non
578 2923 616 2954 ‹le
632 2925 733 2957 insula
749 2928 806 2957 hoc
823 2928 952 2958 nomine
978 2928 1025 2958 in-

1106 663 1275 704 telligenda
1297 671 1378 701 sunt,
1394 666 1446 697 sed
1461 667 1501 698 de
1518 667 1618 699 Cariae
1633 668 1742 700 itidem
1756 670 1828 701 civi—

1105 720 1180 745 tate:
1208 716 1251 745 ita
1265 721 1301 746 ut
1315 717 1411 748 altera
1425 728 1484 748 vox
1500 719 1630 750 alteram
1645 722 1779 760 roboret,
1796 729 1828 753 et

1104 764 1237 795 invicem
1252 765 1361 797 lumen
1376 769 1517 807 praebeat.
1564 771 1739 812 Stephanus
1764 774 1828 813 By-

1103 816 1234 855 zantius,
1260 827 1335 848 voce
1362 825 1444 854 Xaof:
1472 826 1544 852 Εστι
1570 836 1620 854 zm
1646 824 1726 866 ἔτερα.
1742 832 1828 859 τολις

1105 872 1208 909 Καριας
1231 875 1308 903 Χιος.
1351 869 1476 901 Plinius
1501 872 1626 913 insuper
1650 874 1756 914 oppidi
1771 885 1826 906 cu-

1097 916 1224 957 jusdam
1244 921 1316 950 Cln'i
1330 921 1522 962 mentionem
1535 923 1618 962 fecit,
1631 926 1664 955 in
1679 931 1741 957 nat.
1756 927 1828 958 hist.

1102 969 1164 999 xvi.
1180 974 1209 1000 6.
1257 974 1312 1002 Cea
1330 972 1434 1013 itaque
1449 974 1625 1014 vulgarium
1641 976 1826 1015 editionum,

1103 1021 1199 1051 nullis
1215 1023 1443 1062 exemplaribus
1460 1024 1556 1055 MSS.
1579 1027 1750 1066 munitum,
1772 1035 1828 1060 aut

1103 1073 1229 1102 vetustis
1238 1073 1401 1113 impressis,
1411 1074 1464 1105 sed
1476 1077 1729 1109 commentitium
1738 1089 1825 1118 pror-

1100 1133 1152 1153 sus
1178 1134 1214 1154 ac
1239 1135 1369 1164 vanum,
1393 1126 1496 1157 eidem
1511 1127 1671 1166 Turnebo,
1688 1129 1736 1161 vel
1754 1131 1825 1162 Gu-

1099 1172 1205 1205 lielmo
1220 1174 1396 1213 Pelisserio,
1414 1178 1469 1219 qui
1483 1179 1604 1218 primus
1614 1180 1729 1211 dicitur
1743 1181 1823 1212 finx-

1098 1224 1169 1263 isse,
1180 1225 1248 1266 jam
1263 1227 1459 1259 reddendum
1477 1236 1535 1268 est,
1549 1236 1581 1261 et
1594 1237 1742 1264 contextu
1754 1233 1821 1264 Lu-

1097 1276 1234 1307 cretiano
1249 1278 1297 1308 vel
1311 1278 1443 1310 furcillis
1457 1280 1676 1322 ablegandum.

1141 1327 1222 1359 Ibid.
1244 1336 1382 1361 vortunt:
1408 1339 1519 1364 neutro
1543 1344 1646 1372 sensu,
1676 1346 1733 1376 pro
1755 1348 1821 1368 ver-

1096 1385 1221 1417 tantm-‚-
1245 1387 1281 1412 ut
1295 1392 1397 1421 supra,
1413 1393 1474 1414 ver.
1492 1387 1561 1415 158.
1587 1385 1628 1416 ad
1642 1397 1739 1428 quem
1753 1398 1819 1419 ver-

1096 1442 1174 1468 sum,
1188 1443 1228 1464 ne
1244 1433 1386 1465 dicamus
1400 1436 1485 1474 alibi,
1502 1437 1575 1468 satis
1589 1438 1733 1471 diximus.

1137 1484 1213 1514 Ver.
1230 1488 1323 1516 1124.
1351 1486 1510 1526 Scriptura
1523 1490 1605 1520 luz'tli
1619 1489 1652 1519 in
1671 1490 1760 1522 codd.
1782 1491 1819 1523 L.

1094 1534 1142 1565 Μ.
1166 1535 1344 1575 depravatio
1358 1537 1478 1568 videtur
1494 1540 1723 1580 orthographiae
1736 1549 1819 1574 vete-

1092 1586 1145 1624 ris,
1161 1597 1256 1628 quam
1272 1598 1330 1618 nos
1344 1589 1512 1629 sequimur,
1526 1593 1612 1622 ludei
1633 1593 1759 1632 scilicet,
1780 1594 1820 1625 li-

1091 1637 1201 1667 brariis
1214 1639 1271 1668 aevi
1286 1639 1436 1679 sequioris
1449 1640 1538 1671 facile
1553 1642 1762 1682 displiciturae.

1138 1687 1218 1718 Ibid.
1241 1689 1368 1720 Eximit?
1384 1697 1460 1722 veste
1471 1698 1498 1722 et
1510 1694 1609 1724 victu:
1627 1694 1705 1725 adeo
1716 1693 1815 1727 ut'de-

1093 1736 1265 1769 licatiorem
1279 1740 1340 1770 cibi
1356 1751 1450 1772 usum
1464 1743 1688 1783 complectatur
1700 1748 1812 1785 Μαίας,-

1092 1789 1178 1821 unde
1192 1791 1266 1821 satis
1280 1791 1427 1823 elucescit
1448 1793 1568 1825 vanitas
1591 1795 1812 1838 distinctionis,

1092 1851 1187 1881 quarn
1202 1848 1398 1874 commentus
1412 1850 1459 1874 est
1470 1845 1628 1884 Donatus,
1639 1847 1680 1878 ad
1689 1847 1814 1881 Terent.

1092 1893 1178 1924 And.
1195 1893 1214 1924 i.
1231 1897 1259 1925 1.
1275 1898 1325 1925 48.
1350 1899 1372 1914 “
1387 1897 1478 1928 Cibus
1488 1897 1574 1928 enim
1589 1903 1642 1934 est,
1656 1898 1711 1940 qui
1721 1900 1815 1931 etiam

1090 1946 1112 1962 “
1129 1943 1267 1976 delicatis
1280 1947 1450 1985 praebetur;
1468 1950 1569 1980 victus
1583 1949 1617 1979 in
1626 1953 1734 1990 parvis
1747 1953 1812 1982 ari-

1088 1997 1111 2012 “
1124 1997 1230 2036 disque
1243 1996 1401 2028 alimoniis
1415 2004 1461 2029 est
1474 1999 1692 2031 constitutus.”
1730 1994 1810 2033 Mox

1088 2052 1128 2076 Π.
1144 2049 1220 2077 scita
1240 2058 1297 2087 pro
1311 2056 1404 2080 certa.

1129 2097 1199 2128 Ver.
1228 2102 1319 2130 1126.
1353 2103 1587 2142 Nequz'cquam:
1613 2103 1653 2134 V.
1683 2103 1729 2134 ed.
1754 2106 1807 2135 Asc:

1081 2152 1137 2189 qui
1152 2155 1458 2192 quam—quoniam:
1479 2154 1518 2185 O.
1533 2156 1642 2191 donem
1668 2161 1708 2186 Π.
1723 2167 1804 2193 cum,-

1083 2211 1120 2230 ex
1136 2203 1321 2242 compendio
1335 2216 1394 2244 qm.

1126 2252 1208 2283 Ibid.
1224 2256 1267 2284 de
1278 2254 1370 2295 fonce
1399 2258 1534 2295 leporum
1565 2259 1673 2297 Surgit
1702 2261 1806 2290 αηιανί

1080 2304 1217 2343 aliquid:
1251 2305 1272 2335 i.
1302 2316 1327 2336 e.
1363 2310 1385 2324 “
1404 2307 1558 2338 Nonnihil
1587 2309 1806 2340 amaritudinis

1080 2357 1102 2372 ‘⁵
1117 2356 1221 2385 ebullit
1241 2365 1313 2386 cum
1330 2357 1417 2397 aquis
1432 2368 1469 2388 eo
1483 2368 1520 2388 ex
1536 2358 1633 2397 fonte,
1650 2359 1734 2390 unde
1749 2370 1803 2390 ex-

1079 2407 1101 2423 “
1118 2406 1315 2444 spectat-isses
1328 2407 1436 2438 dulces
1450 2409 1532 2439 solas
1549 2410 1731 2441 scaturire.'‘
1755 2412 1802 2442 A-

1077 2457 1149 2487 deas
1170 2464 1288 2497 autem,
1312 2459 1336 2489 si
1357 2467 1531 2491 venustates
1553 2462 1612 2492 loci
1639 2461 1803 2503 degustare

1076 2509 1134 2539 rite
1150 2509 1231 2546 velis,
1247 2517 1279 2540 et
1293 2512 1442 2542 sermonis
1464 2513 1666 2552 proprietates
1687 2513 1802 2553 perspi-

1074 2570 1152 2598 cere,
1169 2568 1305 2591 nostram
1323 2562 1394 2593 Silv.
1413 2563 1487 2594 Crit.
1504 2563 1546 2594 iii.
1561 2574 1592 2603 p.
1609 2567 1679 2594 151.
1705 2564 1743 2594 iv.
1769 2574 1799 2603 p.

1074 2614 1144 2641 254.
1191 2611 1279 2642 Hinc
1294 2613 1430 2653 insuper,
1461 2616 1642 2645 observante
1656 2614 1688 2644 id
1704 2614 1797 2644 Lam-

1073 2661 1154 2697 bino,
1171 2663 1325 2694 veteribus
1340 2676 1426 2695 amor
1435 2673 1632 2707 ’γλυκυπικρος
1645 2664 1796 2695 audiebat.

1074 2712 1125 2742 Ita
1143 2713 1292 2750 Musaeus,
1310 2725 1368 2745 ver.
1385 2719 1456 2747 166.

1111 2806 1166 2835 Ηδκ
1177 2817 1223 2832 και
1238 2809 1484 2835 ΓΛΥΚΥΠΙΚΡΟΝ
1508 2809 1606 2840 εδεξοιτο
1620 2811 1780 2835 ΚΕΝΤΡΟΝ

1226 2856 1381 2881 ΕΡΩΤΩΝ.

1072 2927 1147 2958 Huc
1163 2928 1244 2959 refer
1257 2929 1351 2960 etiam
1369 2930 1565 2970 Euripidem,
1577 2930 1706 2970 Hippol.
1718 2933 1791 2962 351.
