1912 3292
474 309 705 358 LIBER

768 305 1152 364 QUARTUS

1464 307 1553 351 331

204 445 424 494 Praeterea,
445 441 676 482 meminisse
689 439 814 494 jacet,
835 437 1082 493 languetque
1101 450 1266 491 sopore3

87 520 171 561 770
202 520 292 561 Nec
312 516 510 565 dissentit,
537 529 632 555 eum
651 513 796 554 mortis
815 511 966 566 letique
984 510 1162 565 potitum

203 594 297 635 Jam
316 590 492 646 pridem,
514 603 637 644 quem
655 601 772 628 mens
791 586 930 628 vivum
951 599 993 625 se
1013 597 1180 625 cernere
1200 582 1342 623 credit.

259 664 388 713 Quod
408 678 528 719 super
554 671 628 713 est,
650 675 736 702 non
757 668 818 702 est
836 660 1004 709 mirum,
1026 656 1243 698 simulacra
1262 655 1433 705 moveri,

197 738 456 794 Brachiaque
475 738 520 778 in
539 750 759 778 numerum
773 736 944 791 jactare,
968 740 1009 774 et
1028 738 1177 773 caetera
1196 730 1398 771 membra:

203 813 313 854 Nam
333 812 396 863 fit,
418 819 465 854 ut
483 812 528 853 in
549 811 700 852 somnis
719 809 852 851 facere
871 808 952 849 hoc
971 805 1157 848 videatur
1176 805 1328 861 imago.

86 889 167 928 775
201 886 316 937 Hoc,
338 887 409 928 ubi
429 887 566 941 prima
581 885 720 941 periit,
742 884 903 939 alioque
919 889 978 923 est
999 881 1124 922 altera
1145 886 1243 920 nata

61 1044 216 1082 meminit,
240 1049 271 1074 et
284 1045 376 1074 habet
391 1042 487 1073 etiam
501 1043 525 1074 J
526 1042 652 1079 untina3
678 1051 788 1082 quam-

59 1096 106 1126 vis
120 1096 181 1125 illis
196 1095 410 1125 defensoribus
432 1105 498 1125 non
521 1100 619 1135 egeat,
645 1094 791 1124 meliores

60 1153 163 1185 nacta,
190 1147 327 1187 reliquos
357 1156 470 1185 nempe
499 1145 594 1176 libros
622 1144 790 1176 universos.

66 1198 182 1238 Olffecti
203 1203 308 1228 autem
324 1197 405 1228 valet
427 1199 584 1237 impediti:
610 1196 750 1226 conferas
771 1197 794 1227 i.

63 1253 135 1280 538.
158 1250 189 1280 ii.
213 1252 284 1281 785.
308 1255 340 1280 et
363 1259 425 1280 ver.
449 1252 522 1281 919.
548 1249 677 1288 hujusce
702 1247 787 1278 libri:

65 1303 267 1341 ἔεέλαιμμενω,
285 1301 477 1342 πεπεδπμενοι.
514 1301 691 1338 HomemS,
708 1299 747 1330 Il.
760 1306 791 1330 Z.

65 1356 116 1385 59.

255 1448 320 1474 imru
331 1459 382 1482 ’γαρ
398 1448 426 1479 οἱ,
441 1447 582 1481 οιτυζομενω
592 1447 678 1473 πεδιοιο

84 1495 142 1528 Οζῳ
156 1505 184 1521 ενι
194 1497 415 1521 ΒΛΑΦΘΕΝΤΕ
426 1505 552 1530 μυρικινῳ,
574 1499 688 1526 αγκυλον
698 1494 776 1529 ἅρμα

86 1541 180 1574 Azan-³
192 1552 212 1569 εν
223 1553 310 1578 σρωτῳ
321 1543 476 1578 ῥυμῳ--.

109 1626 184 1657 Ver.
203 1629 274 1658 768.
285 1632 430 1666 possunt.-
449 1626 485 1656 P.
497 1625 539 1656 V.
558 1625 606 1656 ed.
619 1625 656 1656 B.
670 1627 795 1665 possint.

111 1678 186 1709 Ver.
213 1681 286 1710 769.
322 1681 509 1710 meminisse.-
540 1678 575 1708 P.
603 1689 684 1708 mens
706 1680 773 1718 ipsa
782 1692 793 1712 ,-

67 1730 120 1772 qui
136 1730 258 1761 nullam
272 1731 347 1761 facit
362 1730 490 1761 diversae
504 1729 647 1760 lectionis
660 1729 796 1759 mentio-

68 1792 157 1813 nemt
182 1783 256 1813 hinc
282 1789 389 1813 autem
404 1782 480 1812 fides
502 1781 570 1821 ejus
584 1780 722 1811 multum
737 1780 798 1811 ele-

70 1839 171 1871 vatur,
192 1840 224 1863 et
239 1832 385 1864 credibile
400 1832 446 1870 fit,
469 1842 543 1862 eum
566 1831 695 1872 ingenio
719 1841 800 1872 saepe

72 1895 136 1915 esse
158 1884 286 1914 silenter
308 1885 502 1919 obsecutum,
526 1883 714 1913 membranis
729 1881 802 1912 licet

73 1939 322 1969 reclamantibus.
349 1937 497 1968 Similiter
507 1936 601 1967 etiam
616 1936 650 1966 in
665 1936 803 1968 Juntina

73 1991 223 2030 scriptum
236 1997 453 2031 est—sopore:
478 1990 520 2020 V.
536 1988 583 2019 ed.
602 2000 717 2028 sapore.

119 2042 202 2072 Ibid.
226 2043 409 2073 meminisse.-
434 2041 455 2071 i.
471 2050 499 2070 e.
522 2039 687 2069 memoria:
715 2040 804 2080 cujus

74 2094 184 2124 formae
198 2103 298 2134 quum
314 2093 430 2133 passim
444 2094 644 2122 obversentur
659 2091 803 2131 specimi-

75 2155 118 2176 na
133 2146 166 2176 in
180 2145 344 2186 utriusque
358 2144 477 2185 linguae
492 2143 703 2183 scriptoribus,
727 2143 805 2173 adeo

74 2204 112 2228 ut
126 2197 165 2228 de
187 2197 271 2228 facili
294 2197 375 2227 foret
396 2196 446 2226 vel
468 2196 585 2236 αμαξοιν
608 2202 806 2237 «τετρακυκλον

77 2259 214 2286 onerare,
237 2260 278 2280 ne
299 2248 476 2289 pervagatis
490 2246 673 2277 inhaerendo
686 2248 807 2277 bonum

77 2300 178 2330 otium
195 2299 421 2339 disperdamus,
437 2298 571 2329 sufficiat
582 2298 728 2328 lectorem
739 2308 805 2327 me-

78 2360 136 2380 um
151 2350 356 2381 demandasse
371 2350 412 2380 ad
433 2348 717 2379 animadversiones
739 2349 806 2378 Da-

81 2401 206 2432 visianis
218 2402 252 2432 in
264 2402 447 2433 Minucium
461 2400 610 2438 Felicem,
626 2406 697 2430 sect.
706 2400 808 2431 xxxiv.

125 2454 201 2485 Ver.
226 2456 298 2485 770.
321 2455 478 2485 dissentit:
514 2457 548 2483 Δ.
575 2454 733 2490 discernit,
763 2451 811 2482 uti

86 2504 254 2535 Creechius
268 2505 453 2545 conjecerat,
468 2503 575 2533 minus
587 2503 758 2544 eleganter;
776 2508 810 2535 Σ.

83 2558 373 2588 discendit.—eum:
400 2556 440 2586 V.
457 2555 503 2586 ed.
521 2562 562 2586 Π.
577 2566 655 2586 cum.

128 2608 212 2639 Ibid.
235 2611 289 2639 leti
312 2610 458 2648 potitum:
495 2617 570 2637 nam
598 2620 622 2638 εν
651 2620 745 2647 (azam
768 2613 814 2637 est

85 2662 216 2692 verbum
227 2663 337 2701 potior.
358 2662 409 2691 Ita
420 2660 566 2698 Plautus,
584 2660 671 2699 capt.
686 2660 706 2690 i.
725 2664 751 2690 1.
765 2664 814 2690 24.

225 2755 285 2784 post
297 2758 380 2783 quam
392 2758 468 2776 meus
479 2758 530 2776 rex
541 2754 581 2776 est
590 2750 683 2783 potitus
694 2750 812 2775 hostium.

89 2832 155 2868 Qui
168 2833 257 2863 locus
272 2832 463 2863 Lambinum
480 2842 544 2862 non
559 2831 679 2872 effugit.
721 2830 815 2861 Simi-

89 2884 159 2914 liter
173 2884 349 2922 Terentius,
373 2885 503 2915 Phorm.
521 2883 565 2914 iii.
583 2887 610 2914 1.
627 2887 655 2914 5.

106 2975 146 2999 Ne
156 2973 357 3038 qm‘iirpromer
366 2977 443 3001 tuam
459 2975 544 3001 fidem
556 2974 680 3006 decepta,
694 2973 817 3006 potiretur

183 3020 210 3038 m
238 3022 256 3039 ι.

836 1040 963 1071 Graecos
977 1037 1131 1068 nimirum
1153 1034 1319 1076 magistros
1337 1033 1371 1063 in
1392 1032 1442 1063 his
1463 1029 1562 1062 secuti

835 1097 916 1122 sunt.
940 1090 992 1121 Sic
1006 1095 1092 1129 pater
1105 1088 1280 1128 poetarum,
1304 1085 1343 1116 Il.
1359 1091 1394 1115 A.
1411 1087 1483 1114 410.

1020 1167 1061 1193 ἕνα
1071 1174 1162 1194 σαντες
1171 1163 1409 1190 ΕΠΑΥΡΩΝΤΑΙ
1425 1158 1552 1189 Caeam.

833 1236 878 1267 ‘Iv’
894 1237 1172 1266 ΑΠΟΛΑΤΣΩΣῙ
1190 1243 1297 1263 παντες
1314 1242 1365 1263 τῆς
1387 1230 1510 1260 αἰελιας
1528 1239 1566 1257 τε

837 1290 985 1323 βασιλεως·
1001 1297 1067 1318 non
1081 1286 1188 1316 minus
1203 1283 1342 1323 apposite
1358 1280 1530 1311 scholiasta.

877 1340 953 1370 Ver.
980 1342 1054 1371 771.
1088 1339 1206 1368 vivum.-
1233 1335 1274 1364 V.

836 1403 974 1424 cernere:
1001 1396 1037 1422 Δ.
1053 1395 1159 1420 autem
1173 1385 1321 1428 junctim,
1336 1394 1499 1415 secernere.

881 1445 955 1475 Ver.
972 1446 1042 1474 772.
1063 1452 1195 1472 movere:
1221 1439 1241 1469 i.
1257 1449 1282 1468 e.
1307 1439 1449 1473 κινεισθαι,
1463 1445 1492 1466 se
1504 1445 1567 1464 mo-

837 1507 919 1532 vere;
943 1495 982 1525 de
996 1493 1112 1525 reflexa
1126 1492 1209 1522 vocis
1232 1490 1344 1521 mediae
1361 1489 1482 1519 virtute.
1529 1485 1571 1516 In

838 1547 993 1587 proximo,
1015 1552 1044 1576 et
1059 1545 1146 1575 deest
1160 1544 1201 1573 V.
1218 1542 1265 1572 ed.
1282 1539 1429 1571 Rubris.

883 1599 955 1629 Ver.
979 1601 997 1630 7
1002 1600 1054 1630 75.
1088 1597 1227 1628 Brachia
1248 1595 1391 1634 jactare.-
1432 1587 1574 1620 conferas

839 1662 916 1682 verr.
934 1654 1005 1683 790.
1025 1653 1097 1682 791.
1124 1647 1317 1687 Propertius,
1333 1645 1364 1675 ii.
1384 1647 1432 1675 18.
1448 1644 1477 1673 5.

1305 1333 1355 1363 ed.
1383 1334 1567 1363 virumn—sc

903 1732 963 1757 Sive
974 1730 1067 1762 aliquis
1081 1729 1148 1755 molli
1160 1728 1271 1754 deducit
1283 1727 1397 1751 candida
1404 1729 1478 1757 gestu

936 1771 1056 1801 Brachia,
1067 1777 1114 1795 seu
1125 1770 1212 1794 varios
1222 1768 1316 1792 incinit
1328 1773 1375 1791 ore
1385 1765 1490 1790 modos.

844 1836 944 1876 Lege,
965 1835 1096 1865 diducit.
1144 1832 1373 1862 BENTLmus.

845 1886 1017 1916 Ver-issima
1032 1890 1077 1914 est
1087 1883 1143 1913 illa
1153 1881 1344 1918 emendatio,
1360 1890 1430 1920 quae
1437 1879 1505 1920 jam
1517 1878 1575 1909 du-

846 1938 924 1968 dum
939 1943 970 1967 et
984 1936 1053 1967 aliis
1074 1934 1191 1965 arrisit:
1217 1939 1254 1963 ut
1277 1931 1437 1973 quondam
1465 1929 1575 1967 Statio,

847 1999 969 2019 versum
985 1986 1135 2027 repetenti
1162 1985 1203 2015 ad
1229 1984 1297 2014 silv.
1326 1982 1368 2012 iii.
1393 1985 1422 2013 5.
1445 1985 1494 2012 66.
1521 1980 1577 2011 ubi

847 2039 917 2070 vide
934 2037 1171 2069 Marklandum.

890 2091 973 2122 Ibid.
997 2091 1133 2122 Brachia
1158 2090 1192 2119 in
1215 2098 1375 2118 numerum
1391 2086 1533 2127 jactare:
1560 2085 1579 2116 i.

849 2155 874 2174 e.
892 2145 1026 2186 ευρυἐμως
1042 2153 1263 2184 χειρονομεντες·
1288 2139 1331 2169 ita
1352 2144 1389 2168 ut
1411 2137 1579 2177 unusquis-

849 2206 910 2236 que
925 2206 996 2225 suas
1010 2194 1090 2224 vices
1112 2197 1225 2230 servet,
1250 2202 1352 2232 neque
1375 2196 1457 2221 eoetra
1474 2200 1581 2220 nume-

848 2259 917 2278 rum
934 2251 1102 2276 moveatur.
1129 2243 1309 2279 Suetonius,
1327 2242 1390 2272 viii.
1407 2245 1457 2272 20.
1475 2243 1497 2259 “
1514 2241 1580 2270 Va-

852 2301 874 2317 “
890 2297 1031 2327 letudine
1053 2293 1261 2335 prosperrima
1286 2304 1361 2324 usus
1387 2298 1448 2329 cst;
1472 2301 1581 2331 quarn-

852 2353 875 2367 “
893 2348 938 2378 vis
967 2347 1006 2378 ad
1036 2346 1186 2376 tuendam
1226 2355 1297 2375 eam
1328 2343 1406 2374 nihil
1435 2342 1582 2381 amplius,

854 2405 876 2419 ‘⁸
893 2411 988 2441 quam
1014 2400 1120 2430 fauces
1146 2404 1317 2438 caeteraque
1345 2396 1486 2426 membra
1509 2394 1582 2424 sibi-

855 2455 876 2470 “
894 2458 960 2481 met
973 2453 1014 2481 ad
1040 2461 1200 2481 numerum
1217 2449 1248 2478 in
1267 2446 1472 2487 sphaeristerio
1488 2444 1582 2474 defri-

855 2506 878 2521 “
895 2502 1014 2533 caret:’'
1031 2501 1050 2531 i.
1065 2512 1090 2531 e.
1107 2499 1311 2531 dinumeratis
1329 2496 1538 2533 frictionibus,
1555 2500 1586 2525 et

854 2554 998 2585 definitis.
1021 2553 1160 2585 Lucretii
1171 2552 1278 2582 locum
1295 2549 1335 2580 ad
1352 2548 1503 2588 Cyclopas
1513 2546 1586 2586 plus

857 2606 954 2637 semel
969 2604 1126 2636 transtulit
1141 2604 1245 2638 Maro,
1262 2607 1298 2632 ut
1312 2611 1381 2641 geo.
1398 2600 1438 2629 iv.
1460 2602 1529 2629 174.
1567 2619 1579 2627 ,.

921 2679 1038 2704 Illiinter
1049 2685 1104 2703 sese
1114 2676 1215 2709 magna
1226 2676 1254 2700 vi
1263 2674 1364 2699 brachia
1375 2672 1478 2698 tollunt

921 2722 949 2743 In
962 2724 1106 2742 numerum.

860 2793 899 2823 In
915 2792 1062 2825 ordinem,
1080 2789 1213 2819 Servius.
1238 2785 1321 2818 Redi
1336 2785 1376 2816 ad
1389 2784 1420 2815 ii.
1438 2787 1509 2815 656.
1526 2783 1587 2813 Pe-

860 2844 966 2884 lignus
982 2847 1064 2872 vates
1086 2850 1150 2871 non
1172 2839 1279 2869 minus
1297 2837 1468 2878 eleganter,
1493 2843 1590 2864 amor.

862 2895 894 2925 ii.
910 2898 940 2924 4.
957 2897 1008 2925 29.

893 2967 939 2992 111a
951 2967 1039 2999 placet
1051 2969 1138 2999 gestu,
1149 2969 1335 2994 numerosaque
1347 2960 1452 2986 brachia
1464 2957 1533 2982 ducit
1541 2964 1553 2985 ;

923 3012 956 3036 Et
967 3014 1091 3036 tenerum
1103 3008 1180 3033 molli
1190 3009 1300 3038 torquet
1313 3005 1345 3030 ab
1356 3006 1414 3028 arte
1427 3002 1504 3025 latus.

793 3061 821 3092 Y
844 3064 864 3091 5
