1912 3292
907 173 1012 196 Τὲ
1031 177 1059 208 ἲ·
1139 200 1142 203 .
1175 190 1203 193 <s
1222 194 1225 195 ν
1244 196 1247 197 ⁷
1266 198 1322 204 „m

496 268 731 319 LIBER
781 247 1133 313 TERTIUS.
1535 267 1562 304 3

214 408 340 462 Quod
359 415 401 449 te
418 405 580 447 imitare
598 414 713 443 aveo.
773 395 890 447 Quid
909 396 1021 437 enim
1041 392 1265 437 contendat
1283 391 1462 432 hirondo

213 481 388 542 Cycnis?
420 488 491 523 aut
509 477 610 535 quid
629 489 728 518 nam
746 471 928 514 tremulis
947 470 1080 512 facere
1100 468 1270 510 artubus
1288 466 1424 509 haedei

73 645 149 679 Loci
172 640 418 675 innumerabiles
439 636 609 679 persimiles
633 636 798 666 obversan-

71 705 140 735 τμη
162 695 217 727 sed
229 705 284 726 ero
306 697 470 723 contentus
484 690 529 720 sic
542 687 674 720 breviter
688 690 798 716 tracta-

73 756 139 780 tam
162 757 230 778 rem
254 744 376 787 judicio
403 741 526 773 lectoris
554 738 726 780 reliquisse,
755 741 799 774 et,

68 811 145 842 quae
159 802 335 838 supersunt,
357 794 508 836 persequi.
554 790 672 823 Confer
688 790 729 820 sis
742 799 798 821 αυτ

74 858 139 883 tem
159 851 278 880 interea
294 847 382 888 Virg.
399 847 473 876 AEn.
489 844 541 874 vii.
556 847 629 875 699.

73 903 142 933 Hic
156 907 262 932 autem
277 900 354 930 alter
369 896 540 929 Mantuani
554 894 651 929 locus,
673 902 737 923 non
751 892 800 921 in-

74 952 276 993 tempestivus
297 950 372 981 huic
397 946 614 986 disceptationi
639 955 725 982 sane,
749 943 804 974 sed

75 1015 226 1046 perquam
240 1001 384 1037 difficilis,
408 998 569 1030 memoriae
584 997 732 1035 incursat,
748 995 804 1036 qui

74 1058 117 1089 sic
131 1057 246 1098 legitur
260 1055 295 1086 in
311 1052 414 1091 editis,
431 1051 471 1082 ad
484 1050 540 1081 ecl.
556 1050 597 1080 ix.
612 1053 663 1080 56.

207 1127 253 1152 sed
264 1128 368 1158 argutos
378 1124 449 1149 inter
459 1125 575 1153 strepere
586 1125 662 1144 anser
672 1118 758 1143 olores.

75 1187 98 1218 J
99 1196 152 1216 am
165 1195 238 1216 vero
253 1182 390 1214 stridulis
407 1180 565 1220 sibilisque
576 1187 718 1208 anserum
733 1175 804 1217 gin-

76 1239 210 1280 gritibus
238 1236 319 1267 nihil
349 1234 494 1266 omnium
522 1231 636 1262 melius
663 1229 805 1270 quadret,

77 1301 173 1332 quam
193 1299 254 1319 vox
276 1294 415 1328 argutus.
458 1286 503 1315 Et
524 1282 652 1324 quidem
674 1281 804 1312 Latino-

78 1351 151 1372 rum
164 1345 306 1380 argutus,
328 1344 364 1367 ut
380 1338 567 1368 Graecorum
581 1341 678 1373 λιγυς,
701 1331 727 1361 si
742 1341 807 1361 non

77 1401 199 1432 semper
213 1390 396 1421 adhibeatur
410 1387 450 1418 de
469 1385 553 1417 sonis
568 1382 806 1418 insuavioribus,

75 1453 181 1477 tenues
211 1443 322 1474 saltem
359 1447 452 1482 atque
481 1440 643 1472 imbecillos
674 1436 806 1473 indicat;

77 1497 157 1528 adeo
171 1501 208 1527 ut
228 1495 268 1526 de
283 1505 394 1526 canoro
418 1498 450 1522 et
471 1490 613 1522 absoluto
634 1488 723 1530 cycni
738 1499 806 1519 car-

78 1551 161 1580 mine
174 1548 226 1578 vix
237 1544 402 1578 commode
416 1543 490 1574 satis
504 1541 646 1582 usurpari
658 1540 808 1571 videatur.

82 1600 218 1631 Serenus
239 1596 435 1634 Samonicus,
458 1594 497 1625 de
512 1593 594 1624 med.
613 1596 681 1624 176.
704 1602 810 1623 ansere

80 1663 174 1683 rauco
183 1665 194 1682 .-
218 1648 303 1681 unde
318 1658 383 1679 non
397 1646 539 1678 dubitem
554 1654 640 1676 nunc
654 1654 693 1674 ex
707 1644 806 1674 abun-

81 1702 172 1734 danti
185 1700 331 1732 accedere
341 1699 409 1740 jam
424 1697 515 1728 dictis
529 1696 570 1727 de
583 1695 727 1727 Maronis
741 1704 808 1725 ver-

82 1766 120 1786 su
134 1754 175 1786 ad
188 1754 221 1785 ii.
237 1756 309 1784 410.

127 1805 203 1837 Ver.
223 1807 252 1836 7.
276 1805 406 1844 Cycnis:
432 1802 473 1832 V.
489 1801 536 1832 ed.
554 1807 594 1831 Π.
613 1802 747 1841 Cygnus.

127 1856 210 1888 Ibid.
224 1856 363 1888 tremulis
378 1854 521 1884 artubus.-
547 1857 584 1881 ut
597 1851 616 1880 i.
632 1854 705 1881 261.
751 1849 814 1879 Ar-

82 1910 176 1941 tubus
202 1908 346 1950 infirmis,
371 1904 480 1935 itidem
500 1903 539 1934 de
560 1901 640 1932 nova
661 1900 747 1941 prole
761 1911 815 1940 pe-

86 1959 215 1992 cudum.
260 1958 304 1988 Et
328 1956 440 1987 divisas
463 1953 547 1984 volui
568 1952 720 1983 dictiones
742 1953 817 1991 quid

88 2022 176 2049 nam,
189 2018 290 2050 quum
305 2017 385 2046 saepe
400 2006 523 2036 inverso
537 2003 646 2034 ordine
660 2003 815 2043 legantur.

88 2060 253 2102 Virgilius,
269 2068 337 2100 geo.
354 2058 395 2087 iv.
411 2059 485 2087 445.

102 2131 170 2154 Nam
179 2126 236 2160 quis
246 2126 425 2157 te,Juvenum
438 2122 678 2149 confidentissime!
698 2124 800 2148 nostras

103 2167 183 2200 Jussit
193 2166 266 2191 adire
275 2165 384 2190 domos?

90 2228 174 2259 Vide
193 2226 348 2258 Servium:
374 2226 457 2255 hanc
479 2224 566 2255 enim
588 2233 655 2254 rem
670 2233 727 2254 nos
741 2222 819 2253 olim

86 2289 252 2321 perperam
268 2277 446 2317 accepimus
470 2276 510 2306 ad
535 2275 652 2313 locum,
677 2274 820 2318 quamvis

90 2333 186 2372 probe
210 2341 249 2361 ex
273 2328 392 2361 Graecis
416 2327 604 2358 illustratam
630 2327 818 2358 dederimus.

93 2383 176 2413 Haec
198 2380 369 2422 proprietas
394 2379 490 2420 hujus
515 2378 661 2409 formulae
679 2378 822 2420 ignorata

92 2433 200 2466 locum
224 2432 308 2464 Livii
331 2430 463 2468 luxavit,
494 2431 513 2461 i.
532 2432 582 2462 45.
598 2434 628 2462 6.
658 2430 702 2461 ita
726 2430 822 2471 vulgo

93 2485 281 2517 exhibitum:
314 2487 337 2502 “
358 2485 513 2518 Quidnam
536 2487 584 2520 tu,
613 2482 737 2521 hospes,
766 2493 821 2522 pa-

95 2541 119 2557 “
134 2536 202 2568 ras?
226 2536 339 2577 inquit,
361 2536 479 2566 inceste
501 2533 689 2565 sacrificium
709 2533 824 2565 Dianae

95 2592 119 2608 “
135 2585 280 2619 facere?”
305 2587 386 2623 Quae
401 2592 475 2617 sunt
488 2596 554 2617 uno
563 2585 674 2625 spiritu
688 2585 729 2616 ad
742 2586 824 2616 hanc

96 2649 243 2672 normam
272 2638 473 2679 perlegenda:
510 2641 533 2656 “
561 2639 643 2672 Quid
675 2649 748 2668 nam
778 2644 823 2675 tu,

98 2695 122 2711 “
138 2692 260 2731 hospes,
286 2700 375 2729 paras
391 2689 523 2731 (inquit)
550 2689 666 2720 inceste
680 2688 824 2719 sacrifici-

100 2747 123 2763 “
140 2754 197 2775 um
212 2743 327 2774 Dianae
345 2740 488 2773 facere?’'
511 2741 531 2772 i.
547 2752 573 2772 e.
596 2742 756 2778 Quianam
771 2751 825 2781 pa-

99 2794 211 2827 ras-?
235 2794 380 2833 Plautus,
398 2794 517 2833 Amph.
534 2793 566 2824 ii.
584 2797 610 2825 1.
625 2797 655 2824 2.

115 2867 178 2892 Am.
191 2865 410 2931 Scekestissimum
421 2869 449 2891 te
460 2865 582 2891 arbitror.
610 2866 653 2892 So.
665 2868 733 2891 Nam
743 2871 826 2897 quam

224 2913 240 2931 o
269 2908 342 2931 rem?

106 2965 208 3004 Idem,
235 2966 326 2998 Cure.
343 2966 362 2998 i.
384 2969 410 2997 1.
428 2969 477 2998 15.
500 2971 531 2998 et
552 2966 693 3000 conferas
708 2965 826 2998 Teren-

842 630 935 668 tium,
951 628 1080 660 Phorm.
1095 637 1122 657 v.
1143 629 1167 656 1.
1184 628 1212 656 5.
1239 634 1313 655 cum
1328 623 1456 653 Donato
1471 620 1510 652 ad
1526 620 1570 651 lo-

842 691 928 712 cum:

935 742 1002 765 Nam
1013 746 1060 771 quo
1072 741 1100 763 te
1111 736 1201 761 dicam
1211 741 1263 767 ego
1274 733 1328 759 ire?

843 789 983 821 Tantilla
996 799 1057 826 res,
1079 787 1212 817 minime
1225 783 1395 819 intellecta,
1417 778 1573 812 Bruncki-

843 852 900 872 um
922 839 1061 880 impulit,
1084 843 1122 869 ut
1140 836 1386 875 Aristophanem
1408 837 1516 862 contra
1534 829 1574 859 li-

845 896 917 926 bros
945 901 1143 932 corrumpere
1174 889 1254 920 nihil
1282 885 1511 921 reformidaret,
1540 882 1574 911 in

848 947 933 978 Nub.
947 949 1017 978 191.

886 1013 923 1036 Τι
933 1010 1000 1035 ΓΑΡ
1012 1008 1060 1035 οἶδε
1073 1008 1165 1042 δρωινιν,
1180 1005 1201 1032 οἱ
1212 1004 1292 1040 σφοδρ’
1306 1009 1483 1036 εγκεκυφοτες;

847 1063 1128 1102 Quemadmodum
1164 1061 1281 1092 centies
1314 1060 1493 1090 Homerus:
1533 1054 1580 1084 vir

848 1122 965 1154 tamen,
985 1114 1127 1156 alioquin
1143 1113 1340 1144 doctissimus
1355 1116 1386 1140 et
1399 1106 1578 1140 laudatissi-

849 1179 933 1207 mus,
955 1174 1072 1199 temere
1087 1167 1112 1197 δ’
1128 1180 1162 1207 ap
1176 1164 1407 1203 ineptissimum
1422 1161 1581 1202 inposui&

848 1231 906 1251 nec
924 1218 1055 1250 audacia
1071 1218 1138 1257 pari
1155 1227 1222 1247 sese
1237 1225 1343 1256 gerere
1365 1214 1494 1245 erubuit
1508 1213 1582 1244 ibid.

849 1281 909 1301 ver.
924 1273 997 1301 551.
1020 1270 1137 1299 iterum
1156 1266 1317 1298 contextui
1332 1276 1425 1296 suum
1441 1265 1524 1307 δ’·ιιρ
1537 1264 1583 1294 fe-

850 1323 1028 1361 dissimum,
1045 1332 1102 1362 pro
1118 1334 1187 1363 ryoep,
1203 1319 1344 1360 genuino
1362 1316 1430 1349 fetu
1447 1316 1585 1351 Comici,

850 1374 1026 1405 inferciens.
1074 1372 1135 1403 Sed
1157 1370 1332 1402 accuratius
1353 1369 1509 1408 scripseris
1537 1367 1584 1397 di-

852 1427 955 1465 visim,
982 1427 1012 1466 γ’
1031 1439 1081 1467 ap:
1107 1424 1202 1460 unde,
1229 1423 1352 1464 quoties
1377 1421 1476 1452 oratio
1505 1430 1584 1450 con·-

852 1479 1002 1515 tinuetur,
1029 1483 1061 1508 et
1082 1475 1286 1515 respiciantur
1303 1472 1522 1514 praecedentia,
1549 1484 1581 1501 τε

853 1531 887 1561 in
901 1530 1007 1560 locum
1029 1542 1064 1569 γε
1087 1527 1192 1558 venire
1207 1526 1302 1563 solet3
1325 1531 1362 1556 ut
1375 1525 1409 1554 in
1426 1523 1581 1560 Homero,

854 1582 894 1613 11.
910 1588 945 1612 A.
961 1585 990 1612 8.

893 1649 943 1675 Τις
954 1645 992 1671 T·
1003 1646 1047 1671 ΑΡ
1058 1652 1121 1678 σφωε
1135 1643 1198 1669 θεων
1212 1641 1267 1677 εριδι
1280 1643 1375 1673 ξυνεκκε
1384 1638 1533 1674 μοιχεσθαιις

854 1701 973 1733 Videas
985 1700 1082 1732 etiam
1105 1699 1145 1730 Il.
1162 1703 1196 1730 Σ.
1215 1701 1284 1728 188.
1329 1695 1394 1726 His
1416 1694 1584 1734 impulsus,

854 1755 992 1796 glossam
1027 1751 1264 1792 Hesychianam
1302 1762 1326 1780 εν
1363 1747 1473 1789 rapam!
1501 1751 1584 1775 recte

855 1807 1059 1838 constituam:
1087 1810 1119 1834 Τι
1135 1803 1192 1834 Bou·
1208 1815 1236 1833 «τι
1252 1815 1318 1843 γαρ,
1346 1805 1450 1830 ΑΛΛΑ
1467 1803 1528 1828 ΔΗ.
1556 1810 1585 1827 τι

860 1873 928 1901 γαρ,
948 1863 1063 1900 Κρῆτες·
1089 1862 1199 1887 Borma-ot
1214 1853 1254 1891 δε,
1279 1857 1387 1883 ΕΝΘΑ
1404 1856 1468 1881 ΔΗ·
1492 1856 1584 1880 Αττι-

861 1925 915 1949 κω,
938 1909 983 1940 δικ
999 1922 1028 1940 τι
1042 1908 1084 1941 δη.
1128 1907 1217 1937 Hinc
1232 1904 1326 1936 etiam
1342 1903 1523 1933 Homerum
1538 1902 1585 1940 ip-

860 1972 943 1999 sum,
967 1965 999 1990 et
1012 1957 1181 1990 certissime
1195 1955 1334 1998 quidem,
1358 1954 1523 1994 corrigam,
1547 1952 1588 1982 ad

860 2013 899 2043 11.
916 2018 955 2043 M.
970 2015 1041 2042 409.

898 2077 924 2102 Ω
939 2076 1034 2105 Ammoi,
1049 2084 1072 2100 τι
1084 2074 1151 2099 ΓΑΡ
1162 2072 1207 2098 ὦδε
1217 2071 1310 2106 μιθιετε
1322 2069 1425 2105 θκριδας
1439 2073 1537 2098 αλκηςς

859 2136 981 2177 Vulgo,
1010 2135 1039 2166 δ’
1069 2148 1112 2177 up.
1159 2131 1360 2163 Scholiastes:
1402 2136 1433 2161 τι
1466 2129 1518 2163 δη.·
1558 2135 1589 2160 et

861 2186 1054 2228 Hesychius:
1084 2191 1130 2219 Τις
1149 2197 1216 2227 γαρ·
1243 2197 1285 2217 τις
1306 2181 1348 2215 δη.
1394 2180 1589 2212 Fructuosis-

860 2240 978 2271 simum
993 2237 1250 2278 lexicographum
1270 2235 1384 2265 iterum
1400 2233 1588 2264 emendabo:

862 2294 942 2325 Αλλ’
959 2305 991 2323 εκ
1007 2304 1050 2322 «ται
1066 2301 1136 2332 epm·
1156 2288 1212 2331 (Il.
1227 2295 1263 2319 A.
1280 2287 1367 2327 204.)
1383 2291 1488 2317 ΑΛΛΑ.
1501 2285 1535 2320 δη
1551 2298 1592 2316 σοι

865 2359 893 2375 τι
909 2357 965 2386 epm.
1008 2341 1108 2380 Libri,
1132 2347 1228 2371 azzo:
1253 2338 1308 2369 sed
1326 2336 1526 2368 redeundum
1547 2341 1595 2366 est

865 2396 899 2427 in
911 2395 1009 2432 viam;
1024 2394 1091 2423 haec
1106 2392 1202 2427 enim,
1218 2399 1386 2421 arenarum
1397 2388 1506 2424 instar,
1519 2392 1593 2417 sunt

865 2448 958 2488 plane
972 2443 1223 2479 innumerabilia,
1239 2448 1271 2473 et
1284 2440 1412 2472 alterius
1425 2449 1594 2478 argumen-

865 2500 900 2531 ti.
943 2499 1114 2539 Eleganter
1141 2505 1228 2533 sane,
1257 2499 1294 2525 ut
1323 2491 1442 2522 adsolet
1465 2491 1594 2530 scriptor

866 2549 1132 2592 castigatissimus‚
1151 2547 1180 2577 S.
1196 2547 1310 2581 Lucas,
1332 2548 1402 2573 actt.
1418 2547 1516 2582 apost.
1532 2541 1594 2572 xix.

866 2606 918 2636 55.
939 2602 1034 2645 Ανδρες
1052 2607 1172 2641 Emeum,
1190 2601 1254 2629 ΤῙΣ
1272 2601 1342 2627 ΓΑΡ
1357 2607 1431 2626 εστιν
1445 2596 1594 2637 ωνθρωπος,

870 2656 896 2689 ὃς
913 2668 930 2686 ε
945 2657 1192 2695 ‘ymarum—xtra.

869 2707 914 2738 Et
927 2706 984 2744 ibi,
999 2711 1036 2736 ut
1049 2704 1125 2734 alias
1138 2700 1317 2741 saepissime,
1330 2698 1469 2731 formula
1482 2703 1529 2728 est
1543 2708 1596 2728 su-

869 2758 1002 2788 bitaneae
1017 2753 1177 2791 orationis,
1199 2752 1240 2783 ad
1260 2762 1358 2794 quam
1375 2748 1596 2791 perficiendam

870 2808 1016 2850 quaedam
1044 2804 1233 2846 praecessisse
1260 2803 1353 2834 tacite
1381 2806 1455 2833 sunt
1480 2799 1595 2830 intelli-

870 2860 982 2901 genda.
1027 2858 1140 2899 Neque
1154 2858 1188 2887 in
1203 2854 1427 2897 quaestionibus
1437 2852 1596 2894 proferen-

871 2913 920 2943 dis
945 2908 1166 2942 tantumm'odo
1190 2907 1371 2944 adhibetur-3
1393 2911 1431 2936 ut
1455 2904 1489 2935 in
1511 2903 1598 2943 epist.

873 2965 914 2998 D.
930 2963 1079 3003 Joaunis‚
1104 2961 1151 2995 iii.
1167 2965 1198 2994 5.
1222 2967 1340 3002 Εχαρην
1363 2964 1434 2990 ΓΑΡ
1455 2964 1532 2995 λιαν,
1559 2969 1598 2998 zp-

1908 653 1912 662 e
1902 511 1912 641 „ra-J*
1904 463 1912 490 :⁴1
