1912 3292
465 246 699 295 LIBER
736 240 1119 301 QUARTUS.

1446 244 1542 285 315

250 380 301 421 Id
322 374 467 436 quibus
486 384 533 417 ut
552 376 625 416 fiat
643 375 765 415 rebus
785 385 1033 429 cognoscere
1053 371 1197 426 possis,

191 454 401 507 Principio
420 451 651 492 meminisse
670 449 802 498 decet,
825 462 918 503 quae
938 446 1118 487 diximus
1139 451 1249 494 ante,

195 529 361 570 Semina
379 523 632 566 multimodis
651 523 695 563 in
716 522 837 563 rebus
856 521 988 562 mixta
1007 518 1149 561 teneri.

193 602 342 651 Porro,
364 615 522 649 omnes,
544 611 845 654 quaequomque
866 595 1004 636 cibum
1025 594 1208 649 capiunt,
1231 590 1473 638 animantes,

78 680 161 716 650
192 675 254 717 Ut
273 682 368 715 sunt
387 673 599 714 dissimiles
619 672 888 720 extrinsecus,
915 676 955 709 et
974 667 1202 725 generatim

189 750 359 791 Extima
378 747 660 788 membrorum
679 747 991 787 circumcaesura
1010 743 1188 790 co'e‘rcet3

49 918 124 940 mox
148 917 221 938 casu
246 905 401 941 restituto,
427 904 539 935 salivis.
584 901 696 931 Plures
718 902 778 931 hoc

49 969 163 1001 genere
178 956 412 997 depravationes
429 955 497 995 jam
517 953 780 992 deprehendimus

47 1012 82 1042 in
97 1011 255 1042 Lucretio.
300 1009 445 1039 Lectores
460 1012 568 1036 autem
583 1014 640 1034 suo
658 1002 778 1043 judicio

48 1062 294 1094 fruantur.—-In
332 1065 488 1100 sequente,
521 1057 562 1087 V.
592 1055 639 1086 ed.
674 1056 778 1092 habet,

51 1117 208 1155 Desperz't.

94 1176 176 1207 Ibid.
192 1185 325 1215 serpens,
338 1175 469 1204 hominis
485 1182 554 1212 quae
568 1176 651 1201 tacta
667 1169 780 1202 salivis,

52 1231 204 1269 Disperit.
248 1228 300 1257 De
315 1227 373 1256 hac
395 1236 428 1255 re
445 1224 601 1259 thanus,
625 1222 694 1252 hist.
709 1230 781 1250 ann.

50 1280 82 1311 ii.
103 1283 152 1310 24.

95 1332 171 1361 Ver.
188 1332 259 1361 644.
274 1335 427 1360 veratrum
439 1341 448 1357 .·
467 1327 508 1356 V.
519 1325 566 1356 ed.
581 1326 617 1355 B.
627 1329 783 1355 veretrum.

55 1383 143 1413 —Et
169 1381 341 1418 Arnobius,
367 1379 419 1409 lib.
436 1379 455 1410 i.
473 1389 501 1417 p.
518 1381 546 1407 8.
570 1377 660 1416 cujus
689 1375 783 1404 etiam

53 1434 228 1466 Lambinus
250 1431 429 1462 recordatus
455 1436 511 1465 est,
535 1430 621 1458 huuc
638 1426 785 1466 expressit

53 1486 172 1517 locum:
201 1488 224 1503 ‘⁶
248 1485 408 1515 Veratrum
431 1491 578 1513 vencnum
595 1485 637 1510 est
652 1479 784 1508 homini-

57 1541 80 1558 “
95 1540 168 1569 bus:
193 1535 349 1576 numquid
379 1536 418 1565 ob
444 1535 525 1563 hanc
553 1541 695 1562 caussam
721 1539 785 1559 non

56 1589 204 1620 “debuit
228 1586 355 1618 nasci?”
379 1585 490 1616 Addas
517 1583 698 1623 Diogenem
723 1581 784 1611 La-

54 1641 183 1679 enium,
207 1640 247 1671 iX.
265 1642 315 1670 80.
344 1644 400 1669 Km
427 1651 460 1668 ‘ro
485 1649 590 1667 κωνειον
614 1647 710 1677 op-rvyt
736 1645 786 1672 μεν

57 1701 196 1735 τροφιμον,
214 1694 346 1734 ανθρωπῳ
361 1690 389 1721 δε
405 1691 573 1727 θανασιμσν.

98 1753 175 1783 Ver.
192 1755 263 1783 645.
287 1752 332 1782 At
346 1751 464 1790 capris:
489 1748 530 1778 V.
546 1746 594 1777 ed.
611 1747 658 1776 Ac
671 1746 722 1776 cai
735 1754 787 1774 ca-

54 1804 400 1846 pris.—coturnicibus.·
428 1801 464 1831 B.
483 1798 727 1832 conturnicz'bus,·
752 1795 789 1825 L.

60 1855 285 1888 cocturnicibus
292 1869 302 1890 ;
329 1853 376 1883 M.
392 1853 472 1892 quod
489 1849 668 1880 tur-uicibus.

104 1906 186 1936 Ibid.
209 1907 315 1944 adipes
345 1903 551 1934 coturnicibus
580 1906 680 1939 auget.
724 1897 791 1928 Pli-

60 1959 142 1994 nius,
167 1963 229 1987 nat.
252 1956 322 1986 hist.
343 1965 371 1984 x.
387 1957 438 1984 23.
463 1956 484 1971 “
504 1951 725 1983 Coturnicibus
739 1960 790 1979 ve-

60 2014 85 2029 “
101 2009 177 2041 ratri
193 2018 300 2039 semen
317 2005 512 2048 gratissimus
534 2003 651 2034 cibus.'’
696 2002 792 2032 Lam-

59 2062 163 2094 binus.

104 2115 180 2145 Ver.
196 2117 268 2144 646.
293 2112 368 2142 Hoc
383 2110 478 2141 modo
498 2110 590 2139 verba
603 2108 703 2148 posita
718 2112 791 2137 sunt

62 2166 193 2207 hujusce
208 2163 313 2195 versus
327 2163 362 2193 in
382 2161 484 2193 editis:

107 2250 152 2278 Ut,
162 2246 258 2278 quibus
268 2245 295 2270 id
305 2245 353 2269 fiat
364 2244 452 2273 rebus,
469 2248 630 2274 cognoscere
641 2241 731 2272 possis.

65 2320 168 2352 Nobis
182 2329 248 2349 non
262 2317 296 2348 id
316 2317 439 2347 licitum
454 2324 518 2345 esse
540 2313 796 2350 existimavimus,

65 2378 104 2403 ut
125 2370 336 2402 delicatiorem
358 2373 486 2408 gustum
501 2365 648 2396 omnibus
670 2362 798 2393 vetustis

67 2414 298 2462 exemplaribus
326 2428 557 2459 praeponamus:
597 2416 686 2446 aliter
718 2415 798 2445 alius

69 2474 146 2506 ordo
167 2473 332 2503 verborum
354 2470 509 2501 nobismet
524 2478 647 2509 quoque
661 2466 794 2506 placuis-

70 2532 125 2558 set.

113 2578 189 2608 Ver.
206 2580 278 2607 648.
308 2576 422 2606 teneri:
448 2573 490 2603 V.
516 2571 564 2602 ed.
590 2581 625 2601 ac
651 2571 687 2601 Β.
710 2570 797 2600 exhi-

70 2630 159 2667 bent,
174 2634 284 2658 tenere.

130 2688 205 2719 Ver.
227 2690 303 2719 651.
334 2688 587 2717 circumcaesura:
623 2682 661 2713 P.
683 2683 798 2713 circum

73 2745 192 2772 textura
199 2755 210 2776 ;
229 2738 313 2779 quod
328 2737 376 2768 vel
393 2735 571 2778 glossatoris
585 2740 638 2771 est,
653 2733 703 2764 vel
717 2731 805 2763 scioli

77 2792 298 2824 emendatoris:
324 2790 423 2822 Vind.
441 2790 481 2820 Ο.
504 2794 538 2820 A.
556 2795 598 2819 Π.
614 2791 648 2820 Σ.
672 2789 803 2819 circum-

75 2854 216 2876 cessura:
241 2843 348 2874 redeas
374 2847 480 2873 autem
505 2840 599 2871 velim
615 2838 655 2870 ad
670 2837 715 2869 iii.
731 2840 805 2868 220.

82 2902 113 2928 et
126 2895 243 2927 ibidem
257 2901 355 2927 notas

823 904 846 919 “
861 898 940 929 ratio
954 896 1183 928 constitutionis
1199 895 1234 924 in
1257 890 1436 926 seminibus,
1459 899 1495 919 ac
1516 889 1551 919 in

824 954 846 968 “
863 950 986 979 extimis
1011 948 1125 986 figuris*
1145 940 1392 977 animantium2'‘
1417 939 1552 969 dissimi-

824 1000 926 1030 litudo
947 998 1074 1028 scilicet.
1123 996 1213 1027 Nihil
1228 994 1340 1024 rectius
1359 997 1391 1021 et
1405 990 1555 1020 sincerius

822 1052 880 1080 hac
896 1049 1041 1084 lectione,
1064 1045 1295 1083 nobismetipsis
1309 1043 1420 1072 saltem
1438 1040 1554 1080 judici—

769 1142 773 1145 ‚
822 1103 896 1132 bus:
932 1099 1064 1130 editores
1087 1103 1193 1127 autem
1215 1098 1331 1125 distant
1354 1094 1388 1122 in
1412 1091 1554 1122 Lucreti-

824 1163 881 1184 um
896 1153 1117 1190 importavere;
1141 1157 1211 1187 quae
1221 1156 1281 1175 vox
1297 1144 1442 1183 profecto,
1454 1153 1555 1182 quan-

825 1210 895 1234 tum
909 1201 1083 1240 intelligere
1105 1198 1275 1233 valeamus,
1299 1195 1332 1224 in
1346 1193 1443 1223 Vind.
1461 1199 1491 1222 et
1507 1193 1556 1223 M.

827 1258 997 1293 comparet:
1024 1250 1079 1281 sed
1098 1249 1249 1278 librorum
1264 1245 1458 1285 reliquorum
1482 1253 1557 1272 con-

828 1316 937 1337 sensus
954 1312 1097 1334 summus
1121 1311 1173 1331 me
1194 1299 1285 1340 jubet
1309 1309 1432 1336 επεχειν·
1456 1301 1487 1325 et
1501 1305 1557 1324 ne-

830 1368 882 1389 mo
909 1356 988 1387 mihi
1015 1354 1133 1393 eripiet,
1158 1351 1208 1381 vel
1230 1351 1256 1380 si
1279 1350 1415 1379 sinceros
1438 1346 1560 1387 egerint

828 1411 960 1440 istorum
985 1405 1212 1446 exemplarium
1238 1401 1410 1437 collatores,
1437 1405 1472 1429 ut
1494 1409 1560 1429 non

829 1461 954 1493 credam
977 1459 1139 1499 vulgatam
1163 1455 1346 1490 dictionem,
1373 1462 1443 1492 quae
1469 1450 1559 1480 valde

829 1514 989 1554 plebeium
1004 1517 1134 1552 gustum
1148 1507 1239 1547 sapit,
1262 1504 1406 1536 hodierni
1421 1502 1560 1543 cujuspi-

831 1578 884 1597 am
900 1563 1079 1596 correctoris
1090 1558 1349 1592 fetum.—Aliter
1360 1557 1487 1594 insuper
1502 1556 1562 1584 hoc

830 1624 920 1658 pacto
935 1615 1083 1647 declarari
1098 1617 1200 1653 potest
1221 1611 1386 1640 verborum
1402 1612 1562 1637 construc-

830 1670 888 1699 tio:
918 1671 941 1686 “
957 1665 1094 1698 Proinde
1108 1663 1163 1706 (ad
1178 1661 1313 1692 eundem
1325 1658 1473 1696 modum)
1486 1666 1561 1686 con-

833 1725 855 1740 “
872 1725 956 1750 stant
984 1718 1078 1748 etiam
1110 1711 1308 1745 seminibus''
1346 1708 1564 1751 (dissimilibus

833 1770 979 1809 scilicet):
1006 1769 1025 1798 i.
1042 1778 1068 1798 e.
1084 1777 1121 1797 ea
1135 1771 1182 1795 est
1196 1763 1355 1794 seminum
1371 1759 1562 1794 constitutio,

833 1833 904 1864 quae
919 1827 1055 1851 externae
1066 1817 1193 1857 speciei;
1217 1820 1372 1856 quatenus
1383 1813 1416 1841 in
1430 1817 1565 1851 utroque

834 1874 987 1905 nimirum
1002 1871 1185 1909 discrepant.

838 1927 1007 1961 Caeterum,
1024 1923 1060 1953 L.
1073 1922 1210 1963 figzcrz‘s‚-
1233 1925 1272 1949 n.
1286 1919 1444 1964 figi-ram,-
1469 1914 1566 1944 etiam

835 1981 929 2010 bene:
955 1976 1010 2007 sed
1032 1984 1143 2004 verum
1166 1971 1313 2013 equidem
1338 1974 1417 2008 puto
1428 1969 1565 2010 figuras.

837 2029 928 2061 Nihil
941 2028 1020 2059 tanti
1035 2033 1089 2057 est.

875 2091 951 2121 Ver.
968 2093 1040 2121 654.
1074 2090 1213 2128 viasque:
1250 2089 1285 2115 Δ.
1312 2081 1568 2121 vias.—-perlzibc-

834 2155 918 2175 mus:
939 2149 980 2173 Π.
992 2142 1211 2182 perhibendum
1221 2153 1230 2174 ,·
1248 2146 1318 2177 quae
1330 2135 1438 2169 forma,
1455 2141 1567 2172 quam-

837 2196 883 2226 vis
897 2194 970 2225 alibi
986 2193 1134 2224 Lucretio
1155 2191 1351 2230 frequentata
1365 2186 1416 2224 sit,
1439 2185 1570 2224 hujusce

838 2247 899 2277 loci
924 2250 1088 2275 structurae
1114 2240 1253 2281 adaptari
1280 2238 1398 2278 nequit.
1444 2237 1525 2266 Mox
1543 2234 1569 2263 i-

841 2299 914 2329 dem
929 2296 1026 2327 codex
1043 2295 1131 2325 nobis
1146 2293 1271 2324 exhibet
1286 2293 1345 2328 uti,
1369 2298 1424 2328 pro
1440 2290 1482 2317 in.

883 2357 959 2386 Ver.
976 2358 1048 2386 656.
1070 2354 1263 2395 vizajoraqzte:
1290 2350 1331 2379 V.
1347 2347 1396 2378 ed.
1410 2348 1566 2384 maioque;

844 2414 884 2439 Π.
899 2409 1088 2446 minoraque.

883 2468 958 2497 Ver.
986 2468 1058 2497 657.
1081 2467 1250 2504 triquetra:
1277 2457 1375 2489 Vind.
1395 2456 1435 2486 V.
1459 2454 1506 2485 ed.
1535 2455 1574 2484 B.

842 2525 884 2549 Π.
907 2523 942 2549 Σ.
969 2517 1159 2556 triqzcatrz'a,-
1194 2513 1233 2542 O.
1261 2517 1305 2541 Ω.
1329 2511 1501 2548 triquatr115
1538 2510 1573 2535 Δ.

845 2569 1136 2610 trz'quetrz'a.—aliis
1159 2562 1256 2595 semel
1281 2566 1406 2591 tantum
1432 2557 1575 2588 scribitur

843 2621 877 2650 in
894 2626 929 2651 A.
946 2626 987 2650 Π.
1005 2624 1039 2650 Σ.
1058 2618 1098 2648 de
1113 2625 1177 2657 quo
1191 2622 1306 2654 genere
1321 2609 1434 2640 erroris
1447 2608 1575 2647 saepius-

845 2672 915 2703 cule
930 2670 1113 2701 monuimus
1127 2665 1286 2706 superius3
1310 2669 1342 2693 et
1356 2660 1462 2691 videas
1484 2658 1574 2688 Valc-

847 2724 1031 2758 kena'emm,
1047 2721 1087 2751 ad
1102 2721 1179 2750 Eur.
1197 2718 1306 2748 Phoen.
1322 2717 1395 2744 502.
1414 2714 1506 2742 1045.

893 2784 973 2815 Ibid.
997 2782 1051 2814 Ad
1075 2783 1161 2811 hunc
1185 2778 1292 2809 locum
1322 2770 1577 2815 patefaciendum

849 2836 989 2876 apprime
999 2833 1072 2864 facit
1084 2831 1326 2870 Theophrastus,
1338 2826 1378 2857 de
1387 2836 1468 2856 caus.
1482 2823 1578 2863 plant.

850 2889 890 2919 vi.
905 2892 935 2919 2.
983 2884 1133 2917 Creechio
1148 2883 1261 2913 citatus
1282 2879 1322 2910 ad
1344 2889 1404 2909 ver.
1421 2880 1492 2908 619.
1520 2876 1580 2905 hoc

120 2948 196 2979 Ver.
213 2950 288 2981 652.
311 2952 467 2980 constant:
504 2945 525 2977 i.
541 2955 566 2977 e.
591 2948 613 2965 “
631 2943 739 2976 eadem
761 2945 809 2974 est
851 2939 940 2972 libro.
985 2937 1092 2971 Verba
1106 2932 1283 2979 philosophi
1294 2930 1432 2976 suspicor
1446 2925 1578 2959 mendo-

807 2999 839 3032 Χ
854 3003 877 3031 5·
