1912 3292
313 213 411 253 324

796 206 856 256 T.
916 207 1297 259 LUCRETII

459 337 583 380 Nenu
603 346 759 395 queunt
777 340 935 396 rapidei
955 349 1101 384 contra
1119 348 1308 384 constare
1327 340 1478 392 leones,

455 411 589 469 Inque
608 413 737 455 tueri?
767 415 825 456 ita
843 415 1043 457 continuo
1062 416 1287 456 meminere
1306 415 1432 472 fuga'i.

454 485 681 539 Nimirum,
700 489 799 544 quia
818 499 914 530 sunt
932 489 1135 546 gallorum
1155 488 1199 530 in
1219 503 1395 543 corpore
1415 488 1613 544 quaedam

456 561 639 612 Semina,
660 576 770 617 quae,
791 577 918 618 quom
939 569 1034 603 sunt
1053 562 1192 603 oculos
1211 562 1379 603 inmissa
1397 562 1579 612 leonum,

341 635 424 675 720
455 634 636 690 Pupillas
657 635 943 685 interfodiunt,
965 649 1182 690 acremque
1202 634 1387 676 dolorem

453 709 665 758 Praebent,
687 717 733 749 ut
751 716 959 764 nequeant
977 716 1123 750 contra
1142 708 1293 750 durare
1312 708 1484 759 feroces;

453 782 595 831 Quom
615 789 754 822 tamen
773 780 865 822 haec
884 789 1044 823 nostras
1064 781 1170 823 acies
1189 781 1292 822 nihil
1311 782 1460 824 laedere
1478 784 1650 839 possint:

451 855 540 897 Aut
559 854 657 911 quia
674 868 761 895 non
780 845 1014 910 penetrant,
1037 863 1108 896 aut
1127 855 1239 911 quod
1259 857 1569 910 penetrantibus
1588 858 1666 900 illis

308 1021 332 1037 “
341 1017 440 1058 plodo,
455 1028 585 1058 συριττω.
609 1014 942 1057 Displodo,31axpma.
967 1016 1034 1046 Ad-

306 1071 331 1089 “
340 1070 445 1109 plodo,
462 1066 634 1110 xpogxpsmss’

349 1119 430 1151 Ibid.
454 1125 569 1151 noctem
589 1120 821 1159 explodentibus.
865 1118 1033 1161 Virgilius,

305 1181 373 1213 geo.
389 1172 429 1202 iv.
445 1174 518 1202 514.
540 1170 580 1201 de
588 1170 773 1211 plzilomelti:

902 1256 930 1278 at
941 1253 985 1278 illa

366 1292 417 1317 Flet
428 1295 532 1316 noctem.

802 1333 851 1364 Bt
859 1343 881 1364 N
887 1343 932 1364 rr.
939 1343 955 1364 r:
961 1343 997 1364 ru
1004 1344 1030 1364 s.

301 1406 431 1439 Falleris
452 1406 596 1445 omnino,
624 1412 656 1437 et
683 1406 770 1438 aliud
795 1407 904 1447 procul
933 1407 1030 1439 dubio

300 1460 425 1500 agebas,
451 1458 497 1488 vir
511 1458 721 1498 sagacissime!
747 1458 858 1499 Longe
873 1471 1028 1492 ποιητικω-

302 1524 377 1552 *spon
405 1508 492 1540 aliud
521 1515 553 1539 et
580 1509 729 1540 audacius
755 1509 878 1540 volebat
906 1516 1028 1548 noster;

298 1561 387 1603 quasi
402 1560 554 1591 nimirum
569 1560 644 1601 galli
655 1559 778 1590 alarum
789 1560 901 1600 plausu
912 1568 1027 1592 noctem

300 1613 493 1644 exturbarent
522 1613 603 1648 sede,
635 1617 668 1641 et
696 1617 893 1642 exterrerent.
940 1613 1028 1648 Quin

299 1663 365 1694 imo
381 1662 538 1692 Miltonus
549 1666 671 1691 nostras
685 1662 830 1691 nonnihil
844 1662 968 1692 videtur
989 1673 1027 1693 ex

299 1715 358 1744 hac
373 1712 511 1743 Lucretii
522 1711 680 1742 locutione
694 1712 874 1753 sublegisse:
900 1713 979 1753 quid
993 1724 1025 1744 e·

299 1765 367 1796 nim
382 1763 580 1795 Lucretianis
608 1764 709 1804 magis
723 1775 825 1804 speres
841 1765 1026 1804 consimilia,

300 1826 397 1858 quarn
412 1826 458 1852 ea,
475 1816 569 1856 longe
583 1816 803 1855 pulcherrima,
819 1827 890 1858 quae
901 1817 935 1847 in
949 1818 1028 1848 Z’Al-

297 1872 379 1910 Zegro
401 1878 459 1899 suo
480 1874 565 1898 vates
586 1867 729 1898 sublimis
750 1867 941 1909 imaginatus
963 1869 1026 1901 est?

298 1932 366 1953 rem
381 1920 566 1961 ipsissimam
582 1920 621 1950 ab
632 1919 754 1950 alarum
763 1920 876 1960 plausu
887 1927 1027 1952 tantum-

296 1972 393 2004 modo
407 1971 448 2002 ad
464 1971 548 2002 vocis
562 1971 726 2010 strepitum
741 1972 970 2003 transferentia:

360 2045 452 2070 While
464 2044 511 2069 the
522 2044 577 2068 σοι-ὲ
587 2044 656 2068 with
667 2044 748 2076 lively
761 2044 806 2068 din

359 2089 467 2112 Scaners
478 2085 526 2111 the
534 2093 592 2111 rear
601 2085 632 2110 of
639 2085 758 2110 darkness
769 2086 839 2111 thiu.

294 2160 467 2194 JuvencuS,
484 2167 592 2198 evang.
608 2157 679 2187 hist.
696 2157 734 2187 iv.
748 2160 819 2189 585.

309 2243 386 2266 Hanc
396 2247 504 2269 vocem,
510 2239 628 2272 plausum
638 2240 752 2271 quatiens
760 2241 808 2264 sub
817 2240 937 2266 culmine
945 2241 1021 2271 tecti,

309 2281 367 2305 Ales
378 2279 548 2311 prosequitur
559 2283 641 2303 cantu
648 2287 655 2309 ς
673 2283 850 2310 mentemque
861 2279 973 2304 Simonis

305 2320 492 2345 Circumstant
503 2318 608 2343 tristem
619 2318 679 2343 veri
690 2319 819 2351 praesagia
830 2319 940 2344 Christi.

294 2392 346 2423 Sic
369 2390 540 2432 legendum
562 2396 650 2430 puto:
678 2389 757 2426 libri,
780 2392 884 2422 verbis.
929 2391 1021 2422 Pres-

291 2444 381 2483 byter
403 2449 510 2472 autem
535 2452 609 2472 cum
635 2441 703 2471 aliis
727 2441 965 2473 insulsissimam
989 2449 1020 2474 et

292 2494 453 2535 impendio
470 2494 623 2534 puerilem
648 2494 936 2533 interpretationem
958 2495 1020 2526 loci

291 2553 416 2578 secutus
430 2552 483 2582 est,
499 2546 538 2577 de
552 2545 614 2587 qua
629 2556 686 2577 nos
701 2546 735 2576 in
752 2546 824 2577 Silv.
841 2546 916 2577 Crit.
929 2557 955 2577 v.
968 2559 1019 2588 pp.

291 2602 343 2630 45.
359 2602 408 2629 46.
431 2608 470 2628 ex
485 2597 622 2638 professo
637 2597 871 2637 disputavimus.
918 2598 1018 2630 Caete-

293 2659 377 2687 rum,
393 2649 526 2680 candem
534 2649 676 2680 fabulam
685 2649 724 2679 de
734 2649 826 2691 gallis
835 2656 867 2680 et
877 2649 1019 2681 leonibus

291 2699 389 2739 garrit
405 2700 538 2736 Plinius,
564 2706 629 2731 nat.
656 2700 726 2731 hist.
741 2700 806 2731 viii.
825 2705 874 2733 19.
901 2708 933 2732 et
952 2701 1017 2741 alii,

289 2760 368 2792 quos
382 2751 425 2781 ibi
439 2759 593 2784 memorat
609 2753 803 2784 Harduinus.

333 2803 408 2833 Ver.
436 2807 507 2836 715.
540 2817 606 2837 voce
636 2818 759 2837 vocare:
784 2812 822 2837 ut
836 2806 1015 2847 'Virgilius,

294 2853 371 2884 AEn.
389 2854 429 2883 iv.
447 2858 519 2886 680.
535 2867 600 2888 voce
615 2859 732 2895 vocavi,-
757 2863 788 2888 et
798 2857 883 2889 alibi.
907 2858 1013 2895 Porro,

293 2905 331 2936 Β.
347 2907 436 2937 clarc.

1121 1016 1196 1047 Ver.
1214 1018 1286 1047 716.
1314 1018 1410 1048 N'enu
1425 1022 1540 1057 queunt
1548 1030 1558 1047 :
1585 1016 1623 1048 P.
1643 1019 1736 1052 Quem
1753 1029 1807 1051 ne-

1077 1074 1189 1109 queunt
1195 1083 1206 1104 ;
1232 1068 1269 1098 B.
1288 1068 1334 1098 M.
1359 1070 1465 1103 IVoenu
1480 1074 1612 1109 quemue,-
1631 1075 1675 1100 Ω..
1694 1070 1808 1102 Noenu

1077 1125 1227 1161 querunt;
1246 1125 1277 1150 et
1288 1129 1393 1158 supra,
1411 1121 1487 1150 Non
1502 1126 1656 1160 nequeunt
1660 1135 1672 1156 ;
1687 1120 1787 1152 Vind.

1077 1177 1191 1211 queunt
1196 1185 1208 1206 ,·
1234 1179 1333 1201 vacuo
1357 1171 1457 1210 spatio
1471 1176 1544 1201 ante
1559 1181 1667 1202 vocem
1681 1171 1806 1212 relicto;

1077 1222 1118 1252 V.
1136 1221 1183 1252 ed.
1200 1222 1237 1252 B.
1263 1226 1298 1254 Σ.
1323 1223 1393 1253 Nec
1409 1229 1578 1263 nequeunt,·
1606 1223 1645 1254 O.
1670 1225 1742 1256 Hoc
1755 1235 1810 1256 ne-

1075 1282 1190 1316 queunt
1195 1291 1206 1312 ;
1234 1281 1268 1307 Δ.
1288 1276 1357 1307 Hos
1372 1282 1546 1316 nequeunt;
1570 1281 1614 1307 n.
1639 1278 1714 1308 IVon
1737 1288 1810 1318 que-

1075 1333 1144 1365 unt,
1156 1337 1193 1357 ex
1208 1327 1318 1368 glossa.
1348 1326 1460 1365 Vides,
1476 1327 1599 1367 opinor,
1612 1338 1709 1369 quam
1724 1334 1808 1360 certa

1072 1378 1113 1408 sit
1141 1377 1370 1418 depravationis
1400 1388 1471 1409 rara
1498 1388 1559 1409 vox
1585 1385 1616 1409 et
1645 1380 1809 1421 exquisita,

1076 1429 1200 1460 Nonius
1218 1429 1402 1466 Marcellus,
1418 1430 1452 1461 ii.
1470 1433 1543 1461 580.
1559 1433 1582 1449 “
1597 1433 1737 1470 Nenum,
1753 1443 1810 1473 pro

1076 1484 1098 1499 “
1114 1481 1211 1512 ποη.·”
1250 1481 1366 1512 deinde
1400 1481 1546 1512 adscribit
1586 1483 1731 1523 exempla
1768 1498 1807 1517 eu

1076 1535 1172 1565 Nem.
1199 1544 1237 1564 ex
1267 1534 1392 1564 Lucilio
1414 1540 1446 1564 et
1470 1534 1621 1566 Varrone.
1668 1535 1807 1578 Scaliger

1071 1595 1180 1616 vocem
1197 1585 1363 1616 obtrudere
1386 1586 1453 1617 vult
1476 1586 1637 1624 Terentio,
1664 1587 1697 1618 in
1721 1589 1808 1620 notis

1071 1637 1112 1667 ad
1128 1637 1218 1668 Varr.
1238 1637 1277 1668 de
1292 1648 1326 1668 re
1340 1644 1414 1669 rust.
1431 1639 1462 1669 ii.
1480 1642 1508 1670 4.
1526 1642 1574 1670 15.
1590 1639 1645 1670 sed
1659 1640 1784 1673 frustra.

1115 1697 1196 1728 Ibid.
1213 1701 1345 1738 rapidei.
1378 1699 1522 1737 Mallem,
1539 1702 1670 1739 rabider}
1686 1707 1724 1732 ut
1733 1702 1807 1742 pul·

1073 1749 1177 1780 chrior
1191 1749 1230 1780 sit
1245 1750 1412 1790 oppositio:
1438 1751 1509 1782 vide
1532 1762 1584 1783 me
1610 1753 1652 1784 ad
1679 1763 1706 1784 v.
1732 1757 1805 1787 890.

1074 1800 1209 1837 Plinius,
1226 1801 1280 1832 ubi
1295 1812 1395 1842 supra,
1411 1802 1450 1833 de
1464 1805 1565 1834 leone:
1592 1807 1616 1822 “
1628 1805 1735 1845 Atque
1744 1806 1805 1837 hoc

1074 1856 1097 1871 “
1113 1852 1184 1889 tale,
1196 1859 1261 1883 tam
1272 1865 1394 1890 soevum,
1404 1854 1806 1896 animal—gallinaceorum

1072 1907 1095 1922 “
1112 1903 1212 1934 cristae
1237 1907 1603 1946 cantusque-terrent?
1650 1907 1725 1939 Hoc
1748 1919 1805 1940 au-

1071 1961 1136 1985 tem
1161 1962 1300 1996 tempore
1324 1968 1390 1988 non
1411 1959 1543 1989 omnino
1558 1969 1683 1990 necesse
1697 1966 1753 1996 est,
1769 1967 1806 1991 ut

1069 2005 1222 2037 librorum
1251 2008 1397 2038 omnium
1427 2019 1613 2040 consensum
1643 2009 1804 2050 despectui

1071 2057 1251 2088 habeamus.
1299 2059 1369 2088 Sint
1383 2058 1480 2099 igitur
1493 2062 1602 2100 rapidi
1625 2061 1723 2092 leones
1745 2072 1802 2101 pro

1068 2112 1276 2149 rapacissimi,⁸
1302 2110 1409 2140 omnia
1436 2111 1613 2142 involantes
1627 2122 1664 2142 ac
1679 2112 1804 2143 celer-ri.

1068 2170 1119 2190 me
1135 2160 1324 2191 devorantes.
1357 2161 1423 2192 Adi
1434 2172 1504 2203 quae
1519 2163 1699 2194 notavimus
1713 2164 1799 2195 haud

1066 2211 1111 2241 ita
1126 2212 1247 2251 pridem
1266 2212 1307 2242 ad
1324 2213 1436 2252 Eurip.
1455 2213 1554 2244 Herc.
1572 2213 1632 2244 fur.
1648 2217 1722 2245 582.
1739 2215 1799 2246 Al-

1066 2269 1137 2293 cest.
1167 2266 1239 2294 505.
1271 2263 1439 2304 VirgiliuS,
1465 2265 1540 2295 AEn.
1563 2265 1583 2295 i.
1611 2267 1680 2296 117.
1710 2275 1801 2298 voees

1063 2315 1372 2346 convenientissimas
1394 2316 1534 2347 sociavit:

1355 2383 1461 2416 rapidus
1471 2387 1553 2409 vorat
1564 2389 1676 2416 aequore
1685 2387 1795 2411 vortex.

1064 2449 1087 2481 J
1089 2460 1238 2488 uvencus,
1257 2460 1366 2490 evang.
1381 2449 1454 2480 hist.
1471 2449 1503 2480 ii.
1520 2451 1592 2481 788.

1094 2532 1170 2556 Hicc'
1179 2538 1244 2564 agro
1256 2535 1296 2557 est
1307 2531 1408 2562 similis,
1423 2532 1491 2557 duro
1502 2531 1550 2563 qui
1563 2531 1687 2564 germina
1698 2530 1766 2557 calle

1094 2575 1214 2607 Exponit
1226 2575 1322 2608 rapidis
1332 2576 1431 2601 avibus
1442 2577 1498 2603 sine
1507 2576 1588 2609 fruge
1598 2576 1731 2609 rapinam.

1063 2654 1236 2693 Arnobius,
1260 2655 1313 2686 lib.
1330 2656 1369 2686 vi.
1387 2666 1416 2696 p.
1436 2659 1505 2688 191.
1529 2659 1552 2674 “
1569 2654 1789 2685 Incursionem

1063 2708 1086 2723 “
1102 2706 1166 2744 pati
1185 2706 1400 2745 periclitantur
1415 2705 1572 2740 hostilem,
1583 2705 1722 2735 ferarum
1737 2709 1793 2735 aut

1063 2760 1086 2775 “
1101 2758 1224 2788 rabidos
1253 2757 1495 2797 appetitus—?‘'
1520 2757 1625 2794 Forte,
1656 2758 1791 2796 rapidos.

1060 2808 1222 2847 Euripidis
1243 2814 1349 2839 autem
1365 2808 1425 2839 loci
1443 2807 1618 2839 Pindarum
1641 2806 1788 2846 explana-

1058 2859 1149 2897 bunt,
1165 2858 1199 2888 in
1216 2859 1308 2889 Nem.
1325 2859 1346 2889 i.
1364 2862 1414 2890 65.
1438 2858 1477 2888 de
1489 2859 1672 2890 draconibus
1682 2856 1786 2888 infans

1060 2909 1166 2941 tulum
1180 2909 1356 2941 Herculem
1373 2908 1605 2941 invadentibus:
