<?xml version="1.0" encoding="UTF-8"?>
<!DOCTYPE html PUBLIC "-//W3C//DTD XHTML 1.0 Transitional//EN"
    "http://www.w3.org/TR/xhtml1/DTD/xhtml1-transitional.dtd">
<html xmlns="http://www.w3.org/1999/xhtml" xml:lang="en" lang="en">
 <head>
  <title>
</title>
<meta http-equiv="Content-Type" content="text/html;charset=utf-8" />
  <meta name='ocr-system' content='tesseract 3.04.00' />
  <meta name='ocr-capabilities' content='ocr_page ocr_carea ocr_par ocr_line ocrx_word'/>
</head>
<body>
  <div class='ocr_page' id='page_1' title='image "./tlucretiicarider02lucruoft_0210.png"; bbox 0 0 1912 3292; ppageno 0'>
   <div class='ocr_carea' id='block_1_1' title="bbox 277 200 366 239">
    <p class='ocr_par' dir='ltr' id='par_1_1' title="bbox 277 200 366 239">
     <span class='ocr_line' id='line_1_1' title="bbox 277 200 366 239; baseline -0.011 0"><span class='ocrx_word' id='word_1_1' title='bbox 277 200 366 239; x_wconf 78' lang='lat'><strong>154</strong></span> 
     </span>
    </p>
   </div>
   <div class='ocr_carea' id='block_1_2' title="bbox 766 180 1258 232">
    <p class='ocr_par' dir='ltr' id='par_1_2' title="bbox 766 180 1258 232">
     <span class='ocr_line' id='line_1_2' title="bbox 766 180 1258 232; baseline -0.008 0"><span class='ocrx_word' id='word_1_2' title='bbox 766 183 828 232; x_wconf 88' lang='lat' dir='ltr'><strong>T.</strong></span> <span class='ocrx_word' id='word_1_3' title='bbox 877 180 1258 232; x_wconf 91' lang='lat' dir='ltr'>LUCRETII</span> 
     </span>
    </p>
   </div>
   <div class='ocr_carea' id='block_1_3' title="bbox 302 313 1674 670">
    <p class='ocr_par' dir='ltr' id='par_1_3' title="bbox 415 313 1481 376">
     <span class='ocr_line' id='line_1_3' title="bbox 415 313 1481 376; baseline -0.008 -15"><span class='ocrx_word' id='word_1_4' title='bbox 415 319 561 376; x_wconf 87' lang='lat' dir='ltr'><strong>Longe</strong></span> <span class='ocrx_word' id='word_1_5' title='bbox 581 318 633 359; x_wconf 85' lang='lat' dir='ltr'><strong>ab</strong></span> <span class='ocrx_word' id='word_1_6' title='bbox 654 314 854 359; x_wconf 82' lang='lat' dir='ltr'>sensiferis</span> <span class='ocrx_word' id='word_1_7' title='bbox 872 314 1100 371; x_wconf 83' lang='lat' dir='ltr'><strong>primordia</strong></span> <span class='ocrx_word' id='word_1_8' title='bbox 1119 313 1299 355; x_wconf 89' lang='lat' dir='ltr'><strong>motibus</strong></span> <span class='ocrx_word' id='word_1_9' title='bbox 1318 319 1481 360; x_wconf 82' lang='lat' dir='ltr'><strong>errant3</strong></span> 
     </span>
    </p>

    <p class='ocr_par' dir='ltr' id='par_1_4' title="bbox 420 386 1552 447">
     <span class='ocr_line' id='line_1_4' title="bbox 420 386 1552 447; baseline -0.009 -13"><span class='ocrx_word' id='word_1_10' title='bbox 420 393 562 442; x_wconf 85' lang='lat' dir='ltr'><strong>Quom</strong></span> <span class='ocrx_word' id='word_1_11' title='bbox 582 398 803 447; x_wconf 86' lang='lat' dir='ltr'><strong>conreptus</strong></span> <span class='ocrx_word' id='word_1_12' title='bbox 820 391 948 432; x_wconf 92' lang='lat' dir='ltr'><strong>homo</strong></span> <span class='ocrx_word' id='word_1_13' title='bbox 967 404 1020 431; x_wconf 89' lang='lat' dir='ltr'><strong>ex</strong></span> <span class='ocrx_word' id='word_1_14' title='bbox 1039 403 1186 431; x_wconf 89' lang='lat' dir='ltr'><strong>somno</strong></span> <span class='ocrx_word' id='word_1_15' title='bbox 1206 403 1248 430; x_wconf 87' lang='lat' dir='ltr'><strong>se</strong></span> <span class='ocrx_word' id='word_1_16' title='bbox 1267 387 1436 444; x_wconf 85' lang='lat' dir='ltr'><strong>conligit</strong></span> <span class='ocrx_word' id='word_1_17' title='bbox 1455 386 1552 440; x_wconf 85' lang='lat' dir='ltr'><strong>ipse.</strong></span> 
     </span>
    </p>

    <p class='ocr_par' dir='ltr' id='par_1_5' title="bbox 302 458 1674 594">
     <span class='ocr_line' id='line_1_5' title="bbox 420 458 1674 524; baseline -0.009 -16"><span class='ocrx_word' id='word_1_18' title='bbox 420 466 558 508; x_wconf 87' lang='lat' dir='ltr'><strong>Multo</strong></span> <span class='ocrx_word' id='word_1_19' title='bbox 577 466 702 524; x_wconf 88' lang='lat' dir='ltr'><strong>igitur</strong></span> <span class='ocrx_word' id='word_1_20' title='bbox 721 472 898 506; x_wconf 91' lang='lat' dir='ltr'><strong>mortem</strong></span> <span class='ocrx_word' id='word_1_21' title='bbox 916 464 1052 505; x_wconf 89' lang='lat' dir='ltr'><strong>minus</strong></span> <span class='ocrx_word' id='word_1_22' title='bbox 1074 462 1128 504; x_wconf 81' lang='lat' dir='ltr'><strong>ad</strong></span> <span class='ocrx_word' id='word_1_23' title='bbox 1148 477 1224 503; x_wconf 86' lang='lat' dir='ltr'><strong>nos</strong></span> <span class='ocrx_word' id='word_1_24' title='bbox 1245 476 1329 503; x_wconf 90' lang='lat' dir='ltr'><strong>esse</strong></span> <span class='ocrx_word' id='word_1_25' title='bbox 1349 458 1580 516; x_wconf 83' lang='lat' dir='ltr'><strong>putandum</strong></span> <span class='ocrx_word' id='word_1_26' title='bbox 1601 466 1674 498; x_wconf 80' lang='lat' dir='ltr'><strong>est.-</strong></span> 
     </span>
     <span class='ocr_line' id='line_1_6' title="bbox 302 533 1618 594; baseline -0.008 -10"><span class='ocrx_word' id='word_1_27' title='bbox 302 547 385 585; x_wconf 72' lang='lat'><strong>940</strong></span> <span class='ocrx_word' id='word_1_28' title='bbox 419 541 463 583; x_wconf 93' lang='lat' dir='ltr'><strong>Si</strong></span> <span class='ocrx_word' id='word_1_29' title='bbox 483 541 618 581; x_wconf 89' lang='lat' dir='ltr'><strong>minus</strong></span> <span class='ocrx_word' id='word_1_30' title='bbox 638 554 723 580; x_wconf 89' lang='lat' dir='ltr'><strong>esse</strong></span> <span class='ocrx_word' id='word_1_31' title='bbox 742 546 892 594; x_wconf 88' lang='lat' dir='ltr'><strong>potest,</strong></span> <span class='ocrx_word' id='word_1_32' title='bbox 914 551 1039 593; x_wconf 88' lang='lat' dir='ltr'><strong>quam</strong></span> <span class='ocrx_word' id='word_1_33' title='bbox 1059 535 1172 592; x_wconf 92' lang='lat' dir='ltr'><strong>quod</strong></span> <span class='ocrx_word' id='word_1_34' title='bbox 1192 534 1295 576; x_wconf 80' lang='lat' dir='ltr'><strong>nihil</strong></span> <span class='ocrx_word' id='word_1_35' title='bbox 1314 549 1399 576; x_wconf 86' lang='lat' dir='ltr'><strong>esse</strong></span> <span class='ocrx_word' id='word_1_36' title='bbox 1419 533 1618 575; x_wconf 87' lang='lat' dir='ltr'><strong>videmus.</strong></span> 
     </span>
    </p>

    <p class='ocr_par' dir='ltr' id='par_1_6' title="bbox 427 609 1271 670">
     <span class='ocr_line' id='line_1_7' title="bbox 427 609 1271 670; baseline -0.009 -13"><span class='ocrx_word' id='word_1_37' title='bbox 427 614 566 670; x_wconf 83' lang='lat' dir='ltr'><strong>Major</strong></span> <span class='ocrx_word' id='word_1_38' title='bbox 585 614 696 655; x_wconf 88' lang='lat' dir='ltr'><strong>enim</strong></span> <span class='ocrx_word' id='word_1_39' title='bbox 716 612 849 654; x_wconf 83' lang='lat' dir='ltr'><strong>turbae</strong></span> <span class='ocrx_word' id='word_1_40' title='bbox 869 611 1059 666; x_wconf 84' lang='lat' dir='ltr'><strong>disjectus</strong></span> <span class='ocrx_word' id='word_1_41' title='bbox 1079 609 1271 651; x_wconf 68' lang='lat' dir='ltr'><strong>materiai</strong></span> 
     </span>
    </p>
   </div>
   <div class='ocr_carea' id='block_1_4' title="bbox 425 681 1589 743">
    <p class='ocr_par' dir='ltr' id='par_1_7' title="bbox 425 681 1589 743">
     <span class='ocr_line' id='line_1_8' title="bbox 425 681 1589 743; baseline -0.009 -13"><span class='ocrx_word' id='word_1_42' title='bbox 425 688 702 743; x_wconf 85' lang='lat' dir='ltr'><strong>Consequitur</strong></span> <span class='ocrx_word' id='word_1_43' title='bbox 720 686 820 736; x_wconf 87' lang='lat' dir='ltr'><strong>leto;</strong></span> <span class='ocrx_word' id='word_1_44' title='bbox 852 700 927 726; x_wconf 91' lang='lat' dir='ltr'><strong>nec</strong></span> <span class='ocrx_word' id='word_1_45' title='bbox 947 684 1163 740; x_wconf 87' lang='lat' dir='ltr'><strong>quisquam</strong></span> <span class='ocrx_word' id='word_1_46' title='bbox 1183 681 1422 738; x_wconf 86' lang='lat' dir='ltr'>expergitus</span> <span class='ocrx_word' id='word_1_47' title='bbox 1441 687 1589 729; x_wconf 85' lang='lat' dir='ltr'><strong>exstat,</strong></span> 
     </span>
    </p>
   </div>
   <div class='ocr_carea' id='block_1_5' title="bbox 284 839 1053 2900">
    <p class='ocr_par' dir='ltr' id='par_1_8' title="bbox 284 839 1040 2019">
     <span class='ocr_line' id='line_1_9' title="bbox 285 839 1010 882; baseline -0.01 -6"><span class='ocrx_word' id='word_1_48' title='bbox 285 849 307 865; x_wconf 74' lang='lat'><strong>‘⁶</strong></span> <span class='ocrx_word' id='word_1_49' title='bbox 322 845 457 882; x_wconf 78' lang='lat' dir='ltr'><strong>contigit,</strong></span> <span class='ocrx_word' id='word_1_50' title='bbox 487 840 625 881; x_wconf 73' lang='lat' dir='ltr'><strong>attigit-&#39;¹</strong></span> <span class='ocrx_word' id='word_1_51' title='bbox 671 839 797 871; x_wconf 88' lang='lat' dir='ltr'><strong>Nonius</strong></span> <span class='ocrx_word' id='word_1_52' title='bbox 830 839 1010 875; x_wconf 82' lang='lat' dir='ltr'><strong>Marcellus,</strong></span> 
     </span>
     <span class='ocr_line' id='line_1_10' title="bbox 284 890 1013 932; baseline -0.01 -5"><span class='ocrx_word' id='word_1_53' title='bbox 284 897 315 928; x_wconf 72' lang='lat' dir='ltr'><strong>ii.</strong></span> <span class='ocrx_word' id='word_1_54' title='bbox 330 900 381 926; x_wconf 88' lang='lat'><strong>60.</strong></span> <span class='ocrx_word' id='word_1_55' title='bbox 407 897 429 912; x_wconf 91' lang='lat'><strong>“</strong></span> <span class='ocrx_word' id='word_1_56' title='bbox 448 894 574 932; x_wconf 74' lang='lat' dir='ltr'><strong>Attigit,</strong></span> <span class='ocrx_word' id='word_1_57' title='bbox 600 891 795 931; x_wconf 82' lang='lat' dir='ltr'><strong>contingit:”</strong></span> <span class='ocrx_word' id='word_1_58' title='bbox 818 890 933 921; x_wconf 81' lang='lat' dir='ltr'><strong>deinde</strong></span> <span class='ocrx_word' id='word_1_59' title='bbox 959 900 1013 920; x_wconf 86' lang='lat' dir='ltr'><strong>ex-</strong></span> 
     </span>
     <span class='ocr_line' id='line_1_11' title="bbox 287 941 1013 986; baseline -0.011 -8"><span class='ocrx_word' id='word_1_60' title='bbox 287 945 390 986; x_wconf 79' lang='lat' dir='ltr'><strong>empla</strong></span> <span class='ocrx_word' id='word_1_61' title='bbox 400 943 541 975; x_wconf 82' lang='lat' dir='ltr'>vocabuli</span> <span class='ocrx_word' id='word_1_62' title='bbox 556 952 595 972; x_wconf 82' lang='lat' dir='ltr'><strong>ex</strong></span> <span class='ocrx_word' id='word_1_63' title='bbox 610 941 767 981; x_wconf 84' lang='lat' dir='ltr'><strong>Turpilio,</strong></span> <span class='ocrx_word' id='word_1_64' title='bbox 785 941 894 977; x_wconf 85' lang='lat' dir='ltr'>Accio,</span> <span class='ocrx_word' id='word_1_65' title='bbox 918 941 1013 971; x_wconf 90' lang='lat' dir='ltr'><strong>Plau-</strong></span> 
     </span>
     <span class='ocr_line' id='line_1_12' title="bbox 290 990 1019 1040; baseline -0.011 -11"><span class='ocrx_word' id='word_1_66' title='bbox 290 1005 392 1040; x_wconf 84' lang='lat' dir='ltr'>toque,</span> <span class='ocrx_word' id='word_1_67' title='bbox 407 995 570 1027; x_wconf 84' lang='lat' dir='ltr'><strong>subnectit.</strong></span> <span class='ocrx_word' id='word_1_68' title='bbox 604 993 654 1024; x_wconf 93' lang='lat' dir='ltr'><strong>Sic</strong></span> <span class='ocrx_word' id='word_1_69' title='bbox 670 993 703 1023; x_wconf 88' lang='lat' dir='ltr'><strong>in</strong></span> <span class='ocrx_word' id='word_1_70' title='bbox 719 990 935 1033; x_wconf 55' lang='lat' dir='ltr'><strong>antiquissima</strong></span> <span class='ocrx_word' id='word_1_71' title='bbox 950 992 1019 1033; x_wconf 84' lang='lat' dir='ltr'><strong>lege</strong></span> 
     </span>
     <span class='ocr_line' id='line_1_13' title="bbox 291 1046 1022 1090; baseline -0.012 -6"><span class='ocrx_word' id='word_1_72' title='bbox 291 1053 409 1084; x_wconf 86' lang='lat' dir='ltr'><strong>Numae</strong></span> <span class='ocrx_word' id='word_1_73' title='bbox 423 1049 508 1090; x_wconf 85' lang='lat' dir='ltr'><strong>apud</strong></span> <span class='ocrx_word' id='word_1_74' title='bbox 526 1048 678 1084; x_wconf 90' lang='lat' dir='ltr'><strong>Gellium,</strong></span> <span class='ocrx_word' id='word_1_75' title='bbox 694 1047 733 1078; x_wconf 85' lang='lat' dir='ltr'><strong>iv.</strong></span> <span class='ocrx_word' id='word_1_76' title='bbox 745 1050 775 1078; x_wconf 81' lang='lat'><strong>5.</strong></span> <span class='ocrx_word' id='word_1_77' title='bbox 793 1050 814 1065; x_wconf 87' lang='lat'>“</span> <span class='ocrx_word' id='word_1_78' title='bbox 827 1046 924 1077; x_wconf 85' lang='lat' dir='ltr'><strong>Pelex</strong></span> <span class='ocrx_word' id='word_1_79' title='bbox 935 1055 1022 1076; x_wconf 84' lang='lat' dir='ltr'><strong>asam</strong></span> 
     </span>
     <span class='ocr_line' id='line_1_14' title="bbox 293 1098 1024 1141; baseline -0.01 -6"><span class='ocrx_word' id='word_1_80' title='bbox 293 1109 316 1125; x_wconf 85' lang='lat'>“</span> <span class='ocrx_word' id='word_1_81' title='bbox 332 1103 471 1138; x_wconf 76' lang='lat' dir='ltr'><strong>sunonis</strong></span> <span class='ocrx_word' id='word_1_82' title='bbox 492 1112 532 1132; x_wconf 87' lang='lat' dir='ltr'><strong>ne</strong></span> <span class='ocrx_word' id='word_1_83' title='bbox 557 1103 671 1141; x_wconf 78' lang='lat' dir='ltr'><strong>tagito;</strong></span> <span class='ocrx_word' id='word_1_84' title='bbox 699 1099 725 1130; x_wconf 92' lang='lat' dir='ltr'><strong>si</strong></span> <span class='ocrx_word' id='word_1_85' title='bbox 748 1105 839 1139; x_wconf 76' lang='lat' dir='ltr'><strong>luget,</strong></span> <span class='ocrx_word' id='word_1_86' title='bbox 865 1098 1024 1129; x_wconf 89' lang='lat' dir='ltr'><strong>crinibous</strong></span> 
     </span>
     <span class='ocr_line' id='line_1_15' title="bbox 293 1149 1022 1190; baseline -0.011 -2"><span class='ocrx_word' id='word_1_87' title='bbox 293 1160 316 1176; x_wconf 90' lang='lat'><strong>“</strong></span> <span class='ocrx_word' id='word_1_88' title='bbox 330 1154 487 1190; x_wconf 85' lang='lat' dir='ltr'><strong>demessis,</strong></span> <span class='ocrx_word' id='word_1_89' title='bbox 501 1162 617 1183; x_wconf 82' lang='lat' dir='ltr'><strong>arnum</strong></span> <span class='ocrx_word' id='word_1_90' title='bbox 632 1150 785 1182; x_wconf 82' lang='lat' dir='ltr'><strong>seminam</strong></span> <span class='ocrx_word' id='word_1_91' title='bbox 801 1149 946 1181; x_wconf 73' lang='lat' dir='ltr'><strong>caidito.”</strong></span> <span class='ocrx_word' id='word_1_92' title='bbox 991 1150 1022 1180; x_wconf 89' lang='lat' dir='ltr'>A</span> 
     </span>
     <span class='ocr_line' id='line_1_16' title="bbox 296 1201 1021 1245; baseline -0.012 -5"><span class='ocrx_word' id='word_1_93' title='bbox 296 1209 409 1241; x_wconf 80' lang='lat' dir='ltr'><strong>Graeco</strong></span> <span class='ocrx_word' id='word_1_94' title='bbox 422 1205 538 1237; x_wconf 83' lang='lat' dir='ltr'><strong>scilieet</strong></span> <span class='ocrx_word' id='word_1_95' title='bbox 552 1206 643 1245; x_wconf 67' lang='grc' dir='ltr'><strong><em>θιγω,</em></strong></span> <span class='ocrx_word' id='word_1_96' title='bbox 665 1202 755 1233; x_wconf 63' lang='lat' dir='ltr'><strong>litera</strong></span> <span class='ocrx_word' id='word_1_97' title='bbox 777 1201 911 1242; x_wconf 70' lang='lat' dir='ltr'><strong>aspirata</strong></span> <span class='ocrx_word' id='word_1_98' title='bbox 927 1202 960 1232; x_wconf 92' lang='lat' dir='ltr'><strong>in</strong></span> <span class='ocrx_word' id='word_1_99' title='bbox 975 1208 1021 1232; x_wconf 84' lang='lat' dir='ltr'><strong>tc-</strong></span> 
     </span>
     <span class='ocr_line' id='line_1_17' title="bbox 294 1254 1024 1297; baseline -0.012 -4"><span class='ocrx_word' id='word_1_100' title='bbox 294 1270 392 1293; x_wconf 89' lang='lat' dir='ltr'><strong>nuem</strong></span> <span class='ocrx_word' id='word_1_101' title='bbox 406 1257 536 1294; x_wconf 70' lang='lat' dir='ltr'><strong>mutata,</strong></span> <span class='ocrx_word' id='word_1_102' title='bbox 560 1267 618 1297; x_wconf 88' lang='lat' dir='ltr'><strong>pro</strong></span> <span class='ocrx_word' id='word_1_103' title='bbox 640 1255 772 1287; x_wconf 89' lang='lat' dir='ltr'><strong>AEolum</strong></span> <span class='ocrx_word' id='word_1_104' title='bbox 787 1254 1024 1290; x_wconf 83' lang='lat' dir='ltr'><strong>consuetudine,</strong></span> 
     </span>
     <span class='ocr_line' id='line_1_18' title="bbox 295 1307 1024 1356; baseline -0.012 -11"><span class='ocrx_word' id='word_1_105' title='bbox 295 1313 350 1356; x_wconf 90' lang='lat' dir='ltr'><strong>qui</strong></span> <span class='ocrx_word' id='word_1_106' title='bbox 365 1312 509 1353; x_wconf 86' lang='lat' dir='ltr'><strong>linguam</strong></span> <span class='ocrx_word' id='word_1_107' title='bbox 523 1319 614 1341; x_wconf 85' lang='lat' dir='ltr'><strong>suam</strong></span> <span class='ocrx_word' id='word_1_108' title='bbox 628 1308 752 1339; x_wconf 79' lang='lat' dir='ltr'><strong>Latinae</strong></span> <span class='ocrx_word' id='word_1_109' title='bbox 767 1307 943 1347; x_wconf 87' lang='lat' dir='ltr'><strong>plurimum</strong></span> <span class='ocrx_word' id='word_1_110' title='bbox 965 1307 1024 1337; x_wconf 91' lang='lat' dir='ltr'><strong>im-</strong></span> 
     </span>
     <span class='ocr_line' id='line_1_19' title="bbox 296 1359 1026 1400; baseline -0.011 -4"><span class='ocrx_word' id='word_1_111' title='bbox 296 1365 459 1396; x_wconf 79' lang='lat' dir='ltr'><strong>miscuere.</strong></span> <span class='ocrx_word' id='word_1_112' title='bbox 504 1359 686 1396; x_wconf 82' lang='lat' dir='ltr'><strong>Diomedes,</strong></span> <span class='ocrx_word' id='word_1_113' title='bbox 709 1369 843 1400; x_wconf 83' lang='lat' dir='ltr'><strong>gramm.</strong></span> <span class='ocrx_word' id='word_1_114' title='bbox 866 1359 886 1388; x_wconf 92' lang='lat' dir='ltr'><strong>i.</strong></span> <span class='ocrx_word' id='word_1_115' title='bbox 908 1369 938 1398; x_wconf 91' lang='lat' dir='ltr'><strong>p.</strong></span> <span class='ocrx_word' id='word_1_116' title='bbox 953 1361 1026 1389; x_wconf 83' lang='grc'><strong>578.</strong></span> 
     </span>
     <span class='ocr_line' id='line_1_20' title="bbox 298 1415 1029 1460; baseline -0.008 -10"><span class='ocrx_word' id='word_1_117' title='bbox 298 1422 321 1438; x_wconf 87' lang='grc'><strong>“</strong></span> <span class='ocrx_word' id='word_1_118' title='bbox 339 1419 483 1460; x_wconf 84' lang='lat' dir='ltr'><strong>Attingo‚</strong></span> <span class='ocrx_word' id='word_1_119' title='bbox 495 1418 635 1459; x_wconf 84' lang='lat' dir='ltr'><strong>attingis,</strong></span> <span class='ocrx_word' id='word_1_120' title='bbox 645 1416 733 1447; x_wconf 88' lang='lat' dir='ltr'><strong>omni</strong></span> <span class='ocrx_word' id='word_1_121' title='bbox 749 1415 944 1447; x_wconf 83' lang='lat' dir='ltr'><strong>eruditorum</strong></span> <span class='ocrx_word' id='word_1_122' title='bbox 954 1424 1029 1445; x_wconf 92' lang='lat' dir='ltr'><strong>con-</strong></span> 
     </span>
     <span class='ocr_line' id='line_1_21' title="bbox 302 1465 1031 1508; baseline -0.008 -5"><span class='ocrx_word' id='word_1_123' title='bbox 302 1474 325 1490; x_wconf 87' lang='lat'><strong>“</strong></span> <span class='ocrx_word' id='word_1_124' title='bbox 340 1481 432 1502; x_wconf 88' lang='lat' dir='ltr'><strong>sensu</strong></span> <span class='ocrx_word' id='word_1_125' title='bbox 448 1471 589 1502; x_wconf 84' lang='lat' dir='ltr'><strong>dicimus.</strong></span> <span class='ocrx_word' id='word_1_126' title='bbox 622 1470 746 1500; x_wconf 87' lang='lat' dir='ltr'><strong>Verum</strong></span> <span class='ocrx_word' id='word_1_127' title='bbox 761 1468 933 1508; x_wconf 87' lang='lat' dir='ltr'><strong>reperimus</strong></span> <span class='ocrx_word' id='word_1_128' title='bbox 947 1465 1031 1507; x_wconf 88' lang='lat' dir='ltr'><strong>apud</strong></span> 
     </span>
     <span class='ocr_line' id='line_1_22' title="bbox 300 1518 1032 1561; baseline -0.007 -8"><span class='ocrx_word' id='word_1_129' title='bbox 300 1525 323 1542; x_wconf 88' lang='lat'>“</span> <span class='ocrx_word' id='word_1_130' title='bbox 339 1522 511 1553; x_wconf 90' lang='lat' dir='ltr'><strong>nonnullos</strong></span> <span class='ocrx_word' id='word_1_131' title='bbox 533 1527 686 1559; x_wconf 81' lang='lat' dir='ltr'><strong>auctores,</strong></span> <span class='ocrx_word' id='word_1_132' title='bbox 709 1520 824 1561; x_wconf 89' lang='lat' dir='ltr'><strong>quibus</strong></span> <span class='ocrx_word' id='word_1_133' title='bbox 846 1518 1032 1561; x_wconf 87' lang='lat' dir='ltr'><strong>eloquentiae</strong></span> 
     </span>
     <span class='ocr_line' id='line_1_23' title="bbox 303 1570 1033 1615; baseline -0.007 -10"><span class='ocrx_word' id='word_1_134' title='bbox 303 1577 325 1593; x_wconf 76' lang='lat'><strong>‘⁴</strong></span> <span class='ocrx_word' id='word_1_135' title='bbox 341 1579 374 1605; x_wconf 85' lang='lat' dir='ltr'><strong>et</strong></span> <span class='ocrx_word' id='word_1_136' title='bbox 388 1574 551 1615; x_wconf 85' lang='lat' dir='ltr'><strong>elegantiae</strong></span> <span class='ocrx_word' id='word_1_137' title='bbox 571 1574 687 1604; x_wconf 80' lang='lat' dir='ltr'><strong>tributa</strong></span> <span class='ocrx_word' id='word_1_138' title='bbox 709 1578 755 1603; x_wconf 83' lang='lat' dir='ltr'><strong>est</strong></span> <span class='ocrx_word' id='word_1_139' title='bbox 780 1571 897 1611; x_wconf 83' lang='lat' dir='ltr'><strong>opinio,</strong></span> <span class='ocrx_word' id='word_1_140' title='bbox 922 1570 990 1602; x_wconf 88' lang='lat' dir='ltr'><strong>sine</strong></span> <span class='ocrx_word' id='word_1_141' title='bbox 1013 1581 1033 1600; x_wconf 87' lang='lat' dir='ltr'><strong>n</strong></span> 
     </span>
     <span class='ocr_line' id='line_1_24' title="bbox 303 1625 1035 1667; baseline -0.007 -10"><span class='ocrx_word' id='word_1_142' title='bbox 303 1629 326 1645; x_wconf 88' lang='lat'><strong>“</strong></span> <span class='ocrx_word' id='word_1_143' title='bbox 340 1625 431 1657; x_wconf 61' lang='lat' dir='ltr'><strong>litera</strong></span> <span class='ocrx_word' id='word_1_144' title='bbox 444 1625 577 1663; x_wconf 85' lang='lat' dir='ltr'><strong>dictum,</strong></span> <span class='ocrx_word' id='word_1_145' title='bbox 603 1625 692 1667; x_wconf 82' lang='lat' dir='ltr'><strong>quasi</strong></span> <span class='ocrx_word' id='word_1_146' title='bbox 713 1626 822 1664; x_wconf 69' lang='lat' dir='ltr'><strong>alligo,</strong></span> <span class='ocrx_word' id='word_1_147' title='bbox 849 1625 971 1663; x_wconf 66' lang='lat' dir='ltr'><strong>attigis5</strong></span> <span class='ocrx_word' id='word_1_148' title='bbox 999 1627 1035 1652; x_wconf 88' lang='lat' dir='ltr'><strong>ut</strong></span> 
     </span>
     <span class='ocr_line' id='line_1_25' title="bbox 302 1672 1035 1711; baseline -0.01 -2"><span class='ocrx_word' id='word_1_149' title='bbox 302 1681 326 1697; x_wconf 86' lang='lat'>“</span> <span class='ocrx_word' id='word_1_150' title='bbox 343 1678 501 1709; x_wconf 87' lang='lat' dir='ltr'><strong>Pacuvius</strong></span> <span class='ocrx_word' id='word_1_151' title='bbox 515 1677 549 1707; x_wconf 86' lang='lat' dir='ltr'><strong>in</strong></span> <span class='ocrx_word' id='word_1_152' title='bbox 561 1675 673 1707; x_wconf 91' lang='lat' dir='ltr'><strong>Medo:</strong></span> <span class='ocrx_word' id='word_1_153' title='bbox 698 1673 861 1706; x_wconf 90' lang='lat' dir='ltr'><strong>Custodite</strong></span> <span class='ocrx_word' id='word_1_154' title='bbox 872 1672 958 1704; x_wconf 90' lang='lat' dir='ltr'><strong>hunc</strong></span> <span class='ocrx_word' id='word_1_155' title='bbox 969 1683 1035 1711; x_wconf 87' lang='lat' dir='ltr'><strong>vos,</strong></span> 
     </span>
     <span class='ocr_line' id='line_1_26' title="bbox 304 1724 1037 1770; baseline -0.01 -9"><span class='ocrx_word' id='word_1_156' title='bbox 304 1733 327 1749; x_wconf 89' lang='lat'>“</span> <span class='ocrx_word' id='word_1_157' title='bbox 342 1740 382 1760; x_wconf 90' lang='lat' dir='ltr'><strong>ne</strong></span> <span class='ocrx_word' id='word_1_158' title='bbox 396 1729 466 1770; x_wconf 88' lang='lat' dir='ltr'><strong>quis</strong></span> <span class='ocrx_word' id='word_1_159' title='bbox 480 1729 545 1759; x_wconf 91' lang='lat' dir='ltr'><strong>vim</strong></span> <span class='ocrx_word' id='word_1_160' title='bbox 561 1726 691 1763; x_wconf 85' lang='lat' dir='ltr'><strong>adtulat‚</strong></span> <span class='ocrx_word' id='word_1_161' title='bbox 707 1736 786 1757; x_wconf 87' lang='lat' dir='ltr'><strong>neve</strong></span> <span class='ocrx_word' id='word_1_162' title='bbox 797 1727 927 1766; x_wconf 69' lang='lat' dir='ltr'><strong>adligat.</strong></span> <span class='ocrx_word' id='word_1_163' title='bbox 952 1724 1037 1755; x_wconf 86' lang='lat' dir='ltr'><strong>Item</strong></span> 
     </span>
     <span class='ocr_line' id='line_1_27' title="bbox 305 1775 1040 1818; baseline -0.011 -5"><span class='ocrx_word' id='word_1_164' title='bbox 305 1784 327 1800; x_wconf 89' lang='lat'><strong>“</strong></span> <span class='ocrx_word' id='word_1_165' title='bbox 345 1781 479 1812; x_wconf 85' lang='lat' dir='ltr'><strong>Plautus</strong></span> <span class='ocrx_word' id='word_1_166' title='bbox 493 1781 527 1810; x_wconf 90' lang='lat' dir='ltr'><strong>in</strong></span> <span class='ocrx_word' id='word_1_167' title='bbox 545 1779 639 1810; x_wconf 85' lang='lat' dir='ltr'><strong>Most.</strong></span> <span class='ocrx_word' id='word_1_168' title='bbox 655 1777 831 1818; x_wconf 84' lang='lat' dir='ltr'><strong>pluraliter:</strong></span> <span class='ocrx_word' id='word_1_169' title='bbox 852 1775 1040 1813; x_wconf 85' lang='lat' dir='ltr'><strong>Abscedite;</strong></span> 
     </span>
     <span class='ocr_line' id='line_1_28' title="bbox 305 1828 1039 1871; baseline -0.008 -7"><span class='ocrx_word' id='word_1_170' title='bbox 305 1837 328 1852; x_wconf 90' lang='lat'><strong>“</strong></span> <span class='ocrx_word' id='word_1_171' title='bbox 344 1833 421 1864; x_wconf 85' lang='lat' dir='ltr'><strong>aedis</strong></span> <span class='ocrx_word' id='word_1_172' title='bbox 435 1843 475 1863; x_wconf 90' lang='lat' dir='ltr'><strong>ne</strong></span> <span class='ocrx_word' id='word_1_173' title='bbox 489 1830 670 1871; x_wconf 79' lang='lat' dir='ltr'><strong>adeigatis.&#39;’</strong></span> <span class='ocrx_word' id='word_1_174' title='bbox 712 1830 794 1860; x_wconf 80' lang='lat' dir='ltr'><strong>Haec</strong></span> <span class='ocrx_word' id='word_1_175' title='bbox 810 1828 913 1862; x_wconf 82' lang='lat' dir='ltr'><strong>forma</strong></span> <span class='ocrx_word' id='word_1_176' title='bbox 927 1828 1039 1868; x_wconf 74' lang='lat' dir='ltr'><strong>saepius</strong></span> 
     </span>
     <span class='ocr_line' id='line_1_29' title="bbox 304 1880 1038 1921; baseline -0.01 -5"><span class='ocrx_word' id='word_1_177' title='bbox 304 1884 441 1916; x_wconf 87' lang='lat' dir='ltr'><strong>occurrit</strong></span> <span class='ocrx_word' id='word_1_178' title='bbox 455 1884 488 1914; x_wconf 92' lang='lat' dir='ltr'><strong>in</strong></span> <span class='ocrx_word' id='word_1_179' title='bbox 506 1883 631 1914; x_wconf 81' lang='lat' dir='ltr'><strong>Plauto.</strong></span> <span class='ocrx_word' id='word_1_180' title='bbox 663 1882 860 1921; x_wconf 79' lang='lat' dir='ltr'><strong>Temporum</strong></span> <span class='ocrx_word' id='word_1_181' title='bbox 876 1880 955 1910; x_wconf 87' lang='lat' dir='ltr'><strong>ratio</strong></span> <span class='ocrx_word' id='word_1_182' title='bbox 967 1890 1038 1910; x_wconf 88' lang='lat' dir='ltr'><strong>sua-</strong></span> 
     </span>
     <span class='ocr_line' id='line_1_30' title="bbox 305 1931 1038 1968; baseline -0.01 0"><span class='ocrx_word' id='word_1_183' title='bbox 305 1937 359 1968; x_wconf 87' lang='lat' dir='ltr'><strong>det</strong></span> <span class='ocrx_word' id='word_1_184' title='bbox 373 1936 562 1967; x_wconf 78' lang='lat' dir='ltr'><strong>Terentium</strong></span> <span class='ocrx_word' id='word_1_185' title='bbox 577 1944 641 1965; x_wconf 86' lang='lat' dir='ltr'><strong>non</strong></span> <span class='ocrx_word' id='word_1_186' title='bbox 657 1933 744 1964; x_wconf 89' lang='lat' dir='ltr'><strong>aliud</strong></span> <span class='ocrx_word' id='word_1_187' title='bbox 759 1932 893 1963; x_wconf 90' lang='lat' dir='ltr'><strong>voluisse</strong></span> <span class='ocrx_word' id='word_1_188' title='bbox 905 1931 946 1962; x_wconf 89' lang='lat' dir='ltr'><strong>ad</strong></span> <span class='ocrx_word' id='word_1_189' title='bbox 957 1931 1038 1962; x_wconf 87' lang='lat' dir='ltr'><strong>Hec.</strong></span> 
     </span>
     <span class='ocr_line' id='line_1_31' title="bbox 308 1989 444 2019; baseline -0.007 0"><span class='ocrx_word' id='word_1_190' title='bbox 308 1989 329 2019; x_wconf 78' lang='lat' dir='ltr'><strong>i.</strong></span> <span class='ocrx_word' id='word_1_191' title='bbox 346 1992 374 2018; x_wconf 78' lang='lat'><strong>2.</strong></span> <span class='ocrx_word' id='word_1_192' title='bbox 391 1992 444 2019; x_wconf 81' lang='lat'><strong>61.</strong></span> 
     </span>
    </p>

    <p class='ocr_par' dir='ltr' id='par_1_9' title="bbox 309 2031 1047 2484">
     <span class='ocr_line' id='line_1_32' title="bbox 355 2031 1043 2074; baseline -0.012 -4"><span class='ocrx_word' id='word_1_193' title='bbox 355 2038 436 2070; x_wconf 90' lang='lat' dir='ltr'><strong>Ibid.</strong></span> <span class='ocrx_word' id='word_1_194' title='bbox 457 2039 556 2068; x_wconf 80' lang='lat' dir='ltr'><strong>nostri</strong></span> <span class='ocrx_word' id='word_1_195' title='bbox 560 2053 571 2073; x_wconf 90' lang='lat'><em>;</em></span> <span class='ocrx_word' id='word_1_196' title='bbox 595 2044 710 2074; x_wconf 84' lang='lat' dir='ltr'><strong>nempe</strong></span> <span class='ocrx_word' id='word_1_197' title='bbox 732 2039 768 2064; x_wconf 86' lang='lat' dir='ltr'><strong>ut</strong></span> <span class='ocrx_word' id='word_1_198' title='bbox 791 2034 831 2063; x_wconf 87' lang='lat' dir='ltr'><strong>sit</strong></span> <span class='ocrx_word' id='word_1_199' title='bbox 852 2033 884 2063; x_wconf 89' lang='lat' dir='ltr'><strong>in</strong></span> <span class='ocrx_word' id='word_1_200' title='bbox 905 2031 1043 2063; x_wconf 85' lang='lat' dir='ltr'><strong>secundo</strong></span> 
     </span>
     <span class='ocr_line' id='line_1_33' title="bbox 309 2085 1043 2131; baseline -0.011 -8"><span class='ocrx_word' id='word_1_201' title='bbox 309 2102 384 2123; x_wconf 89' lang='lat' dir='ltr'><strong>casu</strong></span> <span class='ocrx_word' id='word_1_202' title='bbox 399 2090 526 2131; x_wconf 86' lang='lat' dir='ltr'><strong>plurali:</strong></span> <span class='ocrx_word' id='word_1_203' title='bbox 553 2089 596 2119; x_wconf 85' lang='lat' dir='ltr'><strong>sic</strong></span> <span class='ocrx_word' id='word_1_204' title='bbox 635 2097 712 2127; x_wconf 87' lang='lat' dir='ltr'><strong>uper</strong></span> <span class='ocrx_word' id='word_1_205' title='bbox 726 2098 764 2122; x_wconf 80' lang='lat' dir='ltr'><strong>se,</strong></span> <span class='ocrx_word' id='word_1_206' title='bbox 788 2096 851 2116; x_wconf 87' lang='lat' dir='ltr'><strong>vcr.</strong></span> <span class='ocrx_word' id='word_1_207' title='bbox 870 2089 941 2117; x_wconf 76' lang='lat'><strong>932.</strong></span> <span class='ocrx_word' id='word_1_208' title='bbox 988 2085 1043 2115; x_wconf 88' lang='lat' dir='ltr'><strong>In-</strong></span> 
     </span>
     <span class='ocr_line' id='line_1_34' title="bbox 310 2136 1039 2183; baseline -0.012 -9"><span class='ocrx_word' id='word_1_209' title='bbox 310 2149 436 2183; x_wconf 69' lang='lat' dir='ltr'><strong>terpreS,</strong></span> <span class='ocrx_word' id='word_1_210' title='bbox 459 2148 490 2172; x_wconf 88' lang='lat' dir='ltr'><strong>et</strong></span> <span class='ocrx_word' id='word_1_211' title='bbox 519 2140 607 2176; x_wconf 88' lang='lat' dir='ltr'><strong>Pius,</strong></span> <span class='ocrx_word' id='word_1_212' title='bbox 640 2149 704 2170; x_wconf 90' lang='lat' dir='ltr'><strong>non</strong></span> <span class='ocrx_word' id='word_1_213' title='bbox 727 2136 936 2177; x_wconf 81' lang='lat' dir='ltr'><strong>deprehendit</strong></span> <span class='ocrx_word' id='word_1_214' title='bbox 959 2146 1039 2166; x_wconf 82' lang='lat' dir='ltr'><strong>rem:</strong></span> 
     </span>
     <span class='ocr_line' id='line_1_35' title="bbox 311 2188 1044 2226; baseline -0.012 0"><span class='ocrx_word' id='word_1_215' title='bbox 311 2192 511 2226; x_wconf 84' lang='lat' dir='ltr'><strong>solummodo</strong></span> <span class='ocrx_word' id='word_1_216' title='bbox 533 2192 618 2223; x_wconf 66' lang='lat' dir='ltr'><strong>enim</strong></span> <span class='ocrx_word' id='word_1_217' title='bbox 642 2191 720 2221; x_wconf 85' lang='lat' dir='ltr'><strong>dicit</strong></span> <span class='ocrx_word' id='word_1_218' title='bbox 745 2190 855 2225; x_wconf 88' lang='lat' dir='ltr'><strong>Carus,</strong></span> <span class='ocrx_word' id='word_1_219' title='bbox 881 2193 905 2207; x_wconf 76' lang='lat'><strong>‘⁸</strong></span> <span class='ocrx_word' id='word_1_220' title='bbox 924 2188 991 2219; x_wconf 88' lang='lat' dir='ltr'><strong>Nos</strong></span> <span class='ocrx_word' id='word_1_221' title='bbox 1013 2188 1044 2218; x_wconf 89' lang='lat' dir='ltr'><strong>in</strong></span> 
     </span>
     <span class='ocr_line' id='line_1_36' title="bbox 315 2241 1045 2279; baseline -0.011 -2"><span class='ocrx_word' id='word_1_222' title='bbox 315 2249 338 2265; x_wconf 90' lang='lat'><strong>“</strong></span> <span class='ocrx_word' id='word_1_223' title='bbox 353 2245 505 2276; x_wconf 81' lang='lat' dir='ltr'><strong>altissimo</strong></span> <span class='ocrx_word' id='word_1_224' title='bbox 531 2253 644 2275; x_wconf 88' lang='lat' dir='ltr'><strong>somno</strong></span> <span class='ocrx_word' id='word_1_225' title='bbox 670 2242 709 2273; x_wconf 92' lang='lat' dir='ltr'><strong>de</strong></span> <span class='ocrx_word' id='word_1_226' title='bbox 734 2241 977 2279; x_wconf 86' lang='lat' dir='ltr'><strong>nobismetipsis,</strong></span> <span class='ocrx_word' id='word_1_227' title='bbox 1005 2250 1045 2270; x_wconf 79' lang='lat' dir='ltr'><strong>an</strong></span> 
     </span>
     <span class='ocr_line' id='line_1_37' title="bbox 315 2293 1046 2331; baseline -0.01 -3"><span class='ocrx_word' id='word_1_228' title='bbox 315 2300 338 2316; x_wconf 82' lang='lat'><strong>‘⁴</strong></span> <span class='ocrx_word' id='word_1_229' title='bbox 354 2296 472 2327; x_wconf 86' lang='lat' dir='ltr'><strong>mortui</strong></span> <span class='ocrx_word' id='word_1_230' title='bbox 486 2296 592 2331; x_wconf 86' lang='lat' dir='ltr'><strong>simus,</strong></span> <span class='ocrx_word' id='word_1_231' title='bbox 608 2305 649 2325; x_wconf 86' lang='lat' dir='ltr'><strong>an</strong></span> <span class='ocrx_word' id='word_1_232' title='bbox 663 2293 735 2330; x_wconf 90' lang='lat' dir='ltr'><strong>vivi,</strong></span> <span class='ocrx_word' id='word_1_233' title='bbox 749 2303 813 2323; x_wconf 88' lang='lat' dir='ltr'><strong>non</strong></span> <span class='ocrx_word' id='word_1_234' title='bbox 826 2293 964 2323; x_wconf 80' lang='lat' dir='ltr'><strong>solicitos</strong></span> <span class='ocrx_word' id='word_1_235' title='bbox 973 2301 1046 2326; x_wconf 84' lang='lat' dir='ltr'><strong>esse,</strong></span> 
     </span>
     <span class='ocr_line' id='line_1_38' title="bbox 315 2344 1047 2390; baseline -0.008 -11"><span class='ocrx_word' id='word_1_236' title='bbox 315 2352 338 2368; x_wconf 91' lang='lat'><strong>“</strong></span> <span class='ocrx_word' id='word_1_237' title='bbox 355 2358 457 2390; x_wconf 84' lang='lat' dir='ltr'><strong>neque</strong></span> <span class='ocrx_word' id='word_1_238' title='bbox 471 2348 538 2379; x_wconf 90' lang='lat' dir='ltr'><strong>ullo</strong></span> <span class='ocrx_word' id='word_1_239' title='bbox 549 2347 705 2378; x_wconf 84' lang='lat' dir='ltr'><strong>desiderio</strong></span> <span class='ocrx_word' id='word_1_240' title='bbox 716 2346 787 2376; x_wconf 86' lang='lat' dir='ltr'><strong>vitae</strong></span> <span class='ocrx_word' id='word_1_241' title='bbox 799 2355 924 2385; x_wconf 89' lang='lat' dir='ltr'><strong>prorsus</strong></span> <span class='ocrx_word' id='word_1_242' title='bbox 934 2344 1047 2381; x_wconf 85' lang='lat' dir='ltr'><strong>afflci;&#39;&#39;</strong></span> 
     </span>
     <span class='ocr_line' id='line_1_39' title="bbox 315 2399 1046 2432; baseline -0.007 -1"><span class='ocrx_word' id='word_1_243' title='bbox 315 2411 408 2432; x_wconf 87' lang='lat' dir='ltr'><strong>sensu</strong></span> <span class='ocrx_word' id='word_1_244' title='bbox 423 2400 540 2431; x_wconf 88' lang='lat' dir='ltr'><strong>scilicet</strong></span> <span class='ocrx_word' id='word_1_245' title='bbox 561 2399 650 2430; x_wconf 90' lang='lat' dir='ltr'><strong>omni</strong></span> <span class='ocrx_word' id='word_1_246' title='bbox 671 2399 981 2429; x_wconf 76' lang='lat' dir='ltr'><strong>carentes—ullum:</strong></span> <span class='ocrx_word' id='word_1_247' title='bbox 1010 2401 1046 2427; x_wconf 92' lang='grc' dir='ltr'><strong>Δ.</strong></span> 
     </span>
     <span class='ocr_line' id='line_1_40' title="bbox 317 2464 424 2484; baseline 0 0"><span class='ocrx_word' id='word_1_248' title='bbox 317 2464 424 2484; x_wconf 82' lang='lat' dir='ltr'><strong>unum.</strong></span> 
     </span>
    </p>

    <p class='ocr_par' dir='ltr' id='par_1_10' title="bbox 321 2501 1053 2900">
     <span class='ocr_line' id='line_1_41' title="bbox 362 2501 1050 2536; baseline -0.006 -2"><span class='ocrx_word' id='word_1_249' title='bbox 362 2505 436 2535; x_wconf 82' lang='lat' dir='ltr'><strong>Ver.</strong></span> <span class='ocrx_word' id='word_1_250' title='bbox 453 2507 525 2536; x_wconf 82' lang='lat'><strong>956.</strong></span> <span class='ocrx_word' id='word_1_251' title='bbox 548 2504 592 2535; x_wconf 78' lang='lat' dir='ltr'><strong>Et</strong></span> <span class='ocrx_word' id='word_1_252' title='bbox 607 2509 772 2534; x_wconf 80' lang='lat' dir='ltr'><strong>tamen—.·</strong></span> <span class='ocrx_word' id='word_1_253' title='bbox 793 2502 812 2531; x_wconf 87' lang='lat' dir='ltr'><strong>i.</strong></span> <span class='ocrx_word' id='word_1_254' title='bbox 824 2512 850 2531; x_wconf 88' lang='lat' dir='ltr'><strong>e.</strong></span> <span class='ocrx_word' id='word_1_255' title='bbox 874 2504 896 2520; x_wconf 75' lang='lat'><strong>‘⁶</strong></span> <span class='ocrx_word' id='word_1_256' title='bbox 914 2501 953 2531; x_wconf 89' lang='lat' dir='ltr'><strong>In</strong></span> <span class='ocrx_word' id='word_1_257' title='bbox 966 2510 1050 2531; x_wconf 87' lang='lat' dir='ltr'><strong>som-</strong></span> 
     </span>
     <span class='ocr_line' id='line_1_42' title="bbox 321 2552 1050 2595; baseline -0.007 -9"><span class='ocrx_word' id='word_1_258' title='bbox 321 2559 344 2575; x_wconf 83' lang='lat'><strong>“</strong></span> <span class='ocrx_word' id='word_1_259' title='bbox 360 2566 402 2586; x_wconf 90' lang='lat' dir='ltr'><strong>no</strong></span> <span class='ocrx_word' id='word_1_260' title='bbox 430 2565 496 2586; x_wconf 86' lang='lat' dir='ltr'><strong>non</strong></span> <span class='ocrx_word' id='word_1_261' title='bbox 518 2554 613 2595; x_wconf 86' lang='lat' dir='ltr'><strong>longe</strong></span> <span class='ocrx_word' id='word_1_262' title='bbox 635 2555 786 2585; x_wconf 88' lang='lat' dir='ltr'><strong>absumus</strong></span> <span class='ocrx_word' id='word_1_263' title='bbox 812 2554 851 2583; x_wconf 88' lang='lat' dir='ltr'><strong>ab</strong></span> <span class='ocrx_word' id='word_1_264' title='bbox 868 2552 924 2583; x_wconf 87' lang='lat' dir='ltr'><strong>illo</strong></span> <span class='ocrx_word' id='word_1_265' title='bbox 949 2561 1050 2587; x_wconf 85' lang='lat' dir='ltr'><strong>sensu,</strong></span> 
     </span>
     <span class='ocr_line' id='line_1_43' title="bbox 321 2604 1052 2647; baseline -0.005 -9"><span class='ocrx_word' id='word_1_266' title='bbox 321 2610 344 2626; x_wconf 90' lang='lat'><strong>“</strong></span> <span class='ocrx_word' id='word_1_267' title='bbox 360 2617 455 2647; x_wconf 84' lang='lat' dir='ltr'><strong>quem</strong></span> <span class='ocrx_word' id='word_1_268' title='bbox 468 2613 574 2638; x_wconf 87' lang='lat' dir='ltr'><strong>motus</strong></span> <span class='ocrx_word' id='word_1_269' title='bbox 589 2606 729 2637; x_wconf 84' lang='lat' dir='ltr'><strong>excitant</strong></span> <span class='ocrx_word' id='word_1_270' title='bbox 743 2604 1002 2645; x_wconf 85' lang='lat' dir='ltr'><strong>primordiorum,</strong></span> <span class='ocrx_word' id='word_1_271' title='bbox 1022 2609 1052 2634; x_wconf 88' lang='lat' dir='ltr'><strong>et</strong></span> 
     </span>
     <span class='ocr_line' id='line_1_44' title="bbox 322 2657 1048 2690; baseline -0.007 0"><span class='ocrx_word' id='word_1_272' title='bbox 322 2661 346 2677; x_wconf 72' lang='lat'><strong>‘⁴</strong></span> <span class='ocrx_word' id='word_1_273' title='bbox 361 2665 468 2690; x_wconf 86' lang='lat' dir='ltr'><strong>tamen</strong></span> <span class='ocrx_word' id='word_1_274' title='bbox 483 2659 572 2690; x_wconf 86' lang='lat' dir='ltr'><strong>rrullo</strong></span> <span class='ocrx_word' id='word_1_275' title='bbox 594 2659 667 2690; x_wconf 82' lang='lat' dir='ltr'><strong>vitae</strong></span> <span class='ocrx_word' id='word_1_276' title='bbox 695 2657 850 2689; x_wconf 86' lang='lat' dir='ltr'><strong>desiderio</strong></span> <span class='ocrx_word' id='word_1_277' title='bbox 872 2666 1048 2687; x_wconf 87' lang='lat' dir='ltr'><strong>movemur:</strong></span> 
     </span>
     <span class='ocr_line' id='line_1_45' title="bbox 322 2706 1052 2750; baseline -0.003 -11"><span class='ocrx_word' id='word_1_278' title='bbox 322 2712 345 2728; x_wconf 72' lang='lat'><strong>‘⁴</strong></span> <span class='ocrx_word' id='word_1_279' title='bbox 360 2716 478 2749; x_wconf 82' lang='lat' dir='ltr'><strong>quanto</strong></span> <span class='ocrx_word' id='word_1_280' title='bbox 513 2710 619 2741; x_wconf 88' lang='lat' dir='ltr'><strong>minus</strong></span> <span class='ocrx_word' id='word_1_281' title='bbox 653 2709 751 2750; x_wconf 88' lang='lat' dir='ltr'><strong>igitur</strong></span> <span class='ocrx_word' id='word_1_282' title='bbox 786 2708 984 2739; x_wconf 82' lang='lat' dir='ltr'><strong>movebimur</strong></span> <span class='ocrx_word' id='word_1_283' title='bbox 1019 2706 1052 2737; x_wconf 89' lang='lat' dir='ltr'><strong>in</strong></span> 
     </span>
     <span class='ocr_line' id='line_1_46' title="bbox 322 2759 1053 2800; baseline -0.003 -10"><span class='ocrx_word' id='word_1_284' title='bbox 322 2763 346 2780; x_wconf 75' lang='lat'><strong>‘⁴</strong></span> <span class='ocrx_word' id='word_1_285' title='bbox 363 2766 474 2795; x_wconf 79' lang='lat' dir='ltr'><strong>morte,</strong></span> <span class='ocrx_word' id='word_1_286' title='bbox 503 2770 577 2791; x_wconf 90' lang='lat' dir='ltr'><strong>cum</strong></span> <span class='ocrx_word' id='word_1_287' title='bbox 602 2760 775 2800; x_wconf 79' lang='lat' dir='ltr'><strong>primordia</strong></span> <span class='ocrx_word' id='word_1_288' title='bbox 796 2759 997 2798; x_wconf 82' lang='lat' dir='ltr'><strong>dissipantur,</strong></span> <span class='ocrx_word' id='word_1_289' title='bbox 1021 2763 1053 2788; x_wconf 84' lang='lat' dir='ltr'><strong>et</strong></span> 
     </span>
     <span class='ocr_line' id='line_1_47' title="bbox 321 2809 1050 2851; baseline -0.003 -10"><span class='ocrx_word' id='word_1_290' title='bbox 321 2815 347 2831; x_wconf 83' lang='lat'><strong>“</strong></span> <span class='ocrx_word' id='word_1_291' title='bbox 360 2811 472 2842; x_wconf 70' lang='lat' dir='ltr'><strong>sensus</strong></span> <span class='ocrx_word' id='word_1_292' title='bbox 487 2811 588 2842; x_wconf 87' lang='lat' dir='ltr'><strong>ciendi</strong></span> <span class='ocrx_word' id='word_1_293' title='bbox 610 2817 795 2851; x_wconf 84' lang='lat' dir='ltr'><strong>potestatem</strong></span> <span class='ocrx_word' id='word_1_294' title='bbox 817 2820 946 2841; x_wconf 91' lang='lat' dir='ltr'><strong>omnem</strong></span> <span class='ocrx_word' id='word_1_295' title='bbox 971 2809 1050 2840; x_wconf 87' lang='lat' dir='ltr'><strong>ami-</strong></span> 
     </span>
     <span class='ocr_line' id='line_1_48' title="bbox 323 2861 971 2900; baseline -0.005 -6"><span class='ocrx_word' id='word_1_296' title='bbox 323 2866 347 2882; x_wconf 86' lang='lat'>“</span> <span class='ocrx_word' id='word_1_297' title='bbox 361 2861 666 2900; x_wconf 79' lang='lat' dir='ltr'><strong>serunt?&#39;’-Pon·o,</strong></span> <span class='ocrx_word' id='word_1_298' title='bbox 681 2863 746 2893; x_wconf 87' lang='lat' dir='ltr'><strong>vice</strong></span> <span class='ocrx_word' id='word_1_299' title='bbox 763 2864 829 2898; x_wconf 79' lang='lat' dir='ltr'><strong>illa,</strong></span> <span class='ocrx_word' id='word_1_300' title='bbox 847 2862 882 2892; x_wconf 90' lang='lat' dir='ltr'><strong>P.</strong></span> <span class='ocrx_word' id='word_1_301' title='bbox 897 2863 971 2892; x_wconf 83' lang='lat' dir='ltr'><strong>ulla.</strong></span> 
     </span>
    </p>
   </div>
   <div class='ocr_carea' id='block_1_6' title="bbox 1058 833 1790 1034">
    <p class='ocr_par' dir='ltr' id='par_1_11' title="bbox 1058 833 1789 982">
     <span class='ocr_line' id='line_1_49' title="bbox 1101 833 1788 872; baseline -0.007 -3"><span class='ocrx_word' id='word_1_302' title='bbox 1101 839 1175 869; x_wconf 89' lang='lat' dir='ltr'><strong>Ver.</strong></span> <span class='ocrx_word' id='word_1_303' title='bbox 1193 841 1264 870; x_wconf 81' lang='lat'><strong>958.</strong></span> <span class='ocrx_word' id='word_1_304' title='bbox 1292 839 1396 872; x_wconf 82' lang='lat' dir='ltr'><strong>Quom,</strong></span> <span class='ocrx_word' id='word_1_305' title='bbox 1417 838 1526 871; x_wconf 81' lang='lat' dir='ltr'><strong>Quum,</strong></span> <span class='ocrx_word' id='word_1_306' title='bbox 1555 834 1603 866; x_wconf 89' lang='lat' dir='ltr'><strong>vel</strong></span> <span class='ocrx_word' id='word_1_307' title='bbox 1621 837 1716 867; x_wconf 79' lang='lat' dir='ltr'><strong>Cum:</strong></span> <span class='ocrx_word' id='word_1_308' title='bbox 1744 833 1788 865; x_wconf 74' lang='lat' dir='ltr'><strong>sic</strong></span> 
     </span>
     <span class='ocr_line' id='line_1_50' title="bbox 1058 888 1787 929; baseline -0.007 -6"><span class='ocrx_word' id='word_1_309' title='bbox 1058 903 1167 923; x_wconf 77' lang='lat' dir='ltr'><strong>omnes</strong></span> <span class='ocrx_word' id='word_1_310' title='bbox 1188 891 1275 929; x_wconf 86' lang='lat' dir='ltr'><strong>libri;</strong></span> <span class='ocrx_word' id='word_1_311' title='bbox 1299 890 1470 922; x_wconf 78' lang='lat' dir='ltr'><strong>verissime:</strong></span> <span class='ocrx_word' id='word_1_312' title='bbox 1499 888 1657 920; x_wconf 89' lang='lat' dir='ltr'><strong>temerarii</strong></span> <span class='ocrx_word' id='word_1_313' title='bbox 1682 894 1787 919; x_wconf 87' lang='lat' dir='ltr'><strong>tamen</strong></span> 
     </span>
     <span class='ocr_line' id='line_1_51' title="bbox 1060 941 1789 982; baseline -0.004 -8"><span class='ocrx_word' id='word_1_314' title='bbox 1060 943 1194 974; x_wconf 61' lang='lat' dir='ltr'><strong>editores</strong></span> <span class='ocrx_word' id='word_1_315' title='bbox 1207 953 1302 974; x_wconf 87' lang='lat' dir='ltr'><strong>suum</strong></span> <span class='ocrx_word' id='word_1_316' title='bbox 1321 944 1403 977; x_wconf 82' lang='lat' dir='ltr'><strong>Quin</strong></span> <span class='ocrx_word' id='word_1_317' title='bbox 1419 941 1566 972; x_wconf 86' lang='lat' dir='ltr'><strong>Lucretio</strong></span> <span class='ocrx_word' id='word_1_318' title='bbox 1581 941 1789 982; x_wconf 85' lang='lat' dir='ltr'><strong>impegerunt.</strong></span> 
     </span>
    </p>

    <p class='ocr_par' dir='ltr' id='par_1_12' title="bbox 1107 992 1790 1034">
     <span class='ocr_line' id='line_1_52' title="bbox 1107 992 1790 1034; baseline -0.003 -9"><span class='ocrx_word' id='word_1_319' title='bbox 1107 994 1188 1025; x_wconf 90' lang='lat' dir='ltr'><strong>Ibid.</strong></span> <span class='ocrx_word' id='word_1_320' title='bbox 1221 1001 1380 1034; x_wconf 77' lang='lat' dir='ltr'><strong>conr-eptas</strong></span> <span class='ocrx_word' id='word_1_321' title='bbox 1408 1005 1443 1024; x_wconf 71' lang='lat' dir='ltr'><strong>ex</strong></span> <span class='ocrx_word' id='word_1_322' title='bbox 1472 1005 1583 1024; x_wconf 77' lang='lat' dir='ltr'><strong>somno,</strong></span> <span class='ocrx_word' id='word_1_323' title='bbox 1644 992 1790 1024; x_wconf 82' lang='lat' dir='ltr'><strong>Phrasim</strong></span> 
     </span>
    </p>
   </div>
   <div class='ocr_carea' id='block_1_7' title="bbox 1066 1043 1793 1128">
    <p class='ocr_par' dir='ltr' id='par_1_13' title="bbox 1066 1043 1793 1128">
     <span class='ocr_line' id='line_1_53' title="bbox 1067 1043 1793 1087; baseline -0.004 -10"><span class='ocrx_word' id='word_1_324' title='bbox 1067 1046 1220 1087; x_wconf 83' lang='lat' dir='ltr'><strong>Virgilius</strong></span> <span class='ocrx_word' id='word_1_325' title='bbox 1234 1046 1330 1076; x_wconf 86' lang='lat' dir='ltr'><strong>etiam</strong></span> <span class='ocrx_word' id='word_1_326' title='bbox 1345 1044 1498 1083; x_wconf 83' lang='lat' dir='ltr'><strong>exhibuit,</strong></span> <span class='ocrx_word' id='word_1_327' title='bbox 1517 1044 1591 1075; x_wconf 83' lang='lat' dir='ltr'><strong>AEu.</strong></span> <span class='ocrx_word' id='word_1_328' title='bbox 1601 1044 1640 1075; x_wconf 84' lang='lat' dir='ltr'><strong>iv.</strong></span> <span class='ocrx_word' id='word_1_329' title='bbox 1653 1046 1726 1076; x_wconf 79' lang='lat'><strong>572.</strong></span> <span class='ocrx_word' id='word_1_330' title='bbox 1737 1043 1793 1075; x_wconf 86' lang='lat' dir='ltr'><strong>ubi</strong></span> 
     </span>
     <span class='ocr_line' id='line_1_54' title="bbox 1066 1097 1267 1128; baseline -0.005 0"><span class='ocrx_word' id='word_1_331' title='bbox 1066 1097 1200 1128; x_wconf 83' lang='lat' dir='ltr'><strong>scribam</strong></span> <span class='ocrx_word' id='word_1_332' title='bbox 1214 1108 1267 1128; x_wconf 72' lang='lat' dir='ltr'><strong>ez:</strong></span> 
     </span>
    </p>
   </div>
   <div class='ocr_carea' id='block_1_8' title="bbox 1161 1167 1541 1200">
    <p class='ocr_par' dir='ltr' id='par_1_14' title="bbox 1161 1167 1541 1200">
     <span class='ocr_line' id='line_1_55' title="bbox 1161 1167 1541 1200; baseline -0.008 -8"><span class='ocrx_word' id='word_1_333' title='bbox 1161 1167 1270 1200; x_wconf 78' lang='lat' dir='ltr'><strong>Conn&#39;pit</strong></span> <span class='ocrx_word' id='word_1_334' title='bbox 1281 1173 1294 1191; x_wconf 86' lang='lat' dir='ltr'><strong>e</strong></span> <span class='ocrx_word' id='word_1_335' title='bbox 1303 1172 1387 1191; x_wconf 86' lang='lat' dir='ltr'><strong>somno</strong></span> <span class='ocrx_word' id='word_1_336' title='bbox 1398 1172 1541 1197; x_wconf 84' lang='lat' dir='ltr'><strong>corpus—:</strong></span> 
     </span>
    </p>
   </div>
   <div class='ocr_carea' id='block_1_9' title="bbox 1067 1221 1817 2198">
    <p class='ocr_par' dir='ltr' id='par_1_15' title="bbox 1067 1221 1798 1360">
     <span class='ocr_line' id='line_1_56' title="bbox 1067 1221 1797 1266; baseline -0.007 -10"><span class='ocrx_word' id='word_1_337' title='bbox 1067 1235 1164 1266; x_wconf 85' lang='lat' dir='ltr'><strong>quam</strong></span> <span class='ocrx_word' id='word_1_338' title='bbox 1179 1224 1346 1255; x_wconf 88' lang='lat' dir='ltr'><strong>lectionem</strong></span> <span class='ocrx_word' id='word_1_339' title='bbox 1361 1223 1475 1254; x_wconf 81' lang='lat' dir='ltr'><strong>merito</strong></span> <span class='ocrx_word' id='word_1_340' title='bbox 1494 1231 1691 1262; x_wconf 66' lang='lat' dir='ltr'><strong>praeposuere</strong></span> <span class='ocrx_word' id='word_1_341' title='bbox 1713 1221 1797 1253; x_wconf 85' lang='lat' dir='ltr'><strong>docti</strong></span> 
     </span>
     <span class='ocr_line' id='line_1_57' title="bbox 1068 1273 1798 1315; baseline -0.004 -8"><span class='ocrx_word' id='word_1_342' title='bbox 1068 1276 1202 1307; x_wconf 81' lang='lat' dir='ltr'><strong>editores</strong></span> <span class='ocrx_word' id='word_1_343' title='bbox 1226 1289 1268 1315; x_wconf 67' lang='grc' dir='ltr'><strong>τῳ</strong></span> <span class='ocrx_word' id='word_1_344' title='bbox 1291 1287 1310 1306; x_wconf 87' lang='lat' dir='ltr'><strong>a</strong></span> <span class='ocrx_word' id='word_1_345' title='bbox 1337 1286 1439 1307; x_wconf 83' lang='lat' dir='ltr'><strong>somno</strong></span> <span class='ocrx_word' id='word_1_346' title='bbox 1455 1273 1683 1305; x_wconf 86' lang='lat' dir='ltr'><strong>nonnullarum</strong></span> <span class='ocrx_word' id='word_1_347' title='bbox 1698 1283 1798 1305; x_wconf 90' lang='lat' dir='ltr'><strong>mem-</strong></span> 
     </span>
     <span class='ocr_line' id='line_1_58' title="bbox 1069 1330 1249 1360; baseline -0.011 0"><span class='ocrx_word' id='word_1_348' title='bbox 1069 1330 1249 1360; x_wconf 86' lang='lat' dir='ltr'><strong>branarum.</strong></span> 
     </span>
    </p>

    <p class='ocr_par' dir='ltr' id='par_1_16' title="bbox 1073 1378 1803 1514">
     <span class='ocr_line' id='line_1_59' title="bbox 1117 1378 1797 1419; baseline -0.004 -9"><span class='ocrx_word' id='word_1_349' title='bbox 1117 1379 1198 1410; x_wconf 88' lang='lat' dir='ltr'><strong>Ibid.</strong></span> <span class='ocrx_word' id='word_1_350' title='bbox 1222 1391 1252 1410; x_wconf 83' lang='lat' dir='ltr'><strong>se</strong></span> <span class='ocrx_word' id='word_1_351' title='bbox 1266 1380 1408 1419; x_wconf 78' lang='lat' dir='ltr'><strong>conligit:</strong></span> <span class='ocrx_word' id='word_1_352' title='bbox 1435 1378 1454 1409; x_wconf 91' lang='lat' dir='ltr'><strong>i.</strong></span> <span class='ocrx_word' id='word_1_353' title='bbox 1471 1388 1497 1409; x_wconf 87' lang='lat' dir='ltr'><strong>e.</strong></span> <span class='ocrx_word' id='word_1_354' title='bbox 1512 1383 1676 1418; x_wconf 75' lang='lat' dir='ltr'><strong>congregat</strong></span> <span class='ocrx_word' id='word_1_355' title='bbox 1691 1386 1797 1408; x_wconf 73' lang='lat' dir='ltr'><strong>erran-</strong></span> 
     </span>
     <span class='ocr_line' id='line_1_60' title="bbox 1073 1429 1803 1470; baseline -0.003 -8"><span class='ocrx_word' id='word_1_356' title='bbox 1073 1432 1117 1462; x_wconf 85' lang='lat' dir='ltr'><strong>tia</strong></span> <span class='ocrx_word' id='word_1_357' title='bbox 1145 1441 1297 1461; x_wconf 88' lang='lat' dir='ltr'><strong>sensuum</strong></span> <span class='ocrx_word' id='word_1_358' title='bbox 1326 1429 1509 1469; x_wconf 85' lang='lat' dir='ltr'><strong>primordia,</strong></span> <span class='ocrx_word' id='word_1_359' title='bbox 1532 1439 1550 1460; x_wconf 92' lang='lat' dir='ltr'><strong>e</strong></span> <span class='ocrx_word' id='word_1_360' title='bbox 1571 1429 1685 1470; x_wconf 89' lang='lat' dir='ltr'><strong>quibus</strong></span> <span class='ocrx_word' id='word_1_361' title='bbox 1706 1430 1803 1460; x_wconf 80' lang='lat' dir='ltr'><strong>homo</strong></span> 
     </span>
     <span class='ocr_line' id='line_1_61' title="bbox 1075 1478 1642 1514; baseline -0.004 -1"><span class='ocrx_word' id='word_1_362' title='bbox 1075 1483 1181 1514; x_wconf 84' lang='lat' dir='ltr'><strong>vivens</strong></span> <span class='ocrx_word' id='word_1_363' title='bbox 1195 1481 1343 1513; x_wconf 87' lang='lat' dir='ltr'><strong>consistit.</strong></span> <span class='ocrx_word' id='word_1_364' title='bbox 1634 1478 1642 1487; x_wconf 87' lang='lat'>&#39;</span> 
     </span>
    </p>

    <p class='ocr_par' dir='ltr' id='par_1_17' title="bbox 1077 1532 1808 1720">
     <span class='ocr_line' id='line_1_62' title="bbox 1119 1532 1805 1574; baseline -0.003 -9"><span class='ocrx_word' id='word_1_365' title='bbox 1119 1535 1195 1565; x_wconf 86' lang='lat' dir='ltr'><strong>Ver.</strong></span> <span class='ocrx_word' id='word_1_366' title='bbox 1212 1537 1283 1566; x_wconf 85' lang='lat'><strong>939.</strong></span> <span class='ocrx_word' id='word_1_367' title='bbox 1307 1535 1408 1565; x_wconf 82' lang='lat' dir='ltr'><strong>minus</strong></span> <span class='ocrx_word' id='word_1_368' title='bbox 1423 1543 1487 1564; x_wconf 91' lang='lat' dir='ltr'><strong>non</strong></span> <span class='ocrx_word' id='word_1_369' title='bbox 1503 1532 1617 1574; x_wconf 84' lang='lat' dir='ltr'><strong>legitur</strong></span> <span class='ocrx_word' id='word_1_370' title='bbox 1632 1533 1666 1563; x_wconf 87' lang='lat' dir='ltr'><strong>in</strong></span> <span class='ocrx_word' id='word_1_371' title='bbox 1689 1536 1724 1564; x_wconf 89' lang='grc' dir='ltr'><strong>Δ.</strong></span> <span class='ocrx_word' id='word_1_372' title='bbox 1747 1542 1805 1564; x_wconf 89' lang='lat' dir='ltr'><strong>nec</strong></span> 
     </span>
     <span class='ocr_line' id='line_1_63' title="bbox 1077 1583 1808 1626; baseline -0.004 -9"><span class='ocrx_word' id='word_1_373' title='bbox 1077 1592 1119 1618; x_wconf 81' lang='lat' dir='ltr'><strong>est</strong></span> <span class='ocrx_word' id='word_1_374' title='bbox 1141 1586 1175 1616; x_wconf 88' lang='lat' dir='ltr'><strong>in</strong></span> <span class='ocrx_word' id='word_1_375' title='bbox 1198 1591 1233 1618; x_wconf 80' lang='grc' dir='ltr'><strong>Σ.</strong></span> <span class='ocrx_word' id='word_1_376' title='bbox 1255 1595 1352 1626; x_wconf 80' lang='lat' dir='ltr'><strong>quam</strong></span> <span class='ocrx_word' id='word_1_377' title='bbox 1381 1584 1526 1616; x_wconf 84' lang='lat' dir='ltr'><strong>voculam</strong></span> <span class='ocrx_word' id='word_1_378' title='bbox 1546 1583 1647 1615; x_wconf 86' lang='lat' dir='ltr'><strong>solent</strong></span> <span class='ocrx_word' id='word_1_379' title='bbox 1674 1583 1808 1615; x_wconf 84' lang='lat' dir='ltr'><strong>editores</strong></span> 
     </span>
     <span class='ocr_line' id='line_1_64' title="bbox 1078 1635 1808 1676; baseline -0.004 -8"><span class='ocrx_word' id='word_1_380' title='bbox 1078 1637 1174 1669; x_wconf 83' lang='lat' dir='ltr'><strong>etiam</strong></span> <span class='ocrx_word' id='word_1_381' title='bbox 1206 1638 1361 1676; x_wconf 88' lang='lat' dir='ltr'><strong>omittere,</strong></span> <span class='ocrx_word' id='word_1_382' title='bbox 1397 1642 1506 1668; x_wconf 83' lang='lat' dir='ltr'><strong>contra</strong></span> <span class='ocrx_word' id='word_1_383' title='bbox 1535 1635 1670 1676; x_wconf 88' lang='lat' dir='ltr'><strong>reliquos</strong></span> <span class='ocrx_word' id='word_1_384' title='bbox 1697 1645 1808 1666; x_wconf 88' lang='lat' dir='ltr'><strong>omnes</strong></span> 
     </span>
     <span class='ocr_line' id='line_1_65' title="bbox 1078 1689 1183 1720; baseline -0.01 0"><span class='ocrx_word' id='word_1_385' title='bbox 1078 1689 1183 1720; x_wconf 88' lang='lat' dir='ltr'><strong>libros.</strong></span> 
     </span>
    </p>

    <p class='ocr_par' dir='ltr' id='par_1_18' title="bbox 1082 1739 1812 1927">
     <span class='ocr_line' id='line_1_66' title="bbox 1124 1739 1812 1781; baseline -0.001 -10"><span class='ocrx_word' id='word_1_386' title='bbox 1124 1741 1200 1772; x_wconf 87' lang='lat' dir='ltr'><strong>Ver.</strong></span> <span class='ocrx_word' id='word_1_387' title='bbox 1217 1744 1288 1773; x_wconf 87' lang='grc'><strong>941.</strong></span> <span class='ocrx_word' id='word_1_388' title='bbox 1310 1741 1470 1781; x_wconf 68' lang='lat' dir='ltr'><strong>disjectus.-</strong></span> <span class='ocrx_word' id='word_1_389' title='bbox 1497 1740 1516 1771; x_wconf 89' lang='lat' dir='ltr'><strong>i.</strong></span> <span class='ocrx_word' id='word_1_390' title='bbox 1532 1751 1560 1771; x_wconf 88' lang='lat' dir='ltr'><strong>e.</strong></span> <span class='ocrx_word' id='word_1_391' title='bbox 1581 1739 1758 1780; x_wconf 84' lang='lat' dir='ltr'><strong>disjunctio,</strong></span> <span class='ocrx_word' id='word_1_392' title='bbox 1780 1745 1812 1770; x_wconf 84' lang='lat' dir='ltr'><strong>et</strong></span> 
     </span>
     <span class='ocr_line' id='line_1_67' title="bbox 1082 1790 1811 1832; baseline 0 -10"><span class='ocrx_word' id='word_1_393' title='bbox 1082 1791 1246 1832; x_wconf 86' lang='lat' dir='ltr'><strong>dispersus.</strong></span> <span class='ocrx_word' id='word_1_394' title='bbox 1299 1792 1407 1822; x_wconf 83' lang='lat' dir='ltr'><strong>Dictio</strong></span> <span class='ocrx_word' id='word_1_395' title='bbox 1429 1797 1486 1830; x_wconf 89' lang='lat' dir='ltr'><strong>est,</strong></span> <span class='ocrx_word' id='word_1_396' title='bbox 1512 1797 1549 1822; x_wconf 85' lang='lat' dir='ltr'><strong>ut</strong></span> <span class='ocrx_word' id='word_1_397' title='bbox 1571 1790 1704 1828; x_wconf 80' lang='lat' dir='ltr'><strong>videtur,</strong></span> <span class='ocrx_word' id='word_1_398' title='bbox 1720 1801 1759 1822; x_wconf 88' lang='lat' dir='ltr'><strong>ex</strong></span> <span class='ocrx_word' id='word_1_399' title='bbox 1775 1793 1811 1822; x_wconf 70' lang='grc' dir='ltr'><strong>ἀ-</strong></span> 
     </span>
     <span class='ocr_line' id='line_1_68' title="bbox 1083 1842 1812 1885; baseline -0.003 -9"><span class='ocrx_word' id='word_1_400' title='bbox 1083 1846 1145 1884; x_wconf 58' lang='lat' dir='ltr'><strong>ron}</strong></span> <span class='ocrx_word' id='word_1_401' title='bbox 1160 1851 1348 1885; x_wconf 66' lang='lat' dir='ltr'><strong>Myopcsruss:</strong></span> <span class='ocrx_word' id='word_1_402' title='bbox 1373 1843 1445 1875; x_wconf 78' lang='lat' dir='ltr'><strong>vide</strong></span> <span class='ocrx_word' id='word_1_403' title='bbox 1466 1843 1488 1875; x_wconf 87' lang='grc' dir='ltr'><strong>ἰ.</strong></span> <span class='ocrx_word' id='word_1_404' title='bbox 1510 1846 1600 1876; x_wconf 80' lang='lat'><strong>1019.</strong></span> <span class='ocrx_word' id='word_1_405' title='bbox 1623 1843 1655 1874; x_wconf 75' lang='lat' dir='ltr'><strong>ii.</strong></span> <span class='ocrx_word' id='word_1_406' title='bbox 1672 1846 1744 1876; x_wconf 82' lang='lat'><strong>938.</strong></span> <span class='ocrx_word' id='word_1_407' title='bbox 1769 1842 1812 1874; x_wconf 74' lang='lat' dir='ltr'><strong>iii.</strong></span> 
     </span>
     <span class='ocr_line' id='line_1_69' title="bbox 1084 1898 1156 1927; baseline 0 -1"><span class='ocrx_word' id='word_1_408' title='bbox 1084 1898 1156 1927; x_wconf 83' lang='lat'><strong>659.</strong></span> 
     </span>
    </p>

    <p class='ocr_par' dir='ltr' id='par_1_19' title="bbox 1087 1946 1817 2198">
     <span class='ocr_line' id='line_1_70' title="bbox 1130 1946 1812 1988; baseline 0.003 -12"><span class='ocrx_word' id='word_1_409' title='bbox 1130 1946 1205 1977; x_wconf 87' lang='lat' dir='ltr'><strong>Ver.</strong></span> <span class='ocrx_word' id='word_1_410' title='bbox 1233 1949 1303 1978; x_wconf 81' lang='lat'><strong>942.</strong></span> <span class='ocrx_word' id='word_1_411' title='bbox 1330 1948 1510 1988; x_wconf 71' lang='lat' dir='ltr'><strong>expergitus·</strong></span> <span class='ocrx_word' id='word_1_412' title='bbox 1555 1947 1680 1977; x_wconf 86' lang='lat' dir='ltr'><strong>Festus:</strong></span> <span class='ocrx_word' id='word_1_413' title='bbox 1707 1949 1730 1965; x_wconf 90' lang='lat'><strong>“</strong></span> <span class='ocrx_word' id='word_1_414' title='bbox 1749 1947 1812 1978; x_wconf 70' lang='lat' dir='ltr'><strong>Et-</strong></span> 
     </span>
     <span class='ocr_line' id='line_1_71' title="bbox 1089 1997 1814 2039; baseline 0.001 -11"><span class='ocrx_word' id='word_1_415' title='bbox 1089 2000 1111 2016; x_wconf 93' lang='lat'><strong>“</strong></span> <span class='ocrx_word' id='word_1_416' title='bbox 1121 1999 1271 2038; x_wconf 73' lang='lat' dir='ltr'><strong>pergilus,</strong></span> <span class='ocrx_word' id='word_1_417' title='bbox 1297 1999 1336 2028; x_wconf 85' lang='lat' dir='ltr'><strong>ab</strong></span> <span class='ocrx_word' id='word_1_418' title='bbox 1357 1998 1420 2028; x_wconf 92' lang='lat' dir='ltr'><strong>alio</strong></span> <span class='ocrx_word' id='word_1_419' title='bbox 1436 1997 1599 2028; x_wconf 81' lang='lat' dir='ltr'><strong>excitatus:</strong></span> <span class='ocrx_word' id='word_1_420' title='bbox 1627 2007 1722 2039; x_wconf 87' lang='lat' dir='ltr'><strong>quem</strong></span> <span class='ocrx_word' id='word_1_421' title='bbox 1736 1998 1814 2029; x_wconf 81' lang='lat' dir='ltr'><strong>sole—</strong></span> 
     </span>
     <span class='ocr_line' id='line_1_72' title="bbox 1087 2052 1816 2094; baseline 0 -10"><span class='ocrx_word' id='word_1_422' title='bbox 1087 2057 1109 2072; x_wconf 90' lang='lat'><strong>“</strong></span> <span class='ocrx_word' id='word_1_423' title='bbox 1126 2064 1198 2084; x_wconf 89' lang='lat' dir='ltr'><strong>mus</strong></span> <span class='ocrx_word' id='word_1_424' title='bbox 1209 2053 1311 2084; x_wconf 87' lang='lat' dir='ltr'><strong>dicere</strong></span> <span class='ocrx_word' id='word_1_425' title='bbox 1324 2052 1607 2094; x_wconf 82' lang='lat' dir='ltr'><strong>expergefactum.”</strong></span> <span class='ocrx_word' id='word_1_426' title='bbox 1631 2053 1816 2093; x_wconf 85' lang='lat' dir='ltr'><strong>Diomedes,</strong></span> 
     </span>
     <span class='ocr_line' id='line_1_73' title="bbox 1088 2105 1816 2148; baseline 0.001 -12"><span class='ocrx_word' id='word_1_427' title='bbox 1088 2109 1111 2124; x_wconf 76' lang='lat'><strong>‘⁶</strong></span> <span class='ocrx_word' id='word_1_428' title='bbox 1129 2105 1196 2148; x_wconf 90' lang='lat' dir='ltr'><strong>(lib.</strong></span> <span class='ocrx_word' id='word_1_429' title='bbox 1212 2105 1232 2136; x_wconf 87' lang='lat' dir='ltr'><strong>i.</strong></span> <span class='ocrx_word' id='word_1_430' title='bbox 1248 2116 1277 2145; x_wconf 89' lang='lat' dir='ltr'><strong>p.</strong></span> <span class='ocrx_word' id='word_1_431' title='bbox 1288 2105 1449 2146; x_wconf 21' lang='lat'><strong>⁷572.)—‘&#39;</strong></span> <span class='ocrx_word' id='word_1_432' title='bbox 1487 2106 1657 2146; x_wconf 55' lang='lat' dir='ltr'><strong>Emer-gor,</strong></span> <span class='ocrx_word' id='word_1_433' title='bbox 1679 2108 1816 2147; x_wconf 68' lang='lat' dir='ltr'><strong>expergi-</strong></span> 
     </span>
     <span class='ocr_line' id='line_1_74' title="bbox 1091 2156 1817 2198; baseline 0.001 -11"><span class='ocrx_word' id='word_1_434' title='bbox 1091 2160 1112 2175; x_wconf 89' lang='lat'><strong>“</strong></span> <span class='ocrx_word' id='word_1_435' title='bbox 1129 2163 1230 2188; x_wconf 78' lang='lat' dir='ltr'><strong>111s—.</strong></span> <span class='ocrx_word' id='word_1_436' title='bbox 1278 2156 1338 2187; x_wconf 91' lang='lat' dir='ltr'><strong>Sed</strong></span> <span class='ocrx_word' id='word_1_437' title='bbox 1353 2159 1524 2197; x_wconf 65' lang='lat' dir='ltr'><strong>expergitus</strong></span> <span class='ocrx_word' id='word_1_438' title='bbox 1538 2156 1666 2196; x_wconf 85' lang='lat' dir='ltr'><strong>dicitur,</strong></span> <span class='ocrx_word' id='word_1_439' title='bbox 1691 2157 1746 2198; x_wconf 91' lang='lat' dir='ltr'><strong>qui</strong></span> <span class='ocrx_word' id='word_1_440' title='bbox 1768 2167 1817 2188; x_wconf 82' lang='lat' dir='ltr'><strong>sa·</strong></span> 
     </span>
    </p>
   </div>
   <div class='ocr_carea' id='block_1_10' title="bbox 1091 2205 1820 2290">
    <p class='ocr_par' dir='ltr' id='par_1_20' title="bbox 1091 2205 1820 2290">
     <span class='ocr_line' id='line_1_75' title="bbox 1091 2205 1820 2250; baseline 0.004 -12"><span class='ocrx_word' id='word_1_441' title='bbox 1091 2211 1113 2227; x_wconf 92' lang='lat'>“</span> <span class='ocrx_word' id='word_1_442' title='bbox 1130 2208 1225 2238; x_wconf 87' lang='lat' dir='ltr'><strong>tiatus</strong></span> <span class='ocrx_word' id='word_1_443' title='bbox 1248 2205 1359 2239; x_wconf 83' lang='lat' dir='ltr'><strong>somno</strong></span> <span class='ocrx_word' id='word_1_444' title='bbox 1375 2214 1484 2248; x_wconf 85' lang='lat' dir='ltr'><strong>sponte</strong></span> <span class='ocrx_word' id='word_1_445' title='bbox 1499 2208 1633 2250; x_wconf 80' lang='lat' dir='ltr'><strong>evigilat.</strong></span> <span class='ocrx_word' id='word_1_446' title='bbox 1678 2208 1775 2241; x_wconf 87' lang='lat' dir='ltr'><strong>Unde</strong></span> <span class='ocrx_word' id='word_1_447' title='bbox 1789 2213 1820 2240; x_wconf 79' lang='lat' dir='ltr'><strong>et</strong></span> 
     </span>
     <span class='ocr_line' id='line_1_76' title="bbox 1091 2259 1343 2290; baseline -0.004 0"><span class='ocrx_word' id='word_1_448' title='bbox 1091 2263 1113 2278; x_wconf 89' lang='lat'><strong>“</strong></span> <span class='ocrx_word' id='word_1_449' title='bbox 1130 2259 1273 2290; x_wconf 87' lang='lat' dir='ltr'><strong>Lucilius</strong></span> <span class='ocrx_word' id='word_1_450' title='bbox 1287 2259 1343 2290; x_wconf 85' lang='lat' dir='ltr'><strong>ait:</strong></span> 
     </span>
    </p>
   </div>
   <div class='ocr_carea' id='block_1_11' title="bbox 1125 2347 1823 2446">
    <p class='ocr_par' dir='ltr' id='par_1_21' title="bbox 1125 2347 1823 2446">
     <span class='ocr_line' id='line_1_77' title="bbox 1629 2347 1693 2366; baseline 0 0"><span class='ocrx_word' id='word_1_451' title='bbox 1629 2348 1657 2366; x_wconf 84' lang='lat' dir='ltr'><strong>er</strong></span> <span class='ocrx_word' id='word_1_452' title='bbox 1677 2347 1693 2366; x_wconf 89' lang='grc' dir='ltr'>ο</span> 
     </span>
     <span class='ocr_line' id='line_1_78' title="bbox 1125 2348 1823 2414; baseline 0.001 -8"><span class='ocrx_word' id='word_1_453' title='bbox 1125 2384 1144 2396; x_wconf 90' lang='grc'>“</span> <span class='ocrx_word' id='word_1_454' title='bbox 1156 2383 1175 2406; x_wconf 86' lang='grc' dir='ltr'><strong>Ε</strong></span> <span class='ocrx_word' id='word_1_455' title='bbox 1187 2388 1282 2406; x_wconf 89' lang='lat' dir='ltr'><strong>somno</strong></span> <span class='ocrx_word' id='word_1_456' title='bbox 1290 2381 1376 2414; x_wconf 84' lang='lat' dir='ltr'><strong>pueris</strong></span> <span class='ocrx_word' id='word_1_457' title='bbox 1395 2388 1478 2413; x_wconf 88' lang='lat' dir='ltr'><strong>quom</strong></span> <span class='ocrx_word' id='word_1_458' title='bbox 1496 2387 1576 2407; x_wconf 82' lang='lat' dir='ltr'><strong>mane</strong></span> <span class='ocrx_word' id='word_1_459' title='bbox 1594 2348 1751 2414; x_wconf 49' lang='lat' dir='ltr'><strong>expeffgi’eus,</strong></span> <span class='ocrx_word' id='word_1_460' title='bbox 1768 2382 1823 2408; x_wconf 85' lang='lat' dir='ltr'><strong>cla·</strong></span> 
     </span>
     <span class='ocr_line' id='line_1_79' title="bbox 1218 2422 1326 2446; baseline 0 0"><span class='ocrx_word' id='word_1_461' title='bbox 1218 2424 1237 2436; x_wconf 90' lang='lat'>“</span> <span class='ocrx_word' id='word_1_462' title='bbox 1248 2422 1326 2446; x_wconf 85' lang='lat' dir='ltr'><strong>mo.&#39;&#39;</strong></span> 
     </span>
    </p>
   </div>
   <div class='ocr_carea' id='block_1_12' title="bbox 1094 2493 1826 2895">
    <p class='ocr_par' dir='ltr' id='par_1_22' title="bbox 1094 2493 1826 2895">
     <span class='ocr_line' id='line_1_80' title="bbox 1096 2493 1824 2534; baseline 0.001 -10"><span class='ocrx_word' id='word_1_463' title='bbox 1096 2493 1267 2531; x_wconf 73' lang='lat' dir='ltr'><strong>ArnobiuS,</strong></span> <span class='ocrx_word' id='word_1_464' title='bbox 1298 2493 1350 2524; x_wconf 89' lang='lat' dir='ltr'><strong>lib.</strong></span> <span class='ocrx_word' id='word_1_465' title='bbox 1385 2496 1483 2525; x_wconf 79' lang='lat'><strong>5.—“</strong></span> <span class='ocrx_word' id='word_1_466' title='bbox 1499 2495 1726 2534; x_wconf 68' lang='lat' dir='ltr'><strong>expergitosque</strong></span> <span class='ocrx_word' id='word_1_467' title='bbox 1754 2493 1824 2525; x_wconf 81' lang='lat' dir='ltr'><strong>illos</strong></span> 
     </span>
     <span class='ocr_line' id='line_1_81' title="bbox 1097 2543 1822 2586; baseline -0.001 -11"><span class='ocrx_word' id='word_1_468' title='bbox 1097 2548 1119 2563; x_wconf 88' lang='lat'>“</span> <span class='ocrx_word' id='word_1_469' title='bbox 1135 2545 1240 2576; x_wconf 84' lang='lat' dir='ltr'><strong>statim</strong></span> <span class='ocrx_word' id='word_1_470' title='bbox 1255 2544 1452 2585; x_wconf 84' lang='lat' dir='ltr'><strong>perdocuisse</strong></span> <span class='ocrx_word' id='word_1_471' title='bbox 1466 2544 1649 2586; x_wconf 86' lang='lat' dir='ltr'><strong>regem—.’&#39;</strong></span> <span class='ocrx_word' id='word_1_472' title='bbox 1693 2543 1822 2575; x_wconf 80' lang='lat' dir='ltr'><strong>Lambi-</strong></span> 
     </span>
     <span class='ocr_line' id='line_1_82' title="bbox 1096 2596 1824 2638; baseline -0.003 -12"><span class='ocrx_word' id='word_1_473' title='bbox 1096 2607 1165 2627; x_wconf 90' lang='lat' dir='ltr'><strong>nus.</strong></span> <span class='ocrx_word' id='word_1_474' title='bbox 1212 2597 1264 2626; x_wconf 92' lang='lat' dir='ltr'><strong>Sic</strong></span> <span class='ocrx_word' id='word_1_475' title='bbox 1279 2603 1386 2627; x_wconf 83' lang='lat' dir='ltr'><strong>autem</strong></span> <span class='ocrx_word' id='word_1_476' title='bbox 1402 2596 1624 2638; x_wconf 82' lang='lat' dir='ltr'><strong>corrigendum</strong></span> <span class='ocrx_word' id='word_1_477' title='bbox 1635 2601 1701 2626; x_wconf 69' lang='lat' dir='ltr'><strong>esse</strong></span> <span class='ocrx_word' id='word_1_478' title='bbox 1713 2599 1824 2634; x_wconf 86' lang='lat' dir='ltr'><strong>putem</strong></span> 
     </span>
     <span class='ocr_line' id='line_1_83' title="bbox 1095 2646 1824 2690; baseline -0.003 -11"><span class='ocrx_word' id='word_1_479' title='bbox 1095 2648 1211 2680; x_wconf 88' lang='lat' dir='ltr'><strong>Lucilii</strong></span> <span class='ocrx_word' id='word_1_480' title='bbox 1226 2649 1450 2690; x_wconf 82' lang='lat' dir='ltr'><strong>fragmentum.</strong></span> <span class='ocrx_word' id='word_1_481' title='bbox 1493 2648 1593 2687; x_wconf 91' lang='lat' dir='ltr'><strong>Libri,</strong></span> <span class='ocrx_word' id='word_1_482' title='bbox 1604 2657 1724 2688; x_wconf 63' lang='lat' dir='ltr'><strong>pnoeros.</strong></span> <span class='ocrx_word' id='word_1_483' title='bbox 1756 2646 1824 2677; x_wconf 85' lang='lat' dir='ltr'><strong>No·</strong></span> 
     </span>
     <span class='ocr_line' id='line_1_84' title="bbox 1095 2698 1823 2742; baseline -0.004 -11"><span class='ocrx_word' id='word_1_484' title='bbox 1095 2701 1178 2740; x_wconf 87' lang='lat' dir='ltr'><strong>nius,</strong></span> <span class='ocrx_word' id='word_1_485' title='bbox 1205 2702 1236 2732; x_wconf 91' lang='lat' dir='ltr'><strong>ii.</strong></span> <span class='ocrx_word' id='word_1_486' title='bbox 1254 2705 1325 2732; x_wconf 81' lang='lat'><strong>278.</strong></span> <span class='ocrx_word' id='word_1_487' title='bbox 1349 2705 1372 2720; x_wconf 84' lang='lat'><strong>⁴‘</strong></span> <span class='ocrx_word' id='word_1_488' title='bbox 1389 2703 1540 2742; x_wconf 70' lang='lat' dir='ltr'><strong>Erpergo,</strong></span> <span class='ocrx_word' id='word_1_489' title='bbox 1565 2709 1623 2740; x_wconf 87' lang='lat' dir='ltr'><strong>pro</strong></span> <span class='ocrx_word' id='word_1_490' title='bbox 1642 2698 1823 2740; x_wconf 76' lang='lat' dir='ltr'><strong>expergefa-</strong></span> 
     </span>
     <span class='ocr_line' id='line_1_85' title="bbox 1097 2749 1825 2792; baseline -0.005 -9"><span class='ocrx_word' id='word_1_491' title='bbox 1097 2755 1120 2772; x_wconf 86' lang='lat'><strong>“</strong></span> <span class='ocrx_word' id='word_1_492' title='bbox 1135 2752 1215 2783; x_wconf 89' lang='lat' dir='ltr'><strong>cio.&#39;&#39;</strong></span> <span class='ocrx_word' id='word_1_493' title='bbox 1261 2753 1354 2783; x_wconf 86' lang='lat' dir='ltr'><strong>Tunc</strong></span> <span class='ocrx_word' id='word_1_494' title='bbox 1377 2753 1506 2792; x_wconf 85' lang='lat' dir='ltr'><strong>apponit</strong></span> <span class='ocrx_word' id='word_1_495' title='bbox 1531 2749 1674 2790; x_wconf 77' lang='lat' dir='ltr'><strong>exempla</strong></span> <span class='ocrx_word' id='word_1_496' title='bbox 1696 2760 1734 2780; x_wconf 86' lang='lat' dir='ltr'><strong>ex</strong></span> <span class='ocrx_word' id='word_1_497' title='bbox 1762 2750 1825 2780; x_wconf 83' lang='lat' dir='ltr'><strong>Ac-</strong></span> 
     </span>
     <span class='ocr_line' id='line_1_86' title="bbox 1094 2801 1825 2844; baseline -0.005 -9"><span class='ocrx_word' id='word_1_498' title='bbox 1094 2804 1154 2841; x_wconf 86' lang='lat' dir='ltr'><strong>cio,</strong></span> <span class='ocrx_word' id='word_1_499' title='bbox 1170 2810 1202 2835; x_wconf 85' lang='lat' dir='ltr'><strong>et</strong></span> <span class='ocrx_word' id='word_1_500' title='bbox 1218 2804 1345 2842; x_wconf 44' lang='lat' dir='ltr'><strong>Santram</strong></span> <span class='ocrx_word' id='word_1_501' title='bbox 1362 2804 1394 2834; x_wconf 88' lang='lat' dir='ltr'><strong>in</strong></span> <span class='ocrx_word' id='word_1_502' title='bbox 1409 2813 1544 2844; x_wconf 88' lang='lat' dir='ltr'><strong>quorum</strong></span> <span class='ocrx_word' id='word_1_503' title='bbox 1559 2802 1740 2843; x_wconf 85' lang='lat' dir='ltr'><strong>posteriore,</strong></span> <span class='ocrx_word' id='word_1_504' title='bbox 1760 2801 1825 2832; x_wconf 84' lang='lat' dir='ltr'><strong>vice</strong></span> 
     </span>
     <span class='ocr_line' id='line_1_87' title="bbox 1094 2853 1826 2895; baseline -0.007 -7"><span class='ocrx_word' id='word_1_505' title='bbox 1094 2859 1170 2888; x_wconf 73' lang='lat' dir='ltr'><strong>erite</strong></span> <span class='ocrx_word' id='word_1_506' title='bbox 1191 2858 1283 2892; x_wconf 80' lang='lat' dir='ltr'><strong>vadit,</strong></span> <span class='ocrx_word' id='word_1_507' title='bbox 1308 2854 1526 2895; x_wconf 83' lang='lat' dir='ltr'><strong>reponendum</strong></span> <span class='ocrx_word' id='word_1_508' title='bbox 1548 2853 1689 2889; x_wconf 80' lang='lat' dir='ltr'><strong>arbitror,</strong></span> <span class='ocrx_word' id='word_1_509' title='bbox 1714 2854 1775 2884; x_wconf 67' lang='lat' dir='ltr'><strong>erit</strong></span> <span class='ocrx_word' id='word_1_510' title='bbox 1796 2857 1826 2883; x_wconf 79' lang='lat' dir='ltr'><strong>et</strong></span> 
     </span>
    </p>
   </div>
  </div>
 </body>
</html>
