1912 3292
449 182 681 272 LIBER
734 219 1086 269 TERTIUS.

159 361 297 416 Atque
316 358 493 399 animam
513 354 657 404 credit,
677 353 927 408 permixtam
946 366 1120 407 corpore
1139 359 1243 403 toto,

18 453 20 466 l

18 469 21 501 ἓ

161 434 399 488 Subscipere
417 430 529 471 hunc
548 437 724 479 motum,
750 442 872 485 quem
894 441 1056 468 sensum
1077 428 1368 471 nominitamus
1375 448 1389 480 ;

158 507 235 548 Vel
253 505 483 547 manifestas
503 519 567 545 res
587 514 747 554 contra,
768 516 980 558 verasque,
1002 511 1218 559 repugnat.

42 585 122 622 355
154 580 269 630 Quid
287 580 338 621 sit
358 580 470 621 enim
490 594 639 634 corpus
658 578 809 621 sentire
829 578 919 633 quis
939 576 1095 617 adferet
1114 592 1327 632 tunquam,

19 656 23 674 ι

19 685 23 719 3

157 655 200 696 Si
219 668 305 695 non
326 654 413 708 ipsa
431 653 567 708 palam
588 652 699 708 quod
719 667 783 693 res
803 651 932 701 dedit,
955 665 1002 692 ac
1022 650 1164 691 docuit
1182 651 1283 692 nos?

152 729 225 778 At,
247 726 411 769 dimissfi
431 726 584 777 anima,
611 741 758 782 corpus
779 733 890 767 caret
910 725 1094 780 undique
1114 739 1253 774 sensu3

19 778 23 807 ξ

153 801 296 844 Perdit
315 802 441 852 enim,
464 800 576 857 quod
597 815 682 842 non
702 800 919 856 proprium
938 799 1017 840 fuit
1036 799 1120 854 ejus
1140 799 1184 839 in
1204 814 1313 850 aevo3

153 876 370 932 Multaque
388 883 588 931 praeterea
606 874 759 930 perdit,
781 889 908 930 quom
928 873 1143 929 expellitur
1162 888 1265 914 aevo.

20 947 24 1024 ξ
41 956 120 992 360
207 950 360 992 Dicere
379 964 505 1005 porro
526 949 664 990 oculos
685 949 841 991 nullam
861 964 950 991 rem
970 957 1137 990 cernere
1157 963 1291 1004 posse,

0 1138 2 1144 Ι
20 1085 99 1137 licit.-
124 1115 212 1143 nam,
234 1110 311 1135 teste
326 1105 431 1142 Festo,
456 1108 480 1124 ‘⁶
494 1104 630 1146 refutare
652 1109 698 1135 est
716 1115 735 1135 a

0 1150 3 1159 ’
28 1157 182 1199 ‘sandes'
206 1156 290 1187 unde
303 1156 408 1198 fatus,
427 1156 518 1196 cujus
532 1156 621 1187 litera
635 1167 734 1196 more,

8 1227 10 1232 ν
27 1219 68 1240 uo
81 1209 169 1246 solet,
191 1210 226 1239 in
240 1208 421 1247 compositis
434 1215 587 1238 mutatur:
613 1208 683 1239 vide
698 1209 730 1241 ii.

22 1255 77 1314 ⁸66.
114 1262 201 1292 Usus
227 1274 265 1292 ere
284 1271 387 1292 recuso
403 1260 487 1300 apud
507 1261 651 1291 Persium
666 1271 730 1291 non

0 1328 5 1352 ι
22 1313 78 1376 pne
93 1313 222 1350 abludit,
240 1319 294 1343 sat.
310 1313 330 1343 i.
346 1316 396 1343 48.

38 1389 89 1414 Sed
99 1388 167 1414 recti
176 1389 324 1420 finemque,
335 1391 558 1420 extremumque,
569 1394 624 1413 esse
633 1395 719 1412 recuso

37 1428 126 1460 Euge!
146 1431 236 1458 tuum,
247 1430 275 1453 et
286 1426 374 1452 Belle!

0 1497 4 1503 '
27 1491 126 1522 -altem
139 1490 225 1522 locus
241 1489 486 1529 Prudentianus,
509 1500 604 1531 quem
625 1500 734 1521 sumus

81 1543 174 1580 oturi,
184 1542 431 1573 luculentissime
445 1547 586 1581 testatur,
603 1548 635 1572 et
648 1542 734 1573 locu.

39 1594 185 1634 etissime,
207 1594 372 1626 doctorum
394 1594 550 1625 inscitiam
573 1596 663 1636 (nam
685 1602 730 1625 te-

41 1646 182 1677 eritatem
210 1650 302 1687 atque
332 1645 495 1676 audaciam
519 1645 599 1676 nihil
629 1656 732 1677 mora-

70 2031 194 2062 oliastes
213 2031 254 2062 ad
275 2031 453 2067 Lucanum,
475 2031 585 2061 Phars.
603 2031 645 2061 ix.
663 2035 735 2061 215.

48 2084 125 2115 Non
151 2083 309 2123 deprecor:
346 2083 365 2114 i.
381 2094 406 2113 e.
433 2093 499 2113 non
523 2093 642 2121 recuso,
672 2094 737 2113 non

45 2135 171 2176 refluo?
214 2134 259 2165 Et
280 2133 443 2174 impendio
468 2140 662 2174 opportunus
691 2140 736 2165 est

48 2185 201 2226 ieronymi
212 2185 311 2224 locus,
337 2186 371 2216 in
385 2185 449 2216 vita
465 2186 596 2223 Malcffl,
618 2197 647 2226 p.
664 2188 736 2217 520.

117 2237 211 2268 Fabri
230 2237 330 2269 lexico
347 2237 510 2268 debemus:
537 2241 560 2257 “
576 2238 737 2269 Dominus

176 2289 305 2320 tradidit
333 2290 413 2320 mihi
439 2289 528 2320 illam
557 2300 737 2321 conservam

17 2353 19 2359 ⁴
49 2349 164 2378 meam,
194 2339 362 2382 aliquando
389 2341 556 2380 captivam:
594 2347 636 2379 et,
662 2352 736 2372 cum

49 2401 109 2432 ego
121 2391 297 2432 refutarem,
320 2392 516 2433 diceremque
535 2403 588 2423 me
605 2393 735 2424 Christi-

49 2443 224 2474 anum—.”
270 2444 326 2474 Sin
351 2445 455 2483 malis,
484 2445 621 2484 accipere
648 2452 736 2485 potes

80 2501 138 2533 tat,
156 2505 213 2534 pro
225 2497 289 2526 vult
303 2496 449 2537 reficiar-e,
471 2497 520 2527 vel
533 2497 731 2538 redarguere:

19 2562 21 2566 ι
46 2554 72 2575 e.
96 2547 120 2564 “
135 2550 247 2584 tentat,
269 2545 319 2575 vel
341 2545 394 2577 dat
419 2557 558 2586 operam,
583 2547 736 2587 refellere,

48 2597 210 2627 maneriis
224 2596 454 2628 affirmandis:”
478 2599 523 2629 sic
538 2599 622 2629 enim
637 2600 738 2631 solent

75 2648 84 2655 '
117 2648 125 2655 '
162 2648 170 2656 ”
208 2649 377 2689 scriptores.
422 2650 585 2690 Horatius,
622 2651 670 2683 od.
700 2652 733 2683 ii.

104 2778 174 2809 Non,
185 2779 207 2804 si
215 2780 333 2811 tricenis,
344 2783 480 2812 quotquot
491 2784 557 2806 eunt
566 2780 632 2812 dies,

105 2816 210 2848 Amice,
222 2819 306 2850 places
317 2819 537 2851 iuacrymabilem

162 2857 274 2884 Plutona
286 2860 410 2885 tauris—.

0 2914 15 2944 ἱ*
54 2926 91 2947 oc
105 2915 226 2952 dicendi
247 2932 359 2965 genere
380 2924 439 2964 ipsi
462 2925 637 2959 notavimus
652 2925 734 2958 Ara-

5 2977 11 2982 ‘
37 2987 39 3005 ι
58 2975 112 3008 Vo
119 2987 147 3010 1..
165 2977 213 3011 11.

777 1107 833 1136 bas
860 1105 894 1135 in
919 1104 1029 1144 primis
1052 1112 1242 1144 magnopere
1263 1102 1506 1135 delectari.—

778 1155 923 1187 Editores
938 1156 1090 1185 nimirum
1105 1161 1212 1185 contra
1226 1154 1321 1184 libros
1341 1164 1449 1186 omnes
1473 1169 1507 1187 το

778 1214 926 1239 renutant
938 1206 1141 1238 inculcavere.

817 1259 891 1288 Ver.
907 1261 979 1288 555.
1003 1259 1177 1296 Subscipere
1191 1259 1272 1288 hunc
1288 1263 1400 1287 motum
1408 1272 1419 1287 .·
1445 1258 1464 1288 i.
1476 1269 1502 1289 e.

776 1312 799 1327 “
815 1309 849 1338 in
876 1319 908 1338 se
930 1309 1066 1347 recipere
1089 1308 1310 1346 exercendum,
1339 1318 1375 1338 ac
1390 1307 1504 1339 defun-

780 1363 802 1379 “
818 1360 998 1401 gendum:‘’
1022 1366 1058 1390 ut
1072 1371 1183 1391 munus
1197 1363 1358 1400 suscipere.

793 1411 796 1413 ’
822 1411 896 1442 Ver.
911 1414 984 1442 554.
1005 1422 1167 1452 verasque.-
1195 1418 1237 1442 Π.
1254 1413 1424 1452 variasque.

821 1472 897 1503 Ver.
920 1474 992 1503 555.
1016 1471 1149 1513 adferet:
1176 1471 1274 1502 Vind.
1307 1473 1345 1508 Q„
1375 1479 1505 1510 asseret,-

778 1522 870 1553 male.
919 1523 1033 1553 Sensus
1062 1529 1119 1553 est:
1160 1526 1182 1541 “
1201 1523 1282 1559 Quis
1306 1523 1392 1554 enim
1418 1525 1508 1556 nobis

779 1579 802 1594 ‘⁶
818 1575 965 1615 proferet,
988 1575 1037 1605 vel
1051 1575 1137 1605 sistet
1152 1585 1268 1612 coram,
1291 1575 1340 1605 vel
1355 1575 1508 1614 ostendet,

779 1631 801 1647 “
816 1628 967 1669 quidnam
982 1628 1022 1658 sit
1036 1627 1124 1658 aliud
1140 1641 1173 1659 ero
1189 1638 1302 1668 corpus
1316 1629 1441 1666 sentire,
1459 1629 1510 1660 vel

779 1684 801 1699 “
817 1690 925 1710 sensus
956 1690 1133 1720 corporeus,
1164 1687 1274 1719 praeter
1302 1680 1394 1719 illud,
1423 1681 1510 1722 quod

778 1736 800 1751 “
817 1732 905 1762 nobis
917 1733 1040 1762 exhibet
1051 1732 1240 1771 experientia
1248 1731 1276 1763 ?”
1294 1732 1428 1772 Nempe,
1442 1743 1510 1764 non

778 1783 917 1821 aliunde,
943 1793 1039 1824 quarn
1061 1793 1099 1813 ex
1124 1782 1250 1821 affectu,
1277 1783 1367 1823 cujus
1392 1784 1510 1815 conscii

778 1844 898 1871 summ,
923 1833 1040 1864 discere
1064 1833 1214 1872 valemus,
1241 1833 1320 1874 quid
1342 1834 1382 1863 sit
1401 1844 1510 1865 sensus

781 1885 924 1924 corporis.
962 1885 1013 1915 Ex
1028 1884 1124 1924 ipsius
1139 1890 1247 1915 autem
1259 1883 1388 1923 Epicuri
1404 1891 1510 1917 mente

780 1936 847 1965 haec
867 1936 907 1966 ad
929 1947 1037 1966 seusus
1059 1935 1094 1965 fit
1108 1935 1300 1974 provocatio;
1322 1935 1366 1965 sic
1388 1946 1475 1965 emm
1490 1947 1510 1967 a

782 1987 929 2028 Diogene
943 1987 1070 2018 La'elrtio
1084 1988 1273 2026 accepimus,
1290 1997 1318 2017 x.
1333 1990 1385 2017 63.
1424 1993 1512 2019 Mem

781 2038 808 2070 δε
825 2053 937 2078 «ταυτα,
946 2038 983 2070 δει
998 2052 1109 2081 συνορᾳν
1124 2052 1183 2082 περι
1199 2053 1250 2073 της
1269 2040 1387 2080 ψυχῆς,
1403 2048 1510 2079 κναφε-

780 2105 863 2133 powroe
890 2105 935 2122 επι
956 2105 1010 2126 ταις
1031 2094 1168 2126 αισθησεις
1185 2105 1235 2122 και
1258 2105 1299 2121 τοι
1323 2093 1411 2125 παθη·
1435 2093 1510 2124 obera

780 2156 838 2184 γαρ
866 2144 882 2175 ἦ
919 2144 1098 2179 escam-arr„
1134 2155 1230 2176 maer-13
1266 2155 1355 2173 εσται.
1399 2144 1462 2174 Ὀτι
1492 2145 1509 2177 ἡ

781 2196 874 2234 ψυχη
889 2208 974 2235 empta
1001 2208 1060 2226 εστι
1085 2202 1270 2237 λεττομερες,
1295 2194 1360 2236 παρ’
1388 2195 1452 2225 ὅλον
1475 2209 1510 2226 τα

780 2249 916 2289 aspum-(aa
932 2259 1172 2290 παρεσπαρμενον,
1191 2254 1466 2288 προςεμφερεστιτον
1481 2247 1512 2280 δε

781 2311 936 2339 πνευματῶ
952 2301 1045 2342 Simus
1061 2313 1124 2330 Τίνα
1145 2312 1242 2342 κρᾶσίν
1262 2313 1372 2340 exov‘rt,
1399 2314 1449 2330 καΙ
1466 2313 1510 2333 πη

779 2365 830 2391 μεν
847 2365 926 2392 *νεα-ῳ
943 2360 1134 2394 προςεμφερες,
1162 2364 1203 2386 πη
1218 2351 1259 2391 δε,
1276 2365 1377 2392 ἐκεινῳ·
1405 2365 1465 2383 εστι
1481 2352 1510 2383 δε

779 2417 862 2435 κατα
877 2418 956 2448 μερος
973 2411 1088 2438 πολλὴν
1107 2411 1310 2447 παραλλαγην
1333 2411 1446 2444 ειλπφος
1471 2417 1510 2446 τῃ

779 2462 969 2499 λεττομερειᾳ
991 2470 1042 2487 και
1064 2470 1159 2487 αυτων
1182 2468 1287 2493 «reram,
1313 2457 1462 2495 συμπαθες
1480 2454 1509 2486 δε

780 2519 861 2547 ven-qe
896 2514 1014 2547 μαλλον
1051 2521 1101 2538 και
1137 2521 1178 2548 τῳ
1208 2514 1301 2547 λοι-τῳ
1330 2508 1510 2547 nepotum-n·

781 2570 853 2589 ‘retro
869 2562 921 2589 ΔΗ
937 2572 995 2590 παν
1010 2559 1042 2590 αἱ
1063 2558 1190 2599 δυναμεις
1219 2572 1270 2592 της
1295 2560 1402 2598 ψυχῆς
1426 2557 1511 2591 δῆλον

781 2610 918 2651 (notem),
934 2625 983 2642 και
999 2624 1040 2642 τι
1056 2614 1147 2649 wan,
1160 2624 1210 2641 και
1225 2610 1257 2640 αἱ
1274 2622 1435 2648 eumuna-tm,
1458 2624 1509 2641 και

779 2662 812 2692 αἱ
830 2661 989 2701 διανοησεις,
1020 2676 1069 2694 και
1096 2662 1131 2692 ὧν
1157 2673 1313 2703 στερεμεναι
1338 2662 1508 2701 θνησκομεν.

781 2713 833 2743 Sic
855 2719 961 2744 autem
977 2714 1064 2744 locus
1086 2714 1142 2744 iste
1168 2713 1319 2753 distingui
1343 2712 1445 2749 debet,
1471 2724 1510 2744 ac

780 2765 941 2803 constitui;
965 2776 1058 2806 quem
1083 2765 1154 2796 ideo
1170 2765 1324 2805 prolatare
1338 2764 1508 2804 voluimus,

780 2828 880 2858 quum
901 2828 1015 2858 susque
1029 2817 1130 2858 deque
1151 2817 1275 2848 habitus
1289 2823 1370 2848 esset
1391 2819 1425 2848 in
1439 2818 1509 2848 vul-

781 2870 909 2910 garibus
937 2869 1138 2908 editionibus,
1173 2876 1267 2911 atque
1299 2870 1508 2910 interpretum

780 2934 860 2965 gens
874 2924 1008 2956 rationes
1023 2924 1090 2966 ejus
1104 2923 1193 2956 nullo
1214 2923 1308 2956 modo
1323 2923 1363 2955 sit
1384 2933 1504 2955 assecu-

766 2983 795 3014 E
