1912 3292
468 215 699 262 LIBER
757 213 1108 271 TERTIUS.

1425 220 1516 261 125

175 345 272 395 Quo
291 345 404 401 quasi
422 358 486 384 res
505 343 661 397 possint
679 342 902 391 discedere,
924 342 1187 397 dissoluique;

175 420 243 461 Sic
263 420 324 460 uti
345 431 596 459 summarum
619 430 779 456 summa
797 424 857 456 est
877 425 1046 465 aeterna,
1069 431 1203 471 neque
1222 423 1341 456 extra

172 493 276 541 Quis
296 492 405 532 locus
425 498 500 539 est,
520 504 604 544 quo
624 488 859 545 diffugiant3
891 504 1024 544 neque
1044 504 1219 544 corpora
1238 496 1346 540 sunt,
1369 503 1462 545 quae

172 565 334 607 Possint
353 562 548 612 incidere,
571 571 611 603 et
630 562 761 603 valida
781 562 998 604 dissolvere
1017 563 1153 620 plaga:

57 643 139 678 820
169 639 228 679 At
247 652 393 693 neque,
416 638 500 677 utei
520 637 658 687 docui,
681 636 811 677 solido
831 652 925 678 cum
946 652 1119 692 corpore
1138 638 1286 678 mentis

171 711 331 752 Natura
351 720 424 760 est,
448 711 644 766 quoniam
665 711 896 753 admixtum
917 720 977 753 est
997 712 1042 752 in
1062 711 1183 752 rebus
1201 712 1341 752 inane:

169 785 258 826 Nec
279 793 416 825 tamen
437 794 495 825 est
515 793 561 825 ut
580 785 721 834 inane3
754 800 887 841 neque
908 794 1045 826 autem
1065 801 1239 841 corpora
1259 786 1420 836 desunt,

169 858 238 900 Ex
257 858 421 899 infinito
442 874 534 914 quae
554 860 712 914 possint
730 859 836 900 forte
856 868 998 901 coorta

167 932 371 974 Proruere
390 933 497 975 banc
517 935 664 975 mentis
686 934 862 976 violento
882 935 1046 976 turbine
1065 935 1230 986 molem,

54 1011 136 1048 8⁶25
168 1008 257 1048 Aut
277 1007 398 1048 aliam
418 1023 541 1063 quam
562 1009 622 1048 vis
642 1008 798 1049 cladem
818 1009 1028 1063 inportare
1046 1009 1200 1064 pericli:

167 1081 257 1122 Nec
277 1096 403 1137 porro
424 1091 571 1123 natura
590 1083 683 1133 loci,
706 1084 962 1139 spatiumque
981 1083 1194 1139 profundi,

166 1155 338 1206 Deficit,
361 1157 552 1213 exspargi
572 1171 654 1212 quo
673 1158 799 1212 possit
820 1158 878 1197 vis
898 1157 1066 1207 animai,

167 1229 257 1270 Aut
276 1229 353 1271 alia
374 1231 454 1286 qua
475 1231 533 1271 vis
553 1231 679 1285 possit
699 1231 739 1271 vi
757 1231 873 1286 pulsa
891 1230 1041 1285 perire:

66 1402 139 1432 Ver.
154 1403 226 1432 817.
250 1402 300 1432 Sic
314 1403 380 1431 uti:
405 1400 450 1430 ita
466 1401 502 1432 P.
523 1401 561 1432 V.
579 1401 626 1432 ed.
651 1403 688 1432 B.
711 1403 748 1434 L.

26 1453 74 1484 M.
91 1453 130 1483 Ο.
146 1459 181 1484 Δ.
198 1458 232 1484 Σ.
248 1451 353 1493 vulgo,
371 1454 421 1482 Sic
436 1459 486 1482 ut:
513 1453 583 1483 vide
598 1453 628 1483 ii.
645 1457 715 1484 556.

66 1503 140 1535 Ver.
156 1507 228 1534 818.
249 1503 415 1545 dzffugiant
426 1518 435 1534 :
461 1514 584 1544 nempe,
600 1505 650 1533 hae
665 1515 750 1534 sum-

25 1566 98 1594 mae,
120 1555 169 1585 vel
190 1556 250 1585 hoc
264 1555 458 1585 universnm:
487 1563 523 1586 Δ.
541 1562 581 1586 Π.
599 1561 633 1587 Σ.
656 1556 749 1597 diffit-

20 1609 101 1648 giat,
128 1613 164 1638 ut
188 1607 331 1647 vulgares
355 1607 446 1644 editi3
470 1607 523 1637 sed
545 1618 609 1638 non
635 1618 751 1638 caussae

25 1665 81 1697 est,
93 1658 132 1689 de
147 1658 209 1700 quii
223 1658 403 1689 melioribus
418 1658 506 1688 libris
520 1659 752 1690 obnitamur.—

23 1721 135 1751 neque:
162 1716 196 1741 Δ.
211 1721 275 1741 nec.

45 1796 53 1807 ι
66 1762 143 1792 Ver.
160 1765 231 1792 820.
263 1761 330 1791 Hic
344 1771 450 1791 versus
466 1767 495 1791 et
511 1771 610 1801 usque
632 1761 673 1791 ad
688 1771 749 1791 ver.

24 1815 96 1843 830.
118 1812 152 1842 in
171 1812 278 1851 priscis
292 1812 438 1842 omnibus
453 1812 681 1851 exemplaribus
696 1811 750 1841 de-

23 1863 210 1900 siderantur,
242 1862 376 1902 exceptis
414 1863 450 1893 P.
480 1863 517 1892 L.
549 1863 597 1892 M.
638 1863 752 1892 Scribae

25 1915 142 1946 scilicet
156 1914 314 1945 delicatuli
329 1924 394 1944 non
409 1914 551 1944 ferebant
565 1914 752 1944 Lucretium

25 1966 125 2005 capita
136 1966 275 2004 priorum
286 1972 546 2005 argumentorum
557 1965 600 1994 sic
611 1976 750 1995 summa-

22 2017 82 2048 n'm
110 2017 215 2047 denuo
242 2023 484 2056 percurrentem.
530 2016 592 2046 Sed
625 2017 751 2047 aurium

22 2074 198 2099 nostrarum
213 2079 322 2098 sensus
336 2068 442 2098 minus
456 2074 530 2098 sunt
544 2067 706 2103 fastidiosi,
720 2074 751 2098 et

22 2121 121 2160 po'e'tae
132 2121 233 2161 magis
241 2120 394 2150 miramur
402 2119 628 2151 consideratam
639 2121 750 2150 severi-

23 2177 120 2202 tatem
151 2172 386 2213 diligimusque,
423 2182 518 2212 quam
554 2171 751 2202 nimietatem

23 2233 213 2262 aversamur,
236 2234 292 2263 per
315 2230 382 2254 tam
396 2223 568 2254 dilucidam
583 2223 750 2254 ratiocina-

25 2275 146 2305 tionem
169 2275 351 2315 simpliciter
372 2281 512 2306 mentem
540 2285 631 2305 suam
657 2285 750 2315 expo-

9 2325 137 2356 (nentis.

69 2376 150 2407 Ibid.
173 2379 238 2408 utei
251 2379 358 2408 docui:
384 2377 525 2408 docendo
540 2378 648 2418 utique
663 2387 752 2407 men-

24 2432 91 2457 tem
105 2437 170 2458 esse
184 2439 368 2468 corpoream,
382 2439 443 2459 ver.
464 2432 533 2459 163.
549 2435 591 2467 et,
603 2428 636 2458 in
652 2428 753 2467 primo

29 2478 120 2517 libro,
132 2489 267 2510 vacuum
282 2481 389 2510 omnia
404 2490 571 2519 permeare.

73 2529 146 2560 Ver.
171 2533 242 2561 821.
265 2533 434 2562 admi-rcum
460 2538 504 2562 cst
531 2534 563 2561 in
587 2532 689 2562 rebus:
716 2531 751 2562 P.

26 2586 69 2613 est
84 2583 255 2612 admixtum
269 2584 372 2618 rebus,·
396 2588 526 2623 utraque
547 2582 648 2612 forma
662 2582 750 2612 locu-

23 2633 120 2663 tionis
133 2635 230 2672 proba
243 2639 300 2672 est,
311 2639 404 2674 atque
415 2633 488 2664 alibi
498 2633 644 2665 Lucretio
658 2643 750 2664 usur-

25 2689 106 2722 pata.

31 2758 35 2763 .
68 2734 141 2765 Ves.
164 2739 236 2766 822.
259 2737 328 2767 Nec
353 2742 473 2767 tamen:
511 2736 549 2766 P.
573 2738 619 2767 Re
638 2742 749 2767 tamen.

25 2785 118 2816 Etin
130 2797 190 2818 ver.
207 2791 280 2818 824.
307 2791 466 2825 Comere;
491 2788 597 2819 minus
611 2794 692 2828 apte,
715 2794 752 2818 ut

27 2835 159 2876 videtur,
181 2838 207 2868 si
221 2839 270 2869 vel
285 2840 360 2870 ferri
375 2840 484 2879 possit:
511 2850 586 2870 nam
608 2839 648 2870 de
662 2840 748 2870 testi-

26 2887 136 2919 monio
149 2889 291 2924 codicum
306 2892 344 2926 L.
361 2892 408 2926 M.
433 2892 468 2925 in
490 2893 550 2925 hoc
573 2902 663 2925 versu
686 2901 751 2924 non

793 1403 899 1444 liquet,
917 1410 948 1434 et
961 1402 1021 1434 loci
1036 1402 1070 1433 in
1085 1403 1203 1442 lexicis,
1227 1414 1265 1434 ex
1283 1403 1431 1443 Apuleio,
1446 1410 1520 1436 met.

795 1455 857 1485 viii.
879 1465 909 1494 p.
927 1458 998 1486 550.
1022 1454 1068 1485 ed.
1095 1455 1298 1495 Oudendorp.
1322 1455 1370 1485 vel
1391 1466 1420 1495 p.
1449 1459 1519 1487 158.

796 1507 919 1545 Pricaei,
936 1507 996 1537 alia
1010 1517 1135 1546 prorsus
1151 1514 1195 1537 est
1210 1508 1299 1544 ratio,
1322 1518 1357 1538 ac
1373 1507 1452 1537 nihil
1468 1507 1524 1538 ad-

791 1559 929 1598 jumenti
945 1559 1072 1589 confert.

837 1610 914 1640 Ver.
947 1613 1018 1641 825.
1051 1612 1167 1641 cladem
1193 1612 1324 1650 pericli:
1362 1609 1522 1649 dissolute,

795 1662 997 1692 orientalium
1026 1662 1211 1701 scriptorum
1242 1673 1340 1700 more,
1368 1673 1424 1701 pro
1449 1672 1524 1692 con-

791 1714 920 1754 junctis,
928 1715 1133 1753 periculosam
1145 1715 1271 1750 cladem,
1284 1724 1338 1744 seu
1346 1714 1524 1754 pestiferum

788 1767 951 1804 periclum.

836 1817 912 1848 Ver.
932 1819 1003 1848 827.
1027 1820 1176 1857 exspargi.
1200 1817 1366 1857 Virgilius,
1390 1818 1464 1847 AEn.
1480 1816 1523 1847 iii.

795 1872 866 1901 625.

1050 1951 1176 1982 sanieque
1184 1954 1306 1983 exsparsa
1317 1954 1442 1977 natarent

855 1991 979 2015 Limina:

795 2063 814 2096 i.
830 2074 855 2094 e.
877 2071 1031 2103 accurate,
1058 2066 1119 2096 late
1144 2076 1269 2105 ,φανείη
1299 2071 1340 2103 et,
1368 2075 1423 2104 per
1449 2074 1524 2095 con-

795 2116 1000 2156 sequentiam,
1032 2119 1054 2134 “
1070 2118 1200 2147 multum
1231 2117 1369 2156 sparsa‚’'
1392 2116 1525 2157 ideoque

795 2167 981 2208 madefacta,
996 2167 1040 2197 sic
1055 2167 1103 2197 uti
1121 2167 1245 2198 Servius
1260 2167 1410 2207 exposuit.
1441 2169 1525 2199 Tam

793 2228 866 2248 vero
881 2219 914 2248 in
932 2218 1078 2259 Virgilio,
1098 2229 1193 2260 quam
1208 2219 1242 2249 in
1250 2220 1410 2258 Lucretio,
1422 2225 1524 2251 vetus-

796 2270 909 2300 tiorem
925 2270 1109 2309 scripturam
1120 2270 1284 2301 recentiori
1296 2282 1432 2311 exspersa
1444 2282 1524 2310 prae-

796 2321 975 2360 ponendam
989 2328 1081 2360 puto;
1105 2332 1204 2362 quum
1219 2322 1427 2352 venerabilem
1443 2323 1524 2352 anti-

796 2374 923 2414 quitatis
948 2374 1128 2414 rubiginem
1161 2374 1295 2404 orationi
1324 2385 1388 2404 suae
1417 2384 1524 2413 super-

796 2424 956 2455 florescere
991 2431 1122 2466 uterque
1152 2425 1238 2455 haud
1267 2425 1362 2455 dubie
1391 2424 1524 2455 voluerit

796 2477 900 2515 po'eta:
927 2476 966 2506 de
988 2477 1049 2517 qua
1070 2487 1104 2507 re
1126 2487 1183 2507 nos
1204 2477 1275 2515 plus
1289 2476 1385 2507 semel
1399 2476 1524 2516 egimus

795 2527 830 2557 in
859 2528 1083 2567 superioribus;
1110 2529 1176 2567 sed,
1207 2539 1276 2568 quae
1307 2528 1462 2558 Heinsius
1487 2539 1524 2559 ac

795 2580 1000 2610 Burmannus
1015 2580 1063 2610 vel
1073 2580 1242 2620 objecerint
1255 2579 1302 2609 vel
1313 2579 1524 2612 dubitaverint

795 2631 835 2662 ad
851 2632 994 2662 Maronis
1008 2632 1126 2669 locum,
1153 2633 1234 2661 hanc
1248 2631 1452 2662 leviusculam
1467 2631 1523 2662 ad-

793 2683 999 2713 monitionem
1022 2684 1056 2713 in
1072 2684 1204 2714 transitu
1221 2682 1361 2724 flagitare
1375 2683 1522 2714 videban-

795 2742 856 2767 tur.

838 2788 914 2818 Ver.
930 2791 1001 2818 828.
1019 2790 1141 2828 pen-ire,-
1168 2789 1206 2819 P.
1222 2790 1320 2819 teneri
1323 2804 1335 2824 ,·
1359 2787 1442 2828 quod
1453 2797 1522 2818 ma-

795 2839 862 2877 lim,
893 2849 933 2869 ne
956 2849 1088 2880 sequens
1109 2839 1267 2870 conclusio
1289 2839 1384 2869 nimis
1405 2849 1520 2878 praeoc-

795 2898 905 2932 cupata
922 2891 1076 2925 videatur:
1101 2892 1121 2924 i.
1136 2902 1162 2924 e.
1185 2891 1346 2929 contineri,
1372 2890 1520 2923 detineri:
