1912 3292
320 233 414 276 392

824 226 886 275 T.
924 226 1303 277 LUCRETII

468 358 614 408 Balba,
635 357 747 414 loqui
765 373 852 400 non
871 359 982 415 quit?
1015 363 1198 416 τμυλιζει·
1230 367 1360 409 muta,
1381 359 1540 414 pudens
1559 370 1636 411 est3

468 432 527 473 At
545 432 739 489 flagrans,
760 432 917 484 odiosa,
939 433 1166 490 loquacula,
1193 433 1394 484 Λαμπαδιοι
1414 433 1475 474 fit:

322 588 421 629 liquet
435 597 473 618 ex
490 588 639 628 Apuleio,
655 595 729 620 met.
750 590 783 620 ii.
801 600 830 629 p.
846 592 966 620 88.—-“
982 601 1053 620 ocu-

328 642 351 658 “
366 641 401 675 li,
424 641 510 670 caesii
533 639 672 680 quidem,
696 642 747 671 sed
770 640 960 680 vigiles—:'’
986 641 1005 669 i.
1028 651 1054 670 e.

326 692 440 722 virtute
455 691 593 732 quadam
615 691 727 721 vitium
749 691 828 721 illud
849 701 1052 730 compensan-

324 747 378 773 tes.
425 742 498 771 Non
515 741 657 771 dissentit
673 741 814 772 Suetonii
832 741 1054 778 testimonium,

324 794 364 824 de
387 794 524 830 Nerone,
557 803 622 832 cap.
650 792 757 823 li.—“
773 795 870 824 oculis
894 795 1001 828 caesiis,
1024 800 1056 824 et

326 848 349 863 “
366 843 651 874 hebetioribus—.’'

327 895 446 925 Heaut.
463 904 490 924 v.
505 897 534 925 5.
552 897 601 925 18.

711 844 779 875 Nec
817 844 1054 881 Terentianum,

613 967 750 993 Rufamne
766 968 837 993 illam
849 968 995 1001 virginem,

355 1007 471 1038 oesiam,
480 1014 570 1040 sparso
581 1015 640 1039 ore,
651 1008 758 1033 adunco
769 1011 848 1034 naso?

328 1078 482 1110 Consulas
504 1078 548 1109 ibi
574 1079 752 1117 Donatum,
782 1085 874 1120 atque
902 1079 1054 1117 editorem

327 1135 360 1160 et
373 1129 413 1160 ad
434 1129 552 1170 Hecyr.
566 1129 609 1160 iii.
626 1134 654 1160 4.
670 1133 721 1161 26.
745 1129 830 1160 haud
845 1129 948 1161 aliena
969 1140 1055 1161 com-

327 1187 517 1212 mentantae:

357 1256 481 1287 Magnus,
492 1255 665 1285 rubicundus,
675 1255 786 1288 crispus,
796 1262 906 1286 crassus,
918 1256 1017 1286 caesius,

357 1295 527 1321 cadaverosi
542 1295 620 1321 facie.

372 1366 453 1397 Ibid.
479 1366 670 1397 Παλλαδιονε
696 1366 715 1396 i.
738 1377 764 1396 e.
788 1366 946 1398 dulcicula
970 1377 1055 1408 quae·

326 1417 401 1450 dam
416 1424 508 1458 atque
523 1418 672 1448 tenellula
687 1426 863 1458 φλαυκωνιις
880 1422 980 1452 Alma.

370 1471 453 1502 Ibid.
475 1483 597 1503 nervosa
613 1478 642 1502 et
655 1473 776 1511 lignea.-
802 1472 821 1502 i.
837 1483 863 1502 e.
885 1475 906 1490 “
922 1472 966 1502 ita
981 1472 1056 1512 rigi·

328 1526 352 1542 “
367 1522 417 1553 dis
432 1523 666 1563 constrictisque
688 1523 799 1560 nervis,
823 1523 866 1553 ita
885 1523 965 1553 duro
987 1523 1057 1552 stri-

330 1578 354 1594 “
369 1585 508 1616 gosoque
537 1584 676 1614 corpore,
712 1586 748 1606 ac
781 1575 805 1605 si
835 1577 946 1615 ligneis
975 1575 1059 1606 fibris

331 1630 355 1645 “
372 1626 655 1666 compingeretur.”
696 1626 770 1656 Non
785 1626 888 1656 aliena
902 1632 948 1656 est
963 1627 1054 1664 phra-

331 1678 374 1708 sis
386 1677 546 1715 Pliniana,
559 1682 621 1707 nat.
634 1677 704 1707 hist.
719 1677 778 1707 xvi.
792 1680 912 1707 64.-“
928 1677 981 1707 ubi
996 1679 1054 1717 lig-

330 1733 353 1747 “
368 1731 486 1760 nosiore
514 1727 594 1758 callo
623 1728 838 1759 induruit—2³
883 1728 1057 1759 Lambinus

329 1780 419 1811 docte
448 1785 540 1820 atque
574 1778 733 1820 eleganter
764 1778 871 1809 innuit
899 1779 1058 1810 Theocriti

330 1830 530 1869 versiculum,
546 1830 631 1870 idyll.
646 1841 675 1860 x.
696 1834 742 1861 18.

370 1911 478 1941 Mam-13
497 1919 539 1936 τοι
555 1919 610 1936 ταν
622 1919 714 1937 wara
729 1907 875 1947 χροὶξεται
897 1909 917 1935 ἆ
935 1910 1054 1936 KAAA·

506 1964 620 1995 MA1A5

334 2033 354 2063 i.
371 2043 397 2063 e.
420 2032 522 2074 rigida
536 2038 567 2062 et
582 2041 703 2068 exsuca,
727 2031 772 2062 uti
786 2035 909 2072 stipula,
929 2032 976 2063 vel
993 2043 1059 2062 are·

331 2085 434 2116 factus
448 2084 584 2114 culmus:
611 2083 695 2124 quod
709 2084 858 2114 Lucretio
872 2090 916 2113 est
938 2084 1060 2123 apposi-

332 2136 497 2166 tissimum.
543 2134 644 2164 Haud
672 2134 820 2165 aliorsum
845 2140 960 2174 spectat
988 2145 1058 2173 pro-

332 2188 460 2218 bissima
475 2185 645 2217 scholiastis
659 2186 821 2225 expositio:
849 2188 915 2217 ww'
935 2200 1018 2223 scm,
1043 2188 1059 2219 ἡ

334 2252 433 2278 saxum,
459 2251 508 2268 zm
535 2244 646 2275 λεπτῇ,
673 2251 723 2268 και
748 2245 958 2279 μακροσκελος,
985 2250 1058 2277 συγ-

334 2293 536 2330 κοιμηρησενται
552 2302 600 2319 σοι.
646 2288 764 2319 Versus
779 2288 915 2319 vividam
939 2302 1059 2331 επαργει-

333 2356 379 2379 αν,
399 2340 498 2381 ejecto
514 2339 597 2370 male
611 2339 752 2376 articulo,
777 2339 957 2371 Brunckius
971 2340 1060 2371 nobis

333 2391 516 2423 obliteravit.
561 2390 668 2428 Porro,
703 2390 798 2421 Vind.
835 2392 927 2422 habet
955 2403 1059 2423 nervo-

334 2456 413 2475 rum.

380 2498 463 2530 Ibid.
487 2502 617 2540 Aopxag:
643 2499 662 2528 i.
685 2509 710 2529 e.
733 2500 838 2536 doma,
862 2498 910 2529 vel
930 2509 1058 2539 caprea5

336 2549 397 2586 cui,
424 2555 532 2589 utpote
557 2549 597 2580 ad
623 2549 747 2589 rapidos
771 2560 880 2580 cursus
903 2560 922 2580 a
951 2549 1063 2580 natura

336 2608 534 2641 comparatae‚
559 2601 680 2642 rigidus
705 2612 872 2632 nervorum
898 2604 981 2643 vigor
1006 2608 1064 2640 est,

334 2659 366 2684 et
379 2656 513 2684 ariditas
528 2654 743 2684 membrorum
757 2653 932 2685 macilenta.
960 2653 1065 2684 Adeas

333 2710 439 2734 autem
464 2710 536 2735 actt.
563 2711 674 2744 apostt.
707 2705 750 2736 ix.
775 2709 826 2737 36.
849 2715 890 2736 ne
914 2704 1005 2744 plura
1029 2704 1063 2734 in

333 2753 489 2784 tantillam
504 2765 570 2786 rem
586 2754 820 2796 investigemus.

376 2804 451 2834 Ver.
471 2808 562 2837 1155.
590 2808 740 2845 pumilio:
772 2806 811 2836 V.
841 2806 890 2837 ed.
915 2807 1060 2847 pumillo;

334 2865 435 2895 neque
457 2854 543 2885 aliud
559 2862 650 2887 estre
665 2856 738 2887 vera
758 2871 792 2888 ero
814 2859 925 2898 pinillo
948 2856 1063 2888 codicis

333 2913 544 2949 IL—Xapa‘rasv
557 2922 629 2948 pua:
656 2908 764 2950 vulgo,
790 2916 919 2950 Χαριτων
935 2922 982 2940 m:
1008 2907 1062 2939 sed

1058 2970 1079 2998 5

1098 599 1186 628 nobis
1214 599 1426 629 abundantius
1455 599 1560 630 favent
1597 599 1823 639 exemplarium

1097 656 1235 679 veterum
1251 650 1418 688 scripturae.
1461 651 1499 681 P.
1520 653 1710 688 charitonio;
1734 652 1824 690 inep-

1099 707 1140 736 ta,
1156 706 1187 730 et
1202 700 1304 739 inepte
1321 700 1381 730 Pio
1399 700 1538 739 defensa,
1561 712 1634 733 vox:
1661 701 1759 732 Vind.
1776 702 1825 732 M.

1102 752 1141 781 Ο.
1157 753 1378 788 οΙιανίιοηιηία;
1395 752 1479 792 quod
1495 752 1597 792 ipsum
1609 759 1751 784 nostrum
1765 758 1824 784 est:

1099 803 1135 832 L.
1152 807 1187 833 Σ.
1210 804 1349 833 chariton
1365 805 1445 838 mia‚·
1473 803 1598 834 diserte:
1625 805 1663 835 B.
1680 811 1724 835 Ω.
1751 805 1826 834 cha-

1098 855 1253 889 ritonnia.·
1277 853 1468 884 lineamento
1485 854 1634 895 singulari
1657 855 1753 885 literae
1769 854 1826 884 de—

1099 904 1375 935 ficiente—Porro
1397 906 1595 936 scribendum
1611 916 1676 937 esse
1697 906 1827 945 insuper

1098 955 1285 993 existimem,
1297 958 1436 995 pomilio;
1464 956 1504 986 ad
1520 957 1740 998 antiquiorem,
1763 957 1826 987 nisi

1099 1006 1198 1044 fallar,
1222 1007 1482 1048 orthographiam.
1529 1007 1580 1037 Sic
1601 1013 1684 1037 certe
1706 1007 1824 1048 glossa-

1098 1065 1147 1089 tor
1161 1064 1261 1088 vetus:
1289 1062 1312 1077 ‘⁸
1330 1060 1525 1097 Pammenes,
1541 1058 1747 1090 mum—tota
1762 1060 1822 1090 sal.-

1100 1115 1135 1141 Δ.
1150 1116 1229 1141 torta
1241 1112 1321 1150 psol.

1143 1170 1224 1200 Ibid.
1249 1172 1379 1201 Parvola
1391 1172 1540 1210 pumilio:
1566 1170 1585 1200 i.
1601 1180 1628 1200 e.
1647 1170 1829 1209 parvissima

1099 1223 1243 1252 omnium
1249 1235 1259 1260 3
1284 1226 1306 1242 ‘⁴
1321 1222 1400 1252 adeo
1415 1233 1518 1262 parva,
1544 1228 1581 1252 ut
1597 1222 1638 1252 sit
1657 1223 1752 1254 etiam
1766 1233 1826 1262 pu-

1100 1277 1122 1292 “
1139 1274 1235 1310 milio,
1254 1284 1327 1304 cum
1345 1274 1466 1305 Charisi
1480 1273 1708 1313 comparatur.”
1742 1273 1830 1304 Nam

1101 1336 1189 1356 voces
1199 1327 1256 1356 has
1271 1326 1500 1367 conjunximus,
1516 1324 1639 1356 sublata
1652 1325 1828 1356 diStinctio-

1099 1387 1140 1407 ne
1154 1383 1225 1416 post
1242 1379 1385 1412 Parvola,
1414 1382 1521 1407 contra
1546 1377 1667 1407 factum
1688 1376 1829 1416 priorum

1099 1429 1264 1460 editorum.
1310 1429 1378 1458 Nec
1395 1429 1494 1459 Faber
1509 1428 1605 1458 etiam
1619 1438 1687 1458 rem
1701 1437 1766 1458 non
1780 1427 1828 1458 vi-

1100 1479 1154 1509 dit.
1199 1479 1372 1516 Nimirum,
1398 1481 1530 1518 pumilio
1552 1477 1829 1519 blandiloquentu-

1101 1530 1205 1560 lorum
1233 1529 1419 1560 vocabulum
1450 1540 1513 1559 non
1539 1535 1613 1560 erat.
1659 1529 1748 1560 Hinc
1772 1539 1830 1569 pro

1101 1582 1316 1613 consimilibus
1331 1583 1524 1612 habebantur
1538 1582 1587 1612 vel
1598 1593 1692 1622 prave
1707 1583 1828 1624 consor-

1101 1635 1179 1664 mati
1203 1639 1234 1663 et
1259 1632 1456 1672 pumiliones.
1502 1632 1680 1668 Suetonius,
1707 1633 1740 1663 in
1757 1634 1830 1664 Au-

1101 1690 1182 1724 gust.
1208 1693 1273 1722 cap.
1295 1683 1413 1713 lxxxiii.
1437 1686 1459 1701 “
1477 1682 1562 1713 Nam
1579 1685 1712 1723 pumilos
1735 1690 1830 1724 atque

1103 1738 1125 1753 “
1140 1736 1291 1772 distortos,
1315 1740 1346 1764 et
1367 1743 1476 1764 omnes
1490 1733 1612 1774 generis
1631 1733 1830 1774 ejusdem,—

1103 1788 1125 1804 “
1140 1785 1352 1816 abhorrebat.''
1398 1785 1564 1824 Apuleius,
1579 1790 1653 1816 met.
1668 1796 1695 1816 ν.
1709 1796 1739 1825 p.
1753 1789 1827 1817 558.

1103 1841 1125 1857 “
1142 1838 1188 1868 At
1203 1847 1262 1878 ego
1277 1837 1402 1875 misera,
1425 1838 1564 1876 primum
1579 1843 1666 1877 patre
1687 1847 1760 1868 meo
1778 1847 1827 1868 se-

1102 1893 1125 1908 “
1141 1889 1262 1919 niorem
1277 1889 1426 1919 maritum
1447 1889 1554 1919 sortita
1575 1899 1662 1927 sum;
1685 1888 1759 1920 dein
1773 1899 1831 1920 cu.

1104 1945 1126 1960 “
1142 1941 1262 1972 cui-bita
1277 1940 1456 1978 calviorem,
1480 1946 1511 1971 et
1525 1939 1634 1981 quovis
1647 1949 1746 1980 puero
1764 1951 1829 1980 pu-

1105 1996 1127 2011 “
1144 1991 1363 2023 mz'liorern-.''
1407 1992 1471 2022 His
1507 1999 1614 2021 autem
1645 1990 1830 2022 monstrosis

1104 2050 1224 2074 naturae
1260 2043 1405 2074 ludibriis
1435 2043 1573 2073 Romani
1609 2047 1737 2080 veteres,
1774 2052 1832 2082 per

1104 2094 1260 2135 quendam
1276 2099 1498 2133 praeposterum
1520 2093 1679 2131 affectum,
1701 2103 1766 2124 non
1781 2099 1829 2123 ta-

1103 2156 1177 2175 men
1206 2144 1364 2175 dulcedini
1393 2145 1546 2174 Venereae
1575 2143 1714 2182 affinem,
1743 2143 1827 2185 quod

1103 2196 1176 2226 satis
1198 2196 1305 2236 liquet,
1328 2195 1458 2225 mirifice
1479 2195 1724 2226 delectabantur:
1758 2194 1830 2225 vide

1106 2248 1232 2278 Sueton.
1256 2247 1318 2277 viii.
1339 2251 1369 2277 4.
1393 2247 1531 2287 Longin.
1559 2246 1598 2276 de
1621 2246 1745 2277 sublim.
1771 2247 1831 2277 sub

1104 2298 1155 2328 fin.
1183 2299 1223 2328 A.
1250 2297 1331 2328 Gell.
1356 2298 1396 2327 ix.
1424 2301 1452 2327 4.
1474 2297 1526 2327 fin.
1550 2297 1664 2328 Euseb.
1686 2297 1721 2327 in
1741 2297 1828 2328 Stob.

1103 2359 1194 2379 serm.
1209 2349 1269 2378 eth.
1286 2352 1315 2379 4.
1337 2355 1368 2378 et
1383 2354 1522 2378 nostram
1537 2348 1610 2379 Silv.
1627 2348 1704 2380 Crit.
1723 2349 1757 2378 in
1772 2347 1827 2378 ad-

1104 2399 1217 2430 dendis
1231 2406 1306 2430 tom.
1321 2399 1360 2430 iv.
1376 2409 1446 2440 quae
1461 2399 1535 2429 satis
1548 2409 1658 2430 eorum
1673 2398 1830 2430 inscitiam

1105 2452 1264 2490 refellunt,
1280 2452 1313 2482 in
1328 2451 1411 2482 dicto
1427 2451 1571 2482 Suetonii
1586 2451 1736 2490 loco,-—“
1753 2460 1832 2490 puer

1107 2510 1129 2525 “
1145 2507 1330 2543 coccinatus
1342 2518 1436 2547 parvo
1449 2512 1688 2547 portentosoque
1697 2504 1834 2545 capite;”

1101 2570 1197 2599 pravo
1220 2559 1384 2589 rescribere
1405 2557 1587 2589 volentium.
1633 2558 1686 2588 Ab
1699 2558 1758 2587 hac
1773 2567 1831 2587 au-

1107 2616 1170 2640 tem
1186 2609 1379 2649 pumilorum
1394 2609 1645 2640 adamandorum
1665 2613 1832 2639 consuetu·

1107 2661 1180 2692 dine
1195 2661 1286 2692 debet
1305 2671 1451 2692 emanare
1465 2659 1647 2691 Terentiani
1662 2658 1766 2689 versus
1780 2658 1830 2688 in-

1108 2714 1294 2754 terpretatio,
1311 2713 1351 2744 ad
1366 2713 1452 2745 And.
1467 2713 1487 2744 i.
1503 2716 1532 2744 5.
1550 2715 1597 2743 15.

1137 2807 1240 2840 Aliquid
1251 2807 1355 2832 memmi
1367 2807 1454 2833 alunt:
1472 2813 1503 2832 ea
1519 2805 1647 2838 quoniam
1665 2803 1767 2830 nemini
1783 2803 1831 2829 ob-

1261 2855 1334 2880 trudi
1345 2858 1445 2887 potest,

1137 2904 1194 2928 Itur
1205 2903 1239 2928 ad
1250 2909 1367 2928 me—.
