<?xml version="1.0" encoding="UTF-8"?>
<!DOCTYPE html PUBLIC "-//W3C//DTD XHTML 1.0 Transitional//EN"
    "http://www.w3.org/TR/xhtml1/DTD/xhtml1-transitional.dtd">
<html xmlns="http://www.w3.org/1999/xhtml" xml:lang="en" lang="en">
 <head>
  <title>
</title>
<meta http-equiv="Content-Type" content="text/html;charset=utf-8" />
  <meta name='ocr-system' content='tesseract 3.04.00' />
  <meta name='ocr-capabilities' content='ocr_page ocr_carea ocr_par ocr_line ocrx_word'/>
</head>
<body>
  <div class='ocr_page' id='page_1' title='image "./tlucretiicarider02lucruoft_0248.png"; bbox 0 0 1912 3292; ppageno 0'>
   <div class='ocr_carea' id='block_1_1' title="bbox 315 203 410 246">
    <p class='ocr_par' dir='ltr' id='par_1_1' title="bbox 315 203 410 246">
     <span class='ocr_line' id='line_1_1' title="bbox 315 203 410 246; baseline -0.021 0"><span class='ocrx_word' id='word_1_1' title='bbox 315 203 410 246; x_wconf 87' lang='lat'>190</span> 
     </span>
    </p>
   </div>
   <div class='ocr_carea' id='block_1_2' title="bbox 825 194 1314 244">
    <p class='ocr_par' dir='ltr' id='par_1_2' title="bbox 825 194 1314 244">
     <span class='ocr_line' id='line_1_2' title="bbox 825 194 1314 244; baseline -0.002 -1"><span class='ocrx_word' id='word_1_2' title='bbox 825 195 884 243; x_wconf 90' lang='lat' dir='ltr'>T.</span> <span class='ocrx_word' id='word_1_3' title='bbox 937 194 1314 244; x_wconf 90' lang='lat' dir='ltr'>LUCRETII</span> 
     </span>
    </p>
   </div>
   <div class='ocr_carea' id='block_1_3' title="bbox 318 326 1611 457">
    <p class='ocr_par' dir='ltr' id='par_1_3' title="bbox 318 326 1611 457">
     <span class='ocr_line' id='line_1_3' title="bbox 318 326 1509 384; baseline -0.001 -17"><span class='ocrx_word' id='word_1_4' title='bbox 318 331 425 368; x_wconf 88' lang='grc'>1065</span> <span class='ocrx_word' id='word_1_5' title='bbox 458 327 613 384; x_wconf 86' lang='lat' dir='ltr'><strong>Atque,</strong></span> <span class='ocrx_word' id='word_1_6' title='bbox 635 327 774 369; x_wconf 84' lang='lat' dir='ltr'>animo</span> <span class='ocrx_word' id='word_1_7' title='bbox 793 327 950 370; x_wconf 89' lang='lat' dir='ltr'>incerto</span> <span class='ocrx_word' id='word_1_8' title='bbox 969 327 1149 377; x_wconf 84' lang='lat' dir='ltr'>fluitans,</span> <span class='ocrx_word' id='word_1_9' title='bbox 1170 341 1309 368; x_wconf 82' lang='lat' dir='ltr'>errore</span> <span class='ocrx_word' id='word_1_10' title='bbox 1329 326 1509 383; x_wconf 74' lang='lat' dir='ltr'>vagaris?</span> 
     </span>
     <span class='ocr_line' id='line_1_4' title="bbox 517 399 1611 457; baseline -0.003 -14"><span class='ocrx_word' id='word_1_11' title='bbox 517 402 561 444; x_wconf 92' lang='lat' dir='ltr'>Si</span> <span class='ocrx_word' id='word_1_12' title='bbox 581 409 748 457; x_wconf 88' lang='lat' dir='ltr'>possent</span> <span class='ocrx_word' id='word_1_13' title='bbox 766 401 968 453; x_wconf 89' lang='lat' dir='ltr'>homines,</span> <span class='ocrx_word' id='word_1_14' title='bbox 991 401 1166 457; x_wconf 88' lang='lat' dir='ltr'><strong>proinde</strong></span> <span class='ocrx_word' id='word_1_15' title='bbox 1185 415 1232 443; x_wconf 88' lang='lat' dir='ltr'>ac</span> <span class='ocrx_word' id='word_1_16' title='bbox 1253 400 1401 442; x_wconf 85' lang='lat' dir='ltr'>sentire</span> <span class='ocrx_word' id='word_1_17' title='bbox 1421 399 1611 441; x_wconf 86' lang='lat' dir='ltr'>videntur</span> 
     </span>
    </p>
   </div>
   <div class='ocr_carea' id='block_1_4' title="bbox 313 558 1043 797">
    <p class='ocr_par' dir='ltr' id='par_1_4' title="bbox 313 558 1042 754">
     <span class='ocr_line' id='line_1_5' title="bbox 315 558 1036 598; baseline -0.003 -8"><span class='ocrx_word' id='word_1_18' title='bbox 315 569 404 590; x_wconf 85' lang='lat' dir='ltr'>scura</span> <span class='ocrx_word' id='word_1_19' title='bbox 420 558 508 589; x_wconf 79' lang='lat' dir='ltr'>fiunt.</span> <span class='ocrx_word' id='word_1_20' title='bbox 554 564 585 589; x_wconf 82' lang='grc' dir='ltr'>Τι</span> <span class='ocrx_word' id='word_1_21' title='bbox 611 572 626 591; x_wconf 83' lang='lat' dir='ltr'>n</span> <span class='ocrx_word' id='word_1_22' title='bbox 654 558 739 588; x_wconf 91' lang='lat' dir='ltr'>idem</span> <span class='ocrx_word' id='word_1_23' title='bbox 764 564 810 589; x_wconf 82' lang='lat' dir='ltr'>est</span> <span class='ocrx_word' id='word_1_24' title='bbox 833 564 925 598; x_wconf 72' lang='lat' dir='ltr'>atque</span> <span class='ocrx_word' id='word_1_25' title='bbox 953 573 969 591; x_wconf 81' lang='grc' dir='ltr'><strong><em>η</em></strong></span> <span class='ocrx_word' id='word_1_26' title='bbox 991 571 1036 592; x_wconf 75' lang='lat' dir='ltr'>en,-</span> 
     </span>
     <span class='ocr_line' id='line_1_6' title="bbox 313 608 1040 651; baseline -0.006 -9"><span class='ocrx_word' id='word_1_27' title='bbox 313 611 415 651; x_wconf 78' lang='lat' dir='ltr'>quid?</span> <span class='ocrx_word' id='word_1_28' title='bbox 438 609 499 651; x_wconf 62' lang='lat' dir='ltr'>qua*</span> <span class='ocrx_word' id='word_1_29' title='bbox 514 611 551 640; x_wconf 85' lang='lat' dir='ltr'>de</span> <span class='ocrx_word' id='word_1_30' title='bbox 567 608 698 641; x_wconf 66' lang='lat' dir='ltr'>caussa?</span> <span class='ocrx_word' id='word_1_31' title='bbox 723 610 777 640; x_wconf 89' lang='lat' dir='ltr'>ubi</span> <span class='ocrx_word' id='word_1_32' title='bbox 794 624 810 642; x_wconf 78' lang='grc' dir='ltr'><em>η</em></span> <span class='ocrx_word' id='word_1_33' title='bbox 826 609 928 639; x_wconf 87' lang='lat' dir='ltr'>officio</span> <span class='ocrx_word' id='word_1_34' title='bbox 945 609 1040 638; x_wconf 81' lang='lat' dir='ltr'>inter-</span> 
     </span>
     <span class='ocr_line' id='line_1_7' title="bbox 314 660 1042 704; baseline -0.004 -11"><span class='ocrx_word' id='word_1_35' title='bbox 314 662 446 704; x_wconf 83' lang='lat' dir='ltr'>rogandi</span> <span class='ocrx_word' id='word_1_36' title='bbox 460 662 618 702; x_wconf 84' lang='lat' dir='ltr'>fungitur;</span> <span class='ocrx_word' id='word_1_37' title='bbox 641 667 672 691; x_wconf 86' lang='lat' dir='ltr'>et</span> <span class='ocrx_word' id='word_1_38' title='bbox 693 661 889 700; x_wconf 83' lang='lat' dir='ltr'>transpositio</span> <span class='ocrx_word' id='word_1_39' title='bbox 910 660 1042 691; x_wconf 81' lang='lat' dir='ltr'>necessi·</span> 
     </span>
     <span class='ocr_line' id='line_1_8' title="bbox 316 712 645 754; baseline -0.012 -8"><span class='ocrx_word' id='word_1_40' title='bbox 316 715 373 746; x_wconf 79' lang='lat' dir='ltr'>tati</span> <span class='ocrx_word' id='word_1_41' title='bbox 388 715 486 754; x_wconf 73' lang='lat' dir='ltr'>poiitae</span> <span class='ocrx_word' id='word_1_42' title='bbox 501 712 645 744; x_wconf 85' lang='lat' dir='ltr'>consulit.</span> 
     </span>
    </p>

    <p class='ocr_par' dir='ltr' id='par_1_5' title="bbox 360 762 1043 797">
     <span class='ocr_line' id='line_1_9' title="bbox 360 762 1043 797; baseline -0.004 -2"><span class='ocrx_word' id='word_1_43' title='bbox 360 764 442 795; x_wconf 88' lang='lat' dir='ltr'>Ibid.</span> <span class='ocrx_word' id='word_1_44' title='bbox 463 765 616 794; x_wconf 78' lang='lat' dir='ltr'><em>dubitabis</em></span> <span class='ocrx_word' id='word_1_45' title='bbox 641 763 744 792; x_wconf 80' lang='lat' dir='ltr'>obire?</span> <span class='ocrx_word' id='word_1_46' title='bbox 775 762 876 797; x_wconf 85' lang='lat' dir='ltr'>Maro,</span> <span class='ocrx_word' id='word_1_47' title='bbox 903 763 978 792; x_wconf 80' lang='lat' dir='ltr'>AEn.</span> <span class='ocrx_word' id='word_1_48' title='bbox 1005 762 1043 792; x_wconf 89' lang='lat' dir='ltr'>vi.</span> 
     </span>
    </p>
   </div>
   <div class='ocr_carea' id='block_1_5' title="bbox 317 819 1043 890">
    <p class='ocr_par' dir='ltr' id='par_1_6' title="bbox 317 819 1043 890">
     <span class='ocr_line' id='line_1_10' title="bbox 317 819 391 847; baseline -0.014 0"><span class='ocrx_word' id='word_1_49' title='bbox 317 819 391 847; x_wconf 90' lang='lat'><strong>807.</strong></span> 
     </span>
     <span class='ocr_line' id='line_1_11' title="bbox 341 863 1043 890; baseline -0.001 0"><span class='ocrx_word' id='word_1_50' title='bbox 341 867 374 890; x_wconf 77' lang='lat' dir='ltr'>Et</span> <span class='ocrx_word' id='word_1_51' title='bbox 385 864 531 889; x_wconf 76' lang='lat' dir='ltr'><em>dubitamus</em></span> <span class='ocrx_word' id='word_1_52' title='bbox 541 863 631 888; x_wconf 79' lang='lat' dir='ltr'>adhuc</span> <span class='ocrx_word' id='word_1_53' title='bbox 642 863 775 889; x_wconf 82' lang='lat' dir='ltr'>virtutem</span> <span class='ocrx_word' id='word_1_54' title='bbox 790 864 941 890; x_wconf 81' lang='lat' dir='ltr'>extendere</span> <span class='ocrx_word' id='word_1_55' title='bbox 951 863 1043 889; x_wconf 78' lang='lat' dir='ltr'>factis?</span> 
     </span>
    </p>
   </div>
   <div class='ocr_carea' id='block_1_6' title="bbox 317 903 1054 1721">
    <p class='ocr_par' dir='ltr' id='par_1_7' title="bbox 319 903 861 946">
     <span class='ocr_line' id='line_1_12' title="bbox 319 903 861 946; baseline 0 -10"><span class='ocrx_word' id='word_1_56' title='bbox 319 906 425 946; x_wconf 86' lang='lat' dir='ltr'><strong>Atque</strong></span> <span class='ocrx_word' id='word_1_57' title='bbox 443 904 588 935; x_wconf 84' lang='lat' dir='ltr'>similiter</span> <span class='ocrx_word' id='word_1_58' title='bbox 603 903 642 934; x_wconf 85' lang='lat' dir='ltr'>ad</span> <span class='ocrx_word' id='word_1_59' title='bbox 657 914 725 944; x_wconf 89' lang='lat' dir='ltr'>geo.</span> <span class='ocrx_word' id='word_1_60' title='bbox 740 904 773 935; x_wconf 91' lang='lat' dir='ltr'>ii.</span> <span class='ocrx_word' id='word_1_61' title='bbox 789 908 861 936; x_wconf 80' lang='lat'><strong>453.</strong></span> 
     </span>
    </p>

    <p class='ocr_par' dir='ltr' id='par_1_8' title="bbox 317 956 1053 1660">
     <span class='ocr_line' id='line_1_13' title="bbox 360 956 1045 988; baseline 0.001 -2"><span class='ocrx_word' id='word_1_62' title='bbox 360 956 435 986; x_wconf 89' lang='lat' dir='ltr'>Ver.</span> <span class='ocrx_word' id='word_1_63' title='bbox 454 959 545 987; x_wconf 88' lang='lat'><strong>1059.</strong></span> <span class='ocrx_word' id='word_1_64' title='bbox 569 956 695 986; x_wconf 77' lang='lat' dir='ltr'>Mortua</span> <span class='ocrx_word' id='word_1_65' title='bbox 711 957 774 986; x_wconf 78' lang='lat' dir='ltr'>vita</span> <span class='ocrx_word' id='word_1_66' title='bbox 788 962 830 986; x_wconf 82' lang='lat' dir='ltr'>est</span> <span class='ocrx_word' id='word_1_67' title='bbox 846 958 929 987; x_wconf 82' lang='lat' dir='ltr'>vivo:</span> <span class='ocrx_word' id='word_1_68' title='bbox 953 962 991 987; x_wconf 81' lang='lat' dir='ltr'>ut</span> <span class='ocrx_word' id='word_1_69' title='bbox 1014 957 1045 988; x_wconf 91' lang='lat' dir='ltr'>S.</span> 
     </span>
     <span class='ocr_line' id='line_1_14' title="bbox 318 1006 1046 1046; baseline -0.001 -7"><span class='ocrx_word' id='word_1_70' title='bbox 318 1007 452 1046; x_wconf 84' lang='lat' dir='ltr'>Paulus,</span> <span class='ocrx_word' id='word_1_71' title='bbox 477 1010 490 1037; x_wconf 92' lang='lat'><strong>1</strong></span> <span class='ocrx_word' id='word_1_72' title='bbox 519 1006 604 1038; x_wconf 90' lang='lat' dir='ltr'>Tim.</span> <span class='ocrx_word' id='word_1_73' title='bbox 628 1017 655 1037; x_wconf 84' lang='lat' dir='ltr'><strong>v.</strong></span> <span class='ocrx_word' id='word_1_74' title='bbox 678 1011 709 1038; x_wconf 83' lang='lat'><strong>6.</strong></span> <span class='ocrx_word' id='word_1_75' title='bbox 734 1007 773 1038; x_wconf 92' lang='lat' dir='ltr'>de</span> <span class='ocrx_word' id='word_1_76' title='bbox 795 1007 974 1039; x_wconf 81' lang='lat' dir='ltr'><strong>lasciviente</strong></span> <span class='ocrx_word' id='word_1_77' title='bbox 999 1008 1046 1038; x_wconf 78' lang='lat' dir='ltr'>vi-</span> 
     </span>
     <span class='ocr_line' id='line_1_15' title="bbox 319 1059 1048 1099; baseline 0.003 -9"><span class='ocrx_word' id='word_1_78' title='bbox 319 1059 394 1091; x_wconf 56' lang='lat' dir='ltr'>dua:</span> <span class='ocrx_word' id='word_1_79' title='bbox 424 1061 441 1093; x_wconf 72' lang='grc' dir='ltr'>ἦ</span> <span class='ocrx_word' id='word_1_80' title='bbox 456 1059 496 1098; x_wconf 75' lang='grc' dir='ltr'>δε,</span> <span class='ocrx_word' id='word_1_81' title='bbox 513 1066 717 1097; x_wconf 63' lang='lat' dir='ltr'>offae-amca,</span> <span class='ocrx_word' id='word_1_82' title='bbox 741 1060 821 1099; x_wconf 63' lang='grc' dir='ltr'><strong><em>ζουσα</em></strong></span> <span class='ocrx_word' id='word_1_83' title='bbox 842 1063 973 1094; x_wconf 58' lang='lat' dir='ltr'>namne:</span> <span class='ocrx_word' id='word_1_84' title='bbox 992 1061 1048 1092; x_wconf 77' lang='lat' dir='ltr'>ubi</span> 
     </span>
     <span class='ocr_line' id='line_1_16' title="bbox 317 1111 1048 1151; baseline 0.003 -9"><span class='ocrx_word' id='word_1_85' title='bbox 317 1111 409 1151; x_wconf 79' lang='lat' dir='ltr'>plura</span> <span class='ocrx_word' id='word_1_86' title='bbox 423 1111 457 1142; x_wconf 89' lang='lat' dir='ltr'>in</span> <span class='ocrx_word' id='word_1_87' title='bbox 471 1112 553 1142; x_wconf 85' lang='lat' dir='ltr'>hanc</span> <span class='ocrx_word' id='word_1_88' title='bbox 567 1111 756 1142; x_wconf 84' lang='lat' dir='ltr'>sententiam</span> <span class='ocrx_word' id='word_1_89' title='bbox 767 1112 962 1143; x_wconf 82' lang='lat' dir='ltr'>Wetstenius</span> <span class='ocrx_word' id='word_1_90' title='bbox 972 1123 1048 1144; x_wconf 88' lang='lat' dir='ltr'>con-</span> 
     </span>
     <span class='ocr_line' id='line_1_17' title="bbox 318 1162 1046 1203; baseline 0.005 -11"><span class='ocrx_word' id='word_1_91' title='bbox 318 1162 422 1203; x_wconf 80' lang='lat' dir='ltr'>gessit,</span> <span class='ocrx_word' id='word_1_92' title='bbox 460 1162 602 1192; x_wconf 83' lang='lat' dir='ltr'>Lucretii</span> <span class='ocrx_word' id='word_1_93' title='bbox 632 1168 738 1194; x_wconf 81' lang='lat' dir='ltr'>tamen</span> <span class='ocrx_word' id='word_1_94' title='bbox 770 1163 890 1194; x_wconf 86' lang='lat' dir='ltr'>interea</span> <span class='ocrx_word' id='word_1_95' title='bbox 921 1164 1046 1196; x_wconf 67' lang='lat' dir='ltr'>oblitus</span> 
     </span>
     <span class='ocr_line' id='line_1_18' title="bbox 321 1212 1048 1249; baseline 0.003 -4"><span class='ocrx_word' id='word_1_96' title='bbox 321 1213 445 1245; x_wconf 81' lang='lat' dir='ltr'><strong>Pariter</strong></span> <span class='ocrx_word' id='word_1_97' title='bbox 459 1212 617 1249; x_wconf 69' lang='lat' dir='ltr'>Julianus,</span> <span class='ocrx_word' id='word_1_98' title='bbox 632 1213 673 1244; x_wconf 82' lang='lat' dir='ltr'>ad</span> <span class='ocrx_word' id='word_1_99' title='bbox 688 1214 785 1245; x_wconf 90' lang='lat' dir='ltr'>finem</span> <span class='ocrx_word' id='word_1_100' title='bbox 800 1221 878 1246; x_wconf 87' lang='lat' dir='ltr'>orat.</span> <span class='ocrx_word' id='word_1_101' title='bbox 894 1216 933 1246; x_wconf 86' lang='lat' dir='ltr'>vi.</span> <span class='ocrx_word' id='word_1_102' title='bbox 949 1216 1048 1248; x_wconf 83' lang='lat' dir='ltr'>obiter</span> 
     </span>
     <span class='ocr_line' id='line_1_19' title="bbox 321 1264 1048 1308; baseline 0.007 -13"><span class='ocrx_word' id='word_1_103' title='bbox 321 1264 551 1297; x_wconf 82' lang='lat' dir='ltr'>emendandus:</span> <span class='ocrx_word' id='word_1_104' title='bbox 579 1267 658 1296; x_wconf 82' lang='grc' dir='ltr'>Αλλ’</span> <span class='ocrx_word' id='word_1_105' title='bbox 674 1278 711 1297; x_wconf 69' lang='grc' dir='ltr'>εκ</span> <span class='ocrx_word' id='word_1_106' title='bbox 736 1279 795 1298; x_wconf 72' lang='grc' dir='ltr'>εστι</span> <span class='ocrx_word' id='word_1_107' title='bbox 811 1280 852 1299; x_wconf 75' lang='grc' dir='ltr'>σοι</span> <span class='ocrx_word' id='word_1_108' title='bbox 869 1280 963 1300; x_wconf 65' lang='lat' dir='ltr'>‘rann</span> <span class='ocrx_word' id='word_1_109' title='bbox 979 1272 1048 1308; x_wconf 73' lang='grc' dir='ltr'><strong><em>εθιν,</em></strong></span> 
     </span>
     <span class='ocr_line' id='line_1_20' title="bbox 321 1316 1051 1357; baseline 0.005 -9"><span class='ocrx_word' id='word_1_110' title='bbox 321 1318 358 1352; x_wconf 69' lang='grc' dir='ltr'>ὣς</span> <span class='ocrx_word' id='word_1_111' title='bbox 375 1316 531 1357; x_wconf 57' lang='lat' dir='ltr'>amazona,</span> <span class='ocrx_word' id='word_1_112' title='bbox 555 1322 808 1350; x_wconf 75' lang='grc' dir='ltr'>ΣΠοτΔΑιΩΝ</span> <span class='ocrx_word' id='word_1_113' title='bbox 834 1322 924 1352; x_wconf 64' lang='lat' dir='ltr'>meu·</span> <span class='ocrx_word' id='word_1_114' title='bbox 949 1328 1051 1352; x_wconf 69' lang='lat' dir='ltr'>mm</span> 
     </span>
     <span class='ocr_line' id='line_1_21' title="bbox 322 1371 1050 1413; baseline 0.007 -11"><span class='ocrx_word' id='word_1_115' title='bbox 322 1385 359 1412; x_wconf 69' lang='grc' dir='ltr'>’γε</span> <span class='ocrx_word' id='word_1_116' title='bbox 375 1385 424 1403; x_wconf 70' lang='grc' dir='ltr'>και</span> <span class='ocrx_word' id='word_1_117' title='bbox 439 1371 486 1403; x_wconf 68' lang='lat' dir='ltr'>Bu·</span> <span class='ocrx_word' id='word_1_118' title='bbox 502 1385 643 1412; x_wconf 69' lang='lat' dir='ltr'>»yvvmzem</span> <span class='ocrx_word' id='word_1_119' title='bbox 653 1375 758 1404; x_wconf 71' lang='grc' dir='ltr'>αθλιων</span> <span class='ocrx_word' id='word_1_120' title='bbox 769 1375 968 1413; x_wconf 68' lang='grc' dir='ltr'>τεθαυμακας,</span> <span class='ocrx_word' id='word_1_121' title='bbox 983 1381 1050 1407; x_wconf 78' lang='grc' dir='ltr'>ΚΑΙ</span> 
     </span>
     <span class='ocr_line' id='line_1_22' title="bbox 323 1424 1049 1466; baseline 0.004 -13"><span class='ocrx_word' id='word_1_122' title='bbox 323 1428 516 1459; x_wconf 78' lang='grc' dir='ltr'><strong>ΦΑΎΛΩΝ,</strong></span> <span class='ocrx_word' id='word_1_123' title='bbox 554 1435 641 1465; x_wconf 75' lang='grc' dir='ltr'><strong><em>νεκρω</em></strong></span> <span class='ocrx_word' id='word_1_124' title='bbox 669 1427 735 1460; x_wconf 74' lang='grc' dir='ltr'><strong>βων.</strong></span> <span class='ocrx_word' id='word_1_125' title='bbox 790 1424 898 1466; x_wconf 85' lang='lat' dir='ltr'>Vulgo</span> <span class='ocrx_word' id='word_1_126' title='bbox 926 1425 1049 1466; x_wconf 83' lang='lat' dir='ltr'>legitur,</span> 
     </span>
     <span class='ocr_line' id='line_1_23' title="bbox 323 1473 1050 1515; baseline 0.006 -10"><span class='ocrx_word' id='word_1_127' title='bbox 323 1473 460 1506; x_wconf 68' lang='lat' dir='ltr'>caeuBoem</span> <span class='ocrx_word' id='word_1_128' title='bbox 489 1480 521 1505; x_wconf 87' lang='lat' dir='ltr'>et</span> <span class='ocrx_word' id='word_1_129' title='bbox 550 1482 651 1515; x_wconf 71' lang='grc' dir='ltr'><strong><em>φιλων,</em></strong></span> <span class='ocrx_word' id='word_1_130' title='bbox 681 1475 796 1506; x_wconf 84' lang='lat' dir='ltr'>omisso</span> <span class='ocrx_word' id='word_1_131' title='bbox 825 1490 883 1507; x_wconf 72' lang='grc' dir='ltr'><strong>και.</strong></span> <span class='ocrx_word' id='word_1_132' title='bbox 929 1478 1050 1515; x_wconf 86' lang='lat' dir='ltr'>Cicero,</span> 
     </span>
     <span class='ocr_line' id='line_1_24' title="bbox 325 1525 1053 1568; baseline 0.007 -13"><span class='ocrx_word' id='word_1_133' title='bbox 325 1535 426 1556; x_wconf 88' lang='lat' dir='ltr'>somn.</span> <span class='ocrx_word' id='word_1_134' title='bbox 445 1525 528 1564; x_wconf 88' lang='lat' dir='ltr'>Scip.</span> <span class='ocrx_word' id='word_1_135' title='bbox 545 1529 574 1555; x_wconf 82' lang='grc'><strong>5.</strong></span> <span class='ocrx_word' id='word_1_136' title='bbox 595 1529 617 1544; x_wconf 85' lang='grc'>“</span> <span class='ocrx_word' id='word_1_137' title='bbox 628 1526 742 1556; x_wconf 87' lang='lat' dir='ltr'>Vestra</span> <span class='ocrx_word' id='word_1_138' title='bbox 757 1537 838 1563; x_wconf 84' lang='lat' dir='ltr'>vero,</span> <span class='ocrx_word' id='word_1_139' title='bbox 854 1538 925 1568; x_wconf 84' lang='lat' dir='ltr'>quae</span> <span class='ocrx_word' id='word_1_140' title='bbox 939 1528 1053 1560; x_wconf 83' lang='lat' dir='ltr'>dicitur</span> 
     </span>
     <span class='ocr_line' id='line_1_25' title="bbox 325 1578 1053 1620; baseline 0.005 -12"><span class='ocrx_word' id='word_1_141' title='bbox 325 1580 350 1596; x_wconf 86' lang='lat'><strong>“</strong></span> <span class='ocrx_word' id='word_1_142' title='bbox 364 1579 438 1613; x_wconf 77' lang='lat' dir='ltr'>vita,</span> <span class='ocrx_word' id='word_1_143' title='bbox 452 1589 532 1609; x_wconf 80' lang='lat' dir='ltr'>mors</span> <span class='ocrx_word' id='word_1_144' title='bbox 547 1578 622 1608; x_wconf 85' lang='lat' dir='ltr'>est.&#39;¹</span> <span class='ocrx_word' id='word_1_145' title='bbox 660 1579 946 1620; x_wconf 82' lang='lat' dir='ltr'>Conserasinsuper</span> <span class='ocrx_word' id='word_1_146' title='bbox 962 1581 1053 1612; x_wconf 90' lang='lat' dir='ltr'>illum</span> 
     </span>
     <span class='ocr_line' id='line_1_26' title="bbox 327 1628 567 1660; baseline 0 -1"><span class='ocrx_word' id='word_1_147' title='bbox 327 1628 368 1660; x_wconf 89' lang='lat' dir='ltr'>de</span> <span class='ocrx_word' id='word_1_148' title='bbox 382 1635 498 1659; x_wconf 81' lang='lat' dir='ltr'>senect.</span> <span class='ocrx_word' id='word_1_149' title='bbox 516 1633 567 1660; x_wconf 84' lang='lat'><strong>23.</strong></span> 
     </span>
    </p>

    <p class='ocr_par' dir='ltr' id='par_1_9' title="bbox 370 1681 1054 1721">
     <span class='ocr_line' id='line_1_27' title="bbox 370 1681 1054 1721; baseline 0.007 -10"><span class='ocrx_word' id='word_1_150' title='bbox 370 1681 452 1712; x_wconf 91' lang='lat' dir='ltr'>Ibid.</span> <span class='ocrx_word' id='word_1_151' title='bbox 473 1684 537 1712; x_wconf 80' lang='lat' dir='ltr'>vivo</span> <span class='ocrx_word' id='word_1_152' title='bbox 552 1687 644 1721; x_wconf 76' lang='lat' dir='ltr'>atque</span> <span class='ocrx_word' id='word_1_153' title='bbox 659 1683 782 1712; x_wconf 72' lang='lat' dir='ltr'>videnti.</span> <span class='ocrx_word' id='word_1_154' title='bbox 822 1683 902 1713; x_wconf 87' lang='lat' dir='ltr'>Haec</span> <span class='ocrx_word' id='word_1_155' title='bbox 917 1684 1054 1716; x_wconf 84' lang='lat' dir='ltr'>formula</span> 
     </span>
    </p>
   </div>
   <div class='ocr_carea' id='block_1_7' title="bbox 327 1732 1052 1813">
    <p class='ocr_par' dir='ltr' id='par_1_10' title="bbox 327 1732 1052 1813">
     <span class='ocr_line' id='line_1_28' title="bbox 327 1732 1052 1771; baseline 0.008 -9"><span class='ocrx_word' id='word_1_156' title='bbox 327 1742 366 1763; x_wconf 83' lang='lat' dir='ltr'>ex</span> <span class='ocrx_word' id='word_1_157' title='bbox 381 1732 521 1766; x_wconf 81' lang='lat' dir='ltr'>fontibus</span> <span class='ocrx_word' id='word_1_158' title='bbox 542 1733 712 1764; x_wconf 78' lang='lat' dir='ltr'>Homereis</span> <span class='ocrx_word' id='word_1_159' title='bbox 732 1734 869 1771; x_wconf 82' lang='lat' dir='ltr'>scaturit,</span> <span class='ocrx_word' id='word_1_160' title='bbox 896 1735 930 1766; x_wconf 88' lang='lat' dir='ltr'>in</span> <span class='ocrx_word' id='word_1_161' title='bbox 955 1737 994 1767; x_wconf 82' lang='lat' dir='ltr'>Il.</span> <span class='ocrx_word' id='word_1_162' title='bbox 1019 1744 1052 1768; x_wconf 79' lang='grc' dir='ltr'><strong>Α.</strong></span> 
     </span>
     <span class='ocr_line' id='line_1_29' title="bbox 332 1786 383 1813; baseline 0 0"><span class='ocrx_word' id='word_1_163' title='bbox 332 1786 383 1813; x_wconf 90' lang='grc'>88.</span> 
     </span>
    </p>
   </div>
   <div class='ocr_carea' id='block_1_8' title="bbox 367 1857 485 1867">
    <p class='ocr_par' dir='ltr' id='par_1_11' title="bbox 367 1857 485 1867">
     <span class='ocr_line' id='line_1_30' title="bbox 367 1857 485 1867; baseline 0 0"><span class='ocrx_word' id='word_1_164' title='bbox 367 1857 485 1867; x_wconf 95' lang='lat' dir='ltr'> </span> 
     </span>
    </p>
   </div>
   <div class='ocr_carea' id='block_1_9' title="bbox 485 1847 1061 1924">
    <p class='ocr_par' dir='ltr' id='par_1_12' title="bbox 485 1847 1061 1924">
     <span class='ocr_line' id='line_1_31' title="bbox 495 1847 1061 1883; baseline 0.012 -12"><span class='ocrx_word' id='word_1_165' title='bbox 495 1855 552 1879; x_wconf 75' lang='grc' dir='ltr'>εμευ</span> <span class='ocrx_word' id='word_1_166' title='bbox 561 1847 722 1878; x_wconf 79' lang='grc' dir='ltr'><strong>ΖΩΝΤΟΣ,</strong></span> <span class='ocrx_word' id='word_1_167' title='bbox 733 1858 780 1874; x_wconf 68' lang='grc' dir='ltr'>και</span> <span class='ocrx_word' id='word_1_168' title='bbox 797 1857 833 1874; x_wconf 71' lang='lat' dir='ltr'>em</span> <span class='ocrx_word' id='word_1_169' title='bbox 844 1849 924 1883; x_wconf 60' lang='grc' dir='ltr'><strong><em>χθονι</em></strong></span> <span class='ocrx_word' id='word_1_170' title='bbox 936 1849 1061 1878; x_wconf 81' lang='lat' dir='ltr'>AEPKO·</span> 
     </span>
     <span class='ocr_line' id='line_1_32' title="bbox 485 1898 668 1924; baseline 0.011 -2"><span class='ocrx_word' id='word_1_171' title='bbox 485 1898 668 1924; x_wconf 77' lang='lat' dir='ltr'><strong>MEN010—:</strong></span> 
     </span>
    </p>
   </div>
   <div class='ocr_carea' id='block_1_10' title="bbox 331 1947 833 1981">
    <p class='ocr_par' dir='ltr' id='par_1_13' title="bbox 331 1947 833 1981">
     <span class='ocr_line' id='line_1_33' title="bbox 331 1947 833 1981; baseline 0.006 -3"><span class='ocrx_word' id='word_1_172' title='bbox 331 1947 380 1979; x_wconf 81' lang='lat' dir='ltr'>vel</span> <span class='ocrx_word' id='word_1_173' title='bbox 394 1948 428 1978; x_wconf 90' lang='lat' dir='ltr'>in</span> <span class='ocrx_word' id='word_1_174' title='bbox 445 1948 555 1979; x_wconf 83' lang='lat' dir='ltr'>eodem</span> <span class='ocrx_word' id='word_1_175' title='bbox 570 1949 610 1979; x_wconf 86' lang='lat' dir='ltr'>ad</span> <span class='ocrx_word' id='word_1_176' title='bbox 627 1949 688 1980; x_wconf 88' lang='lat' dir='ltr'>Od.</span> <span class='ocrx_word' id='word_1_177' title='bbox 706 1953 743 1980; x_wconf 90' lang='grc' dir='ltr'>Δ.</span> <span class='ocrx_word' id='word_1_178' title='bbox 760 1953 833 1981; x_wconf 83' lang='grc'><strong>540.</strong></span> 
     </span>
    </p>
   </div>
   <div class='ocr_carea' id='block_1_11' title="bbox 408 2022 602 2032">
    <p class='ocr_par' dir='ltr' id='par_1_14' title="bbox 408 2022 602 2032">
     <span class='ocr_line' id='line_1_34' title="bbox 408 2022 602 2032; baseline 0 0"><span class='ocrx_word' id='word_1_179' title='bbox 408 2022 602 2032; x_wconf 95' lang='lat' dir='ltr'> </span> 
     </span>
    </p>
   </div>
   <div class='ocr_carea' id='block_1_12' title="bbox 612 2011 995 2047">
    <p class='ocr_par' dir='ltr' id='par_1_15' title="bbox 612 2011 995 2047">
     <span class='ocr_line' id='line_1_35' title="bbox 612 2011 995 2047; baseline 0 -6"><span class='ocrx_word' id='word_1_180' title='bbox 612 2011 684 2042; x_wconf 58' lang='grc' dir='ltr'>ζων,</span> <span class='ocrx_word' id='word_1_181' title='bbox 696 2021 743 2038; x_wconf 66' lang='lat'>2²⁴</span> <span class='ocrx_word' id='word_1_182' title='bbox 753 2011 812 2047; x_wconf 71' lang='lat' dir='ltr'>‹ipqw</span> <span class='ocrx_word' id='word_1_183' title='bbox 822 2020 883 2045; x_wconf 69' lang='grc' dir='ltr'><strong><em>φοιος</em></strong></span> <span class='ocrx_word' id='word_1_184' title='bbox 894 2019 978 2042; x_wconf 57' lang='lat' dir='ltr'>amoto</span> <span class='ocrx_word' id='word_1_185' title='bbox 986 2031 995 2047; x_wconf 79' lang='lat'><strong>.-</strong></span> 
     </span>
    </p>
   </div>
   <div class='ocr_carea' id='block_1_13' title="bbox 332 2063 980 2106">
    <p class='ocr_par' dir='ltr' id='par_1_16' title="bbox 332 2063 980 2106">
     <span class='ocr_line' id='line_1_36' title="bbox 332 2063 980 2106; baseline 0.012 -15"><span class='ocrx_word' id='word_1_186' title='bbox 332 2071 427 2103; x_wconf 84' lang='lat' dir='ltr'>quem</span> <span class='ocrx_word' id='word_1_187' title='bbox 443 2063 563 2102; x_wconf 83' lang='lat' dir='ltr'>excepit</span> <span class='ocrx_word' id='word_1_188' title='bbox 580 2063 756 2104; x_wconf 84' lang='lat' dir='ltr'>AEschylus,</span> <span class='ocrx_word' id='word_1_189' title='bbox 773 2065 888 2106; x_wconf 89' lang='lat' dir='ltr'>Agam.</span> <span class='ocrx_word' id='word_1_190' title='bbox 904 2070 980 2099; x_wconf 79' lang='lat'><strong>686.</strong></span> 
     </span>
    </p>
   </div>
   <div class='ocr_carea' id='block_1_14' title="bbox 410 2147 566 2157">
    <p class='ocr_par' dir='ltr' id='par_1_17' title="bbox 410 2147 566 2157">
     <span class='ocr_line' id='line_1_37' title="bbox 410 2147 566 2157; baseline 0 0"><span class='ocrx_word' id='word_1_191' title='bbox 410 2147 566 2157; x_wconf 95' lang='lat' dir='ltr'> </span> 
     </span>
    </p>
   </div>
   <div class='ocr_carea' id='block_1_15' title="bbox 411 2137 860 2215">
    <p class='ocr_par' dir='ltr' id='par_1_18' title="bbox 411 2137 860 2215">
     <span class='ocr_line' id='line_1_38' title="bbox 576 2137 860 2173; baseline 0.011 -11"><span class='ocrx_word' id='word_1_192' title='bbox 576 2146 652 2165; x_wconf 68' lang='grc' dir='ltr'><strong><em>ακτις</em></strong></span> <span class='ocrx_word' id='word_1_193' title='bbox 663 2137 721 2165; x_wconf 67' lang='grc' dir='ltr'>ἥλω</span> <span class='ocrx_word' id='word_1_194' title='bbox 733 2147 764 2164; x_wconf 78' lang='grc' dir='ltr'>νιν</span> <span class='ocrx_word' id='word_1_195' title='bbox 774 2137 860 2173; x_wconf 61' lang='grc' dir='ltr'><strong><em>ἕστορα</em></strong></span> 
     </span>
     <span class='ocr_line' id='line_1_39' title="bbox 411 2181 772 2215; baseline 0.011 -7"><span class='ocrx_word' id='word_1_196' title='bbox 411 2185 462 2208; x_wconf 74' lang='lat' dir='ltr'>Koet</span> <span class='ocrx_word' id='word_1_197' title='bbox 476 2181 566 2213; x_wconf 71' lang='grc' dir='ltr'><em>ζωνπι,</em></span> <span class='ocrx_word' id='word_1_198' title='bbox 577 2194 624 2209; x_wconf 76' lang='lat' dir='ltr'>zau</span> <span class='ocrx_word' id='word_1_199' title='bbox 639 2186 772 2215; x_wconf 63' lang='lat' dir='ltr'>msa-orm.</span> 
     </span>
    </p>
   </div>
   <div class='ocr_carea' id='block_1_16' title="bbox 334 2243 1059 2327">
    <p class='ocr_par' dir='ltr' id='par_1_19' title="bbox 334 2243 1059 2327">
     <span class='ocr_line' id='line_1_40' title="bbox 335 2243 1059 2290; baseline 0.015 -16"><span class='ocrx_word' id='word_1_200' title='bbox 335 2243 400 2276; x_wconf 85' lang='lat' dir='ltr'>Sed</span> <span class='ocrx_word' id='word_1_201' title='bbox 415 2247 604 2277; x_wconf 78' lang='lat' dir='ltr'>examussim</span> <span class='ocrx_word' id='word_1_202' title='bbox 626 2248 756 2289; x_wconf 80' lang='lat' dir='ltr'>quadrat</span> <span class='ocrx_word' id='word_1_203' title='bbox 773 2249 949 2290; x_wconf 81' lang='lat' dir='ltr'>Terentius,</span> <span class='ocrx_word' id='word_1_204' title='bbox 975 2254 1059 2284; x_wconf 82' lang='lat' dir='ltr'>Eun.</span> 
     </span>
     <span class='ocr_line' id='line_1_41' title="bbox 334 2295 467 2327; baseline 0.015 -2"><span class='ocrx_word' id='word_1_205' title='bbox 334 2295 355 2325; x_wconf 72' lang='lat'><strong>5.</strong></span> <span class='ocrx_word' id='word_1_206' title='bbox 373 2299 400 2327; x_wconf 95' lang='lat' dir='ltr'>l.</span> <span class='ocrx_word' id='word_1_207' title='bbox 417 2300 467 2327; x_wconf 82' lang='lat'><strong>28.</strong></span> 
     </span>
    </p>
   </div>
   <div class='ocr_carea' id='block_1_17' title="bbox 400 2371 981 2439">
    <p class='ocr_par' dir='ltr' id='par_1_20' title="bbox 400 2371 981 2439">
     <span class='ocr_line' id='line_1_42' title="bbox 749 2371 981 2403; baseline 0.013 -9"><span class='ocrx_word' id='word_1_208' title='bbox 749 2371 876 2401; x_wconf 87' lang='lat' dir='ltr'>prudens,</span> <span class='ocrx_word' id='word_1_209' title='bbox 887 2372 981 2403; x_wconf 70' lang='lat' dir='ltr'>eciem,</span> 
     </span>
     <span class='ocr_line' id='line_1_43' title="bbox 400 2403 760 2439; baseline 0.008 -10"><span class='ocrx_word' id='word_1_210' title='bbox 400 2403 498 2436; x_wconf 71' lang='lat' dir='ltr'>Vivus,</span> <span class='ocrx_word' id='word_1_211' title='bbox 508 2405 661 2439; x_wconf 80' lang='lat' dir='ltr'>vidensque,</span> <span class='ocrx_word' id='word_1_212' title='bbox 669 2409 740 2439; x_wconf 74' lang='lat' dir='ltr'>pereo</span> <span class='ocrx_word' id='word_1_213' title='bbox 751 2417 760 2433; x_wconf 90' lang='grc'><strong>.-</strong></span> 
     </span>
    </p>
   </div>
   <div class='ocr_carea' id='block_1_18' title="bbox 338 2463 1067 2714">
    <p class='ocr_par' dir='ltr' id='par_1_21' title="bbox 338 2463 1067 2714">
     <span class='ocr_line' id='line_1_44' title="bbox 338 2463 1061 2506; baseline 0.018 -13"><span class='ocrx_word' id='word_1_214' title='bbox 338 2463 392 2494; x_wconf 83' lang='lat' dir='ltr'>ubi</span> <span class='ocrx_word' id='word_1_215' title='bbox 407 2464 638 2506; x_wconf 87' lang='lat' dir='ltr'>nobismetipsis</span> <span class='ocrx_word' id='word_1_216' title='bbox 649 2467 771 2499; x_wconf 89' lang='lat' dir='ltr'>videtur</span> <span class='ocrx_word' id='word_1_217' title='bbox 782 2471 993 2505; x_wconf 85' lang='lat' dir='ltr'>strenuissime</span> <span class='ocrx_word' id='word_1_218' title='bbox 1002 2484 1061 2506; x_wconf 90' lang='lat' dir='ltr'>nu-</span> 
     </span>
     <span class='ocr_line' id='line_1_45' title="bbox 338 2515 1065 2565; baseline 0.017 -21"><span class='ocrx_word' id='word_1_219' title='bbox 338 2515 406 2554; x_wconf 89' lang='lat' dir='ltr'>gari</span> <span class='ocrx_word' id='word_1_220' title='bbox 427 2525 500 2546; x_wconf 92' lang='lat' dir='ltr'>cum</span> <span class='ocrx_word' id='word_1_221' title='bbox 523 2516 581 2547; x_wconf 69' lang='lat' dir='ltr'>sua</span> <span class='ocrx_word' id='word_1_222' title='bbox 606 2525 794 2562; x_wconf 65' lang='grc' dir='ltr'>λεπτολογιᾳ</span> <span class='ocrx_word' id='word_1_223' title='bbox 817 2521 978 2562; x_wconf 81' lang='lat' dir='ltr'>Donatus;</span> <span class='ocrx_word' id='word_1_224' title='bbox 1001 2536 1065 2565; x_wconf 88' lang='lat' dir='ltr'>prae</span> 
     </span>
     <span class='ocr_line' id='line_1_46' title="bbox 339 2566 1064 2609; baseline 0.019 -15"><span class='ocrx_word' id='word_1_225' title='bbox 339 2574 402 2605; x_wconf 91' lang='lat' dir='ltr'>quo</span> <span class='ocrx_word' id='word_1_226' title='bbox 416 2566 526 2598; x_wconf 90' lang='lat' dir='ltr'>malim</span> <span class='ocrx_word' id='word_1_227' title='bbox 540 2568 686 2609; x_wconf 88' lang='lat' dir='ltr'>equidem</span> <span class='ocrx_word' id='word_1_228' title='bbox 700 2570 881 2604; x_wconf 85' lang='lat' dir='ltr'>Homerum</span> <span class='ocrx_word' id='word_1_229' title='bbox 893 2576 1005 2607; x_wconf 89' lang='lat' dir='ltr'>comici</span> <span class='ocrx_word' id='word_1_230' title='bbox 1015 2577 1064 2608; x_wconf 90' lang='lat' dir='ltr'>in-</span> 
     </span>
     <span class='ocr_line' id='line_1_47' title="bbox 340 2618 1067 2668; baseline 0.021 -23"><span class='ocrx_word' id='word_1_231' title='bbox 340 2620 506 2654; x_wconf 84' lang='lat' dir='ltr'>terpretem</span> <span class='ocrx_word' id='word_1_232' title='bbox 530 2618 685 2651; x_wconf 84' lang='lat' dir='ltr'>adhibere.</span> <span class='ocrx_word' id='word_1_233' title='bbox 736 2624 859 2656; x_wconf 79' lang='lat' dir='ltr'>Videnti</span> <span class='ocrx_word' id='word_1_234' title='bbox 885 2627 1004 2668; x_wconf 83' lang='lat' dir='ltr'>utique,</span> <span class='ocrx_word' id='word_1_235' title='bbox 1030 2634 1067 2659; x_wconf 87' lang='lat' dir='ltr'>ut</span> 
     </span>
     <span class='ocr_line' id='line_1_48' title="bbox 341 2666 1066 2714; baseline 0.022 -18"><span class='ocrx_word' id='word_1_236' title='bbox 341 2666 393 2696; x_wconf 85' lang='lat' dir='ltr'>cui</span> <span class='ocrx_word' id='word_1_237' title='bbox 406 2669 508 2700; x_wconf 82' lang='lat' dir='ltr'>lumen</span> <span class='ocrx_word' id='word_1_238' title='bbox 522 2680 588 2701; x_wconf 89' lang='lat' dir='ltr'>non</span> <span class='ocrx_word' id='word_1_239' title='bbox 607 2674 781 2714; x_wconf 81' lang='lat' dir='ltr'>ademptum</span> <span class='ocrx_word' id='word_1_240' title='bbox 804 2676 852 2713; x_wconf 82' lang='lat' dir='ltr'>sit,</span> <span class='ocrx_word' id='word_1_241' title='bbox 879 2685 984 2709; x_wconf 72' lang='lat' dir='ltr'>noster</span> <span class='ocrx_word' id='word_1_242' title='bbox 1005 2691 1066 2712; x_wconf 88' lang='lat' dir='ltr'>ver.</span> 
     </span>
    </p>
   </div>
   <div class='ocr_carea' id='block_1_19' title="bbox 342 2719 1066 2820">
    <p class='ocr_par' dir='ltr' id='par_1_22' title="bbox 342 2719 1066 2820">
     <span class='ocr_line' id='line_1_49' title="bbox 345 2719 1064 2770; baseline 0.024 -24"><span class='ocrx_word' id='word_1_243' title='bbox 345 2719 435 2749; x_wconf 87' lang='lat'><strong>1046.</strong></span> <span class='ocrx_word' id='word_1_244' title='bbox 451 2720 507 2759; x_wconf 94' lang='lat' dir='ltr'>qui</span> <span class='ocrx_word' id='word_1_245' title='bbox 519 2722 638 2754; x_wconf 83' lang='lat' dir='ltr'>lumina</span> <span class='ocrx_word' id='word_1_246' title='bbox 653 2727 695 2755; x_wconf 83' lang='lat' dir='ltr'>sis</span> <span class='ocrx_word' id='word_1_247' title='bbox 710 2727 806 2758; x_wconf 79' lang='lat' dir='ltr'>oculis</span> <span class='ocrx_word' id='word_1_248' title='bbox 820 2737 884 2758; x_wconf 89' lang='lat' dir='ltr'>non</span> <span class='ocrx_word' id='word_1_249' title='bbox 895 2731 1064 2770; x_wconf 81' lang='lat' dir='ltr'>reliquerit,</span> 
     </span>
     <span class='ocr_line' id='line_1_50' title="bbox 342 2772 1066 2820; baseline 0.023 -23"><span class='ocrx_word' id='word_1_250' title='bbox 342 2776 404 2798; x_wconf 87' lang='lat' dir='ltr'>ver.</span> <span class='ocrx_word' id='word_1_251' title='bbox 434 2772 526 2801; x_wconf 86' lang='lat'><strong>1038.</strong></span> <span class='ocrx_word' id='word_1_252' title='bbox 549 2773 723 2815; x_wconf 87' lang='lat' dir='ltr'>Arnobius,</span> <span class='ocrx_word' id='word_1_253' title='bbox 755 2777 806 2809; x_wconf 91' lang='lat' dir='ltr'>lib.</span> <span class='ocrx_word' id='word_1_254' title='bbox 830 2779 870 2809; x_wconf 86' lang='lat' dir='ltr'>vi.</span> <span class='ocrx_word' id='word_1_255' title='bbox 899 2791 928 2820; x_wconf 86' lang='lat' dir='ltr'>p.</span> <span class='ocrx_word' id='word_1_256' title='bbox 954 2784 1066 2813; x_wconf 79' lang='lat'><strong>194.—</strong></span> 
     </span>
    </p>
   </div>
   <div class='ocr_carea' id='block_1_20' title="bbox 344 2821 1064 2919">
    <p class='ocr_par' dir='ltr' id='par_1_23' title="bbox 344 2821 1064 2919">
     <span class='ocr_line' id='line_1_51' title="bbox 344 2821 1062 2872; baseline 0.022 -23"><span class='ocrx_word' id='word_1_257' title='bbox 344 2821 368 2838; x_wconf 86' lang='lat'><strong>“</strong></span> <span class='ocrx_word' id='word_1_258' title='bbox 383 2825 420 2850; x_wconf 88' lang='lat' dir='ltr'>ut</span> <span class='ocrx_word' id='word_1_259' title='bbox 433 2830 452 2851; x_wconf 93' lang='lat' dir='ltr'>a</span> <span class='ocrx_word' id='word_1_260' title='bbox 465 2824 606 2862; x_wconf 84' lang='lat' dir='ltr'>germani</span> <span class='ocrx_word' id='word_1_261' title='bbox 622 2827 751 2858; x_wconf 87' lang='lat' dir='ltr'>servulis</span> <span class='ocrx_word' id='word_1_262' title='bbox 764 2829 826 2860; x_wconf 80' lang='grc' dir='ltr'>υἰιᾶ</span> <span class='ocrx_word' id='word_1_263' title='bbox 842 2830 937 2862; x_wconf 82' lang='lat' dir='ltr'>suerit</span> <span class='ocrx_word' id='word_1_264' title='bbox 951 2833 1062 2872; x_wconf 86' lang='lat' dir='ltr'>spolia-</span> 
     </span>
     <span class='ocr_line' id='line_1_52' title="bbox 348 2873 1064 2919; baseline 0.022 -18"><span class='ocrx_word' id='word_1_265' title='bbox 348 2873 370 2891; x_wconf 87' lang='lat'>“</span> <span class='ocrx_word' id='word_1_266' title='bbox 385 2877 447 2911; x_wconf 70' lang='lat' dir='ltr'>tuS,</span> <span class='ocrx_word' id='word_1_267' title='bbox 461 2880 491 2905; x_wconf 69' lang='lat' dir='ltr'>et</span> <span class='ocrx_word' id='word_1_268' title='bbox 505 2875 695 2909; x_wconf 53' lang='lat' dir='ltr'>lumine—P</span> <span class='ocrx_word' id='word_1_269' title='bbox 721 2880 825 2919; x_wconf 84' lang='lat' dir='ltr'>Silius,</span> <span class='ocrx_word' id='word_1_270' title='bbox 839 2882 920 2915; x_wconf 86' lang='lat' dir='ltr'>Pun.</span> <span class='ocrx_word' id='word_1_271' title='bbox 930 2884 982 2916; x_wconf 84' lang='lat' dir='ltr'>xii.</span> <span class='ocrx_word' id='word_1_272' title='bbox 991 2888 1064 2917; x_wconf 77' lang='lat'><strong>242.</strong></span> 
     </span>
    </p>
   </div>
   <div class='ocr_carea' id='block_1_21' title="bbox 1077 553 1816 840">
    <p class='ocr_par' dir='ltr' id='par_1_24' title="bbox 1113 553 1813 587">
     <span class='ocr_line' id='line_1_53' title="bbox 1113 553 1813 587; baseline -0.003 -7"><span class='ocrx_word' id='word_1_273' title='bbox 1113 557 1200 585; x_wconf 77' lang='lat' dir='ltr'>Tum,</span> <span class='ocrx_word' id='word_1_274' title='bbox 1225 556 1346 587; x_wconf 78' lang='lat' dir='ltr'>delapsus</span> <span class='ocrx_word' id='word_1_275' title='bbox 1368 562 1450 586; x_wconf 83' lang='lat' dir='ltr'>equo,</span> <span class='ocrx_word' id='word_1_276' title='bbox 1470 554 1575 587; x_wconf 77' lang='lat' dir='ltr'>galeam</span> <span class='ocrx_word' id='word_1_277' title='bbox 1597 558 1679 585; x_wconf 79' lang='lat' dir='ltr'>atquc</span> <span class='ocrx_word' id='word_1_278' title='bbox 1700 553 1813 586; x_wconf 81' lang='lat' dir='ltr'>insignia</span> 
     </span>
    </p>

    <p class='ocr_par' dir='ltr' id='par_1_25' title="bbox 1077 601 1816 840">
     <span class='ocr_line' id='line_1_54' title="bbox 1116 601 1811 667; baseline -0.001 -8"><span class='ocrx_word' id='word_1_279' title='bbox 1116 601 1381 665; x_wconf 44' lang='lat' dir='ltr'>consulisfftiffiiupit</span> <span class='ocrx_word' id='word_1_280' title='bbox 1389 634 1499 664; x_wconf 64' lang='lat' dir='ltr'>dextra,</span> <span class='ocrx_word' id='word_1_281' title='bbox 1508 635 1658 667; x_wconf 81' lang='lat' dir='ltr'>spoliatque</span> <span class='ocrx_word' id='word_1_282' title='bbox 1665 634 1796 658; x_wconf 68' lang='lat' dir='ltr'>videntem</span> <span class='ocrx_word' id='word_1_283' title='bbox 1802 642 1811 658; x_wconf 89' lang='lat'><em>:</em></span> 
     </span>
     <span class='ocr_line' id='line_1_55' title="bbox 1087 695 1816 739; baseline 0.001 -13"><span class='ocrx_word' id='word_1_284' title='bbox 1087 697 1108 727; x_wconf 88' lang='lat' dir='ltr'>i.</span> <span class='ocrx_word' id='word_1_285' title='bbox 1123 707 1149 727; x_wconf 89' lang='lat' dir='ltr'>e.</span> <span class='ocrx_word' id='word_1_286' title='bbox 1167 696 1282 727; x_wconf 74' lang='lat' dir='ltr'>vivum.</span> <span class='ocrx_word' id='word_1_287' title='bbox 1319 696 1391 726; x_wconf 86' lang='lat' dir='ltr'>Viri</span> <span class='ocrx_word' id='word_1_288' title='bbox 1406 696 1608 728; x_wconf 79' lang='lat' dir='ltr'>eruditissimi</span> <span class='ocrx_word' id='word_1_289' title='bbox 1624 697 1763 739; x_wconf 82' lang='lat' dir='ltr'>cogitant</span> <span class='ocrx_word' id='word_1_290' title='bbox 1772 695 1816 727; x_wconf 81' lang='lat' dir='ltr'>&#39;de</span> 
     </span>
     <span class='ocr_line' id='line_1_56' title="bbox 1077 747 1814 789; baseline 0 -10"><span class='ocrx_word' id='word_1_291' title='bbox 1077 748 1233 788; x_wconf 78' lang='lat' dir='ltr'>jacentem</span> <span class='ocrx_word' id='word_1_292' title='bbox 1276 747 1504 778; x_wconf 84' lang='lat' dir='ltr'>substituendo:</span> <span class='ocrx_word' id='word_1_293' title='bbox 1551 759 1648 789; x_wconf 83' lang='lat' dir='ltr'>quam</span> <span class='ocrx_word' id='word_1_294' title='bbox 1690 748 1814 779; x_wconf 85' lang='lat' dir='ltr'>inseite!</span> 
     </span>
     <span class='ocr_line' id='line_1_57' title="bbox 1090 798 1594 840; baseline 0.002 -11"><span class='ocrx_word' id='word_1_295' title='bbox 1090 799 1179 829; x_wconf 89' lang='lat' dir='ltr'>Hinc</span> <span class='ocrx_word' id='word_1_296' title='bbox 1195 798 1362 840; x_wconf 85' lang='lat' dir='ltr'>Virgilius,</span> <span class='ocrx_word' id='word_1_297' title='bbox 1377 809 1447 839; x_wconf 89' lang='lat' dir='ltr'>geo.</span> <span class='ocrx_word' id='word_1_298' title='bbox 1468 798 1507 829; x_wconf 89' lang='lat' dir='ltr'>iv.</span> <span class='ocrx_word' id='word_1_299' title='bbox 1521 801 1594 830; x_wconf 75' lang='lat'><strong>472.</strong></span> 
     </span>
    </p>
   </div>
   <div class='ocr_carea' id='block_1_22' title="bbox 1150 879 1274 886">
    <p class='ocr_par' dir='ltr' id='par_1_26' title="bbox 1150 879 1274 886">
     <span class='ocr_line' id='line_1_58' title="bbox 1150 879 1274 886; baseline 0 0"><span class='ocrx_word' id='word_1_300' title='bbox 1150 879 1274 886; x_wconf 95' lang='lat' dir='ltr'> </span> 
     </span>
    </p>
   </div>
   <div class='ocr_carea' id='block_1_23' title="bbox 1283 866 1697 898">
    <p class='ocr_par' dir='ltr' id='par_1_27' title="bbox 1283 866 1697 898">
     <span class='ocr_line' id='line_1_59' title="bbox 1283 866 1697 898; baseline 0 -7"><span class='ocrx_word' id='word_1_301' title='bbox 1283 866 1479 898; x_wconf 83' lang='lat' dir='ltr'>simulacraque</span> <span class='ocrx_word' id='word_1_302' title='bbox 1489 866 1543 891; x_wconf 83' lang='lat' dir='ltr'>luce</span> <span class='ocrx_word' id='word_1_303' title='bbox 1553 869 1697 891; x_wconf 75' lang='lat' dir='ltr'>carentum.-</span> 
     </span>
    </p>
   </div>
   <div class='ocr_carea' id='block_1_24' title="bbox 1090 928 1494 968">
    <p class='ocr_par' dir='ltr' id='par_1_28' title="bbox 1090 928 1494 968">
     <span class='ocr_line' id='line_1_60' title="bbox 1090 928 1494 968; baseline 0.002 -9"><span class='ocrx_word' id='word_1_304' title='bbox 1090 934 1121 959; x_wconf 68' lang='grc' dir='ltr'>ει</span> <span class='ocrx_word' id='word_1_305' title='bbox 1135 928 1290 968; x_wconf 71' lang='lat' dir='ltr'>similiter,</span> <span class='ocrx_word' id='word_1_306' title='bbox 1306 930 1382 960; x_wconf 58' lang='lat' dir='ltr'>AEn</span> <span class='ocrx_word' id='word_1_307' title='bbox 1397 930 1428 960; x_wconf 85' lang='lat' dir='ltr'>ii.</span> <span class='ocrx_word' id='word_1_308' title='bbox 1443 932 1494 961; x_wconf 89' lang='lat'><strong>85.</strong></span> 
     </span>
    </p>
   </div>
   <div class='ocr_carea' id='block_1_25' title="bbox 1151 1009 1275 1017">
    <p class='ocr_par' dir='ltr' id='par_1_29' title="bbox 1151 1009 1275 1017">
     <span class='ocr_line' id='line_1_61' title="bbox 1151 1009 1275 1017; baseline 0 0"><span class='ocrx_word' id='word_1_309' title='bbox 1151 1009 1275 1017; x_wconf 95' lang='lat' dir='ltr'> </span> 
     </span>
    </p>
   </div>
   <div class='ocr_carea' id='block_1_26' title="bbox 1282 997 1709 1030">
    <p class='ocr_par' dir='ltr' id='par_1_30' title="bbox 1282 997 1709 1030">
     <span class='ocr_line' id='line_1_62' title="bbox 1282 997 1709 1030; baseline 0 -9"><span class='ocrx_word' id='word_1_310' title='bbox 1282 1003 1368 1027; x_wconf 88' lang='lat' dir='ltr'>nunc,</span> <span class='ocrx_word' id='word_1_311' title='bbox 1377 1004 1476 1022; x_wconf 83' lang='lat' dir='ltr'>cassum</span> <span class='ocrx_word' id='word_1_312' title='bbox 1486 997 1594 1027; x_wconf 77' lang='lat' dir='ltr'>hmine,</span> <span class='ocrx_word' id='word_1_313' title='bbox 1605 997 1709 1030; x_wconf 80' lang='lat' dir='ltr'>lugent.</span> 
     </span>
    </p>
   </div>
   <div class='ocr_carea' id='block_1_27' title="bbox 1091 1059 1824 1409">
    <p class='ocr_par' dir='ltr' id='par_1_31' title="bbox 1091 1059 1824 1409">
     <span class='ocr_line' id='line_1_63' title="bbox 1092 1059 1816 1101; baseline 0.003 -12"><span class='ocrx_word' id='word_1_314' title='bbox 1092 1059 1210 1090; x_wconf 83' lang='lat' dir='ltr'>Incerti</span> <span class='ocrx_word' id='word_1_315' title='bbox 1224 1060 1441 1101; x_wconf 85' lang='lat' dir='ltr'>panegyricus,</span> <span class='ocrx_word' id='word_1_316' title='bbox 1459 1060 1592 1091; x_wconf 86' lang='lat' dir='ltr'>Maxim.</span> <span class='ocrx_word' id='word_1_317' title='bbox 1608 1066 1639 1091; x_wconf 83' lang='lat' dir='ltr'>et</span> <span class='ocrx_word' id='word_1_318' title='bbox 1657 1060 1816 1092; x_wconf 78' lang='lat' dir='ltr'>Constant.</span> 
     </span>
     <span class='ocr_line' id='line_1_64' title="bbox 1091 1111 1819 1152; baseline 0.001 -11"><span class='ocrx_word' id='word_1_319' title='bbox 1091 1116 1163 1141; x_wconf 84' lang='lat' dir='ltr'>sect.</span> <span class='ocrx_word' id='word_1_320' title='bbox 1183 1115 1231 1142; x_wconf 90' lang='lat'><strong>12.</strong></span> <span class='ocrx_word' id='word_1_321' title='bbox 1255 1115 1277 1130; x_wconf 91' lang='lat'>“</span> <span class='ocrx_word' id='word_1_322' title='bbox 1296 1111 1389 1142; x_wconf 90' lang='lat' dir='ltr'>Solus</span> <span class='ocrx_word' id='word_1_323' title='bbox 1403 1112 1476 1150; x_wconf 90' lang='lat' dir='ltr'>hoc,</span> <span class='ocrx_word' id='word_1_324' title='bbox 1504 1117 1541 1142; x_wconf 86' lang='lat' dir='ltr'>ut</span> <span class='ocrx_word' id='word_1_325' title='bbox 1564 1111 1689 1152; x_wconf 80' lang='lat' dir='ltr'>dicitur,</span> <span class='ocrx_word' id='word_1_326' title='bbox 1718 1112 1819 1152; x_wconf 79' lang='lat' dir='ltr'>potuit</span> 
     </span>
     <span class='ocr_line' id='line_1_65' title="bbox 1092 1161 1820 1204; baseline 0.004 -12"><span class='ocrx_word' id='word_1_327' title='bbox 1092 1165 1114 1180; x_wconf 90' lang='lat'><strong>“</strong></span> <span class='ocrx_word' id='word_1_328' title='bbox 1131 1161 1208 1193; x_wconf 89' lang='lat' dir='ltr'>deus</span> <span class='ocrx_word' id='word_1_329' title='bbox 1222 1162 1287 1201; x_wconf 88' lang='lat' dir='ltr'>ille,</span> <span class='ocrx_word' id='word_1_330' title='bbox 1313 1162 1405 1204; x_wconf 89' lang='lat' dir='ltr'>cujus</span> <span class='ocrx_word' id='word_1_331' title='bbox 1429 1162 1513 1194; x_wconf 86' lang='lat' dir='ltr'>dona</span> <span class='ocrx_word' id='word_1_332' title='bbox 1539 1169 1624 1202; x_wconf 90' lang='lat' dir='ltr'>sunt,</span> <span class='ocrx_word' id='word_1_333' title='bbox 1647 1163 1731 1204; x_wconf 90' lang='lat' dir='ltr'>quod</span> <span class='ocrx_word' id='word_1_334' title='bbox 1746 1166 1820 1195; x_wconf 83' lang='lat' dir='ltr'>vivi-</span> 
     </span>
     <span class='ocr_line' id='line_1_66' title="bbox 1093 1214 1820 1254; baseline 0.001 -10"><span class='ocrx_word' id='word_1_335' title='bbox 1093 1215 1116 1231; x_wconf 85' lang='lat'><strong>“</strong></span> <span class='ocrx_word' id='word_1_336' title='bbox 1131 1225 1211 1252; x_wconf 85' lang='lat' dir='ltr'>mus,</span> <span class='ocrx_word' id='word_1_337' title='bbox 1235 1219 1265 1244; x_wconf 88' lang='lat' dir='ltr'>et</span> <span class='ocrx_word' id='word_1_338' title='bbox 1287 1214 1496 1246; x_wconf 80' lang='lat' dir='ltr'>videmus-.”</span> <span class='ocrx_word' id='word_1_339' title='bbox 1542 1214 1594 1245; x_wconf 80' lang='lat' dir='ltr'>Ita.</span> <span class='ocrx_word' id='word_1_340' title='bbox 1612 1224 1704 1254; x_wconf 88' lang='lat' dir='ltr'>porro</span> <span class='ocrx_word' id='word_1_341' title='bbox 1725 1214 1820 1245; x_wconf 76' lang='lat' dir='ltr'>locuti</span> 
     </span>
     <span class='ocr_line' id='line_1_67' title="bbox 1092 1264 1821 1306; baseline 0.004 -12"><span class='ocrx_word' id='word_1_342' title='bbox 1092 1270 1166 1294; x_wconf 88' lang='lat' dir='ltr'>sunt</span> <span class='ocrx_word' id='word_1_343' title='bbox 1179 1264 1233 1294; x_wconf 87' lang='lat' dir='ltr'>alii</span> <span class='ocrx_word' id='word_1_344' title='bbox 1247 1266 1327 1296; x_wconf 88' lang='lat' dir='ltr'>bene</span> <span class='ocrx_word' id='word_1_345' title='bbox 1343 1265 1448 1304; x_wconf 87' lang='lat' dir='ltr'>multi,</span> <span class='ocrx_word' id='word_1_346' title='bbox 1469 1275 1547 1306; x_wconf 88' lang='lat' dir='ltr'>quos</span> <span class='ocrx_word' id='word_1_347' title='bbox 1560 1265 1728 1297; x_wconf 82' lang='lat' dir='ltr'>molestum</span> <span class='ocrx_word' id='word_1_348' title='bbox 1743 1272 1821 1297; x_wconf 83' lang='lat' dir='ltr'>esset</span> 
     </span>
     <span class='ocr_line' id='line_1_68' title="bbox 1093 1316 1824 1356; baseline 0.004 -10"><span class='ocrx_word' id='word_1_349' title='bbox 1093 1316 1251 1347; x_wconf 85' lang='lat' dir='ltr'>suscitare.</span> <span class='ocrx_word' id='word_1_350' title='bbox 1297 1318 1344 1347; x_wconf 82' lang='lat' dir='ltr'>At</span> <span class='ocrx_word' id='word_1_351' title='bbox 1365 1318 1464 1356; x_wconf 87' lang='lat' dir='ltr'>enim,</span> <span class='ocrx_word' id='word_1_352' title='bbox 1487 1318 1546 1349; x_wconf 88' lang='lat' dir='ltr'>hac</span> <span class='ocrx_word' id='word_1_353' title='bbox 1561 1329 1636 1349; x_wconf 89' lang='lat' dir='ltr'>usus</span> <span class='ocrx_word' id='word_1_354' title='bbox 1650 1318 1824 1356; x_wconf 78' lang='lat' dir='ltr'>occasione,</span> 
     </span>
     <span class='ocr_line' id='line_1_69' title="bbox 1094 1368 1822 1409; baseline 0.003 -11"><span class='ocrx_word' id='word_1_355' title='bbox 1094 1378 1132 1398; x_wconf 84' lang='lat' dir='ltr'>ex</span> <span class='ocrx_word' id='word_1_356' title='bbox 1147 1368 1373 1409; x_wconf 79' lang='lat' dir='ltr'>epigrammate</span> <span class='ocrx_word' id='word_1_357' title='bbox 1387 1379 1452 1400; x_wconf 89' lang='lat' dir='ltr'>non</span> <span class='ocrx_word' id='word_1_358' title='bbox 1470 1369 1591 1400; x_wconf 87' lang='lat' dir='ltr'>insuavi</span> <span class='ocrx_word' id='word_1_359' title='bbox 1613 1369 1761 1401; x_wconf 83' lang='lat' dir='ltr'>mendam</span> <span class='ocrx_word' id='word_1_360' title='bbox 1776 1369 1822 1400; x_wconf 84' lang='lat' dir='ltr'>le·</span> 
     </span>
    </p>
   </div>
   <div class='ocr_carea' id='block_1_28' title="bbox 1093 1420 1822 1503">
    <p class='ocr_par' dir='ltr' id='par_1_32' title="bbox 1093 1420 1822 1503">
     <span class='ocr_line' id='line_1_70' title="bbox 1093 1420 1822 1462; baseline 0.001 -12"><span class='ocrx_word' id='word_1_361' title='bbox 1093 1430 1165 1451; x_wconf 85' lang='lat' dir='ltr'>vem</span> <span class='ocrx_word' id='word_1_362' title='bbox 1180 1420 1300 1458; x_wconf 83' lang='lat' dir='ltr'>tollam,</span> <span class='ocrx_word' id='word_1_363' title='bbox 1320 1421 1406 1461; x_wconf 88' lang='lat' dir='ltr'>quod</span> <span class='ocrx_word' id='word_1_364' title='bbox 1427 1420 1543 1462; x_wconf 82' lang='lat' dir='ltr'>legitur</span> <span class='ocrx_word' id='word_1_365' title='bbox 1557 1421 1591 1452; x_wconf 92' lang='lat' dir='ltr'>in</span> <span class='ocrx_word' id='word_1_366' title='bbox 1609 1421 1739 1453; x_wconf 79' lang='lat' dir='ltr'>Anthol.</span> <span class='ocrx_word' id='word_1_367' title='bbox 1753 1422 1822 1452; x_wconf 69' lang='lat' dir='ltr'>Lat.</span> 
     </span>
     <span class='ocr_line' id='line_1_71' title="bbox 1094 1471 1370 1503; baseline 0 -1"><span class='ocrx_word' id='word_1_368' title='bbox 1094 1471 1205 1502; x_wconf 86' lang='lat' dir='ltr'>Burm.</span> <span class='ocrx_word' id='word_1_369' title='bbox 1220 1471 1259 1501; x_wconf 90' lang='lat' dir='ltr'>iv.</span> <span class='ocrx_word' id='word_1_370' title='bbox 1276 1474 1326 1503; x_wconf 87' lang='lat'>79.</span> <span class='ocrx_word' id='word_1_371' title='bbox 1343 1475 1370 1502; x_wconf 82' lang='lat'><strong>4.</strong></span> 
     </span>
    </p>
   </div>
   <div class='ocr_carea' id='block_1_29' title="bbox 1111 1546 1810 1701">
    <p class='ocr_par' dir='ltr' id='par_1_33' title="bbox 1111 1546 1810 1701">
     <span class='ocr_line' id='line_1_72' title="bbox 1111 1546 1746 1580; baseline 0.006 -9"><span class='ocrx_word' id='word_1_372' title='bbox 1111 1546 1235 1579; x_wconf 78' lang='lat' dir='ltr'>eonjugii</span> <span class='ocrx_word' id='word_1_373' title='bbox 1245 1554 1291 1579; x_wconf 87' lang='lat' dir='ltr'>spe</span> <span class='ocrx_word' id='word_1_374' title='bbox 1301 1552 1391 1580; x_wconf 82' lang='lat' dir='ltr'>capta,</span> <span class='ocrx_word' id='word_1_375' title='bbox 1401 1550 1486 1579; x_wconf 86' lang='lat' dir='ltr'>Leon,</span> <span class='ocrx_word' id='word_1_376' title='bbox 1496 1551 1543 1574; x_wconf 85' lang='lat' dir='ltr'>tua</span> <span class='ocrx_word' id='word_1_377' title='bbox 1553 1548 1628 1574; x_wconf 77' lang='lat' dir='ltr'>facta</span> <span class='ocrx_word' id='word_1_378' title='bbox 1638 1550 1746 1580; x_wconf 76' lang='lat' dir='ltr'>Neaera,</span> 
     </span>
     <span class='ocr_line' id='line_1_73' title="bbox 1142 1587 1778 1621; baseline 0.006 -11"><span class='ocrx_word' id='word_1_379' title='bbox 1142 1588 1202 1611; x_wconf 83' lang='lat' dir='ltr'>Post</span> <span class='ocrx_word' id='word_1_380' title='bbox 1213 1590 1315 1618; x_wconf 80' lang='lat' dir='ltr'>spreta,</span> <span class='ocrx_word' id='word_1_381' title='bbox 1331 1588 1363 1611; x_wconf 83' lang='lat' dir='ltr'>ah</span> <span class='ocrx_word' id='word_1_382' title='bbox 1375 1588 1381 1612; x_wconf 89' lang='lat'><strong>!</strong></span> <span class='ocrx_word' id='word_1_383' title='bbox 1400 1589 1485 1620; x_wconf 75' lang='lat' dir='ltr'>turpis</span> <span class='ocrx_word' id='word_1_384' title='bbox 1495 1587 1586 1613; x_wconf 78' lang='lat' dir='ltr'>sabula</span> <span class='ocrx_word' id='word_1_385' title='bbox 1595 1592 1656 1614; x_wconf 74' lang='lat' dir='ltr'>snm</span> <span class='ocrx_word' id='word_1_386' title='bbox 1667 1588 1778 1621; x_wconf 85' lang='lat' dir='ltr'>populo.</span> 
     </span>
     <span class='ocr_line' id='line_1_74' title="bbox 1112 1626 1731 1659; baseline 0.006 -9"><span class='ocrx_word' id='word_1_387' title='bbox 1112 1626 1233 1657; x_wconf 74' lang='lat' dir='ltr'>conjuge</span> <span class='ocrx_word' id='word_1_388' title='bbox 1243 1627 1387 1658; x_wconf 78' lang='lat' dir='ltr'>desertam,</span> <span class='ocrx_word' id='word_1_389' title='bbox 1399 1629 1467 1653; x_wconf 89' lang='lat' dir='ltr'>dum</span> <span class='ocrx_word' id='word_1_390' title='bbox 1478 1636 1524 1654; x_wconf 88' lang='lat' dir='ltr'>me</span> <span class='ocrx_word' id='word_1_391' title='bbox 1536 1629 1632 1654; x_wconf 83' lang='lat' dir='ltr'>vicinia</span> <span class='ocrx_word' id='word_1_392' title='bbox 1641 1629 1731 1659; x_wconf 80' lang='lat' dir='ltr'>latrat,</span> 
     </span>
     <span class='ocr_line' id='line_1_75' title="bbox 1143 1666 1810 1701; baseline 0.006 -12"><span class='ocrx_word' id='word_1_393' title='bbox 1143 1666 1173 1689; x_wconf 83' lang='lat' dir='ltr'>In</span> <span class='ocrx_word' id='word_1_394' title='bbox 1186 1668 1297 1696; x_wconf 85' lang='lat' dir='ltr'>puteum</span> <span class='ocrx_word' id='word_1_395' title='bbox 1309 1673 1430 1698; x_wconf 68' lang='lat' dir='ltr'>praeceps</span> <span class='ocrx_word' id='word_1_396' title='bbox 1440 1667 1504 1700; x_wconf 82' lang='lat' dir='ltr'>liqui</span> <span class='ocrx_word' id='word_1_397' title='bbox 1513 1668 1627 1692; x_wconf 74' lang='lat' dir='ltr'>animum</span> <span class='ocrx_word' id='word_1_398' title='bbox 1637 1671 1713 1701; x_wconf 78' lang='lat' dir='ltr'>atque</span> <span class='ocrx_word' id='word_1_399' title='bbox 1723 1668 1810 1694; x_wconf 85' lang='lat' dir='ltr'>deum.-</span> 
     </span>
    </p>
   </div>
   <div class='ocr_carea' id='block_1_30' title="bbox 1098 1727 1828 1975">
    <p class='ocr_par' dir='ltr' id='par_1_34' title="bbox 1098 1727 1828 1975">
     <span class='ocr_line' id='line_1_76' title="bbox 1098 1727 1826 1771; baseline 0.007 -14"><span class='ocrx_word' id='word_1_400' title='bbox 1098 1727 1118 1758; x_wconf 89' lang='lat' dir='ltr'>i.</span> <span class='ocrx_word' id='word_1_401' title='bbox 1133 1738 1159 1757; x_wconf 92' lang='lat' dir='ltr'>e.</span> <span class='ocrx_word' id='word_1_402' title='bbox 1183 1731 1207 1746; x_wconf 90' lang='lat'><strong>“</strong></span> <span class='ocrx_word' id='word_1_403' title='bbox 1222 1728 1300 1758; x_wconf 69' lang='lat' dir='ltr'>desii</span> <span class='ocrx_word' id='word_1_404' title='bbox 1322 1731 1417 1761; x_wconf 69' lang='lat' dir='ltr'>vivere</span> <span class='ocrx_word' id='word_1_405' title='bbox 1437 1737 1464 1761; x_wconf 81' lang='lat' dir='ltr'>et</span> <span class='ocrx_word' id='word_1_406' title='bbox 1480 1732 1597 1768; x_wconf 80' lang='lat' dir='ltr'>videre,-</span> <span class='ocrx_word' id='word_1_407' title='bbox 1622 1741 1680 1762; x_wconf 88' lang='lat' dir='ltr'>nec</span> <span class='ocrx_word' id='word_1_408' title='bbox 1694 1731 1826 1771; x_wconf 83' lang='lat' dir='ltr'>spirans,</span> 
     </span>
     <span class='ocr_line' id='line_1_77' title="bbox 1102 1781 1827 1814; baseline 0.007 -5"><span class='ocrx_word' id='word_1_409' title='bbox 1102 1781 1124 1797; x_wconf 90' lang='lat'>“</span> <span class='ocrx_word' id='word_1_410' title='bbox 1140 1788 1198 1809; x_wconf 88' lang='lat' dir='ltr'>nec</span> <span class='ocrx_word' id='word_1_411' title='bbox 1227 1789 1356 1810; x_wconf 85' lang='lat' dir='ltr'>cernens</span> <span class='ocrx_word' id='word_1_412' title='bbox 1392 1781 1521 1811; x_wconf 90' lang='lat' dir='ltr'>solem.&#39;&#39;</span> <span class='ocrx_word' id='word_1_413' title='bbox 1582 1782 1686 1813; x_wconf 91' lang='lat' dir='ltr'>Probo</span> <span class='ocrx_word' id='word_1_414' title='bbox 1722 1788 1827 1814; x_wconf 87' lang='lat' dir='ltr'>tamen</span> 
     </span>
     <span class='ocr_line' id='line_1_78' title="bbox 1104 1830 1824 1872; baseline 0.007 -12"><span class='ocrx_word' id='word_1_415' title='bbox 1104 1830 1282 1861; x_wconf 84' lang='lat' dir='ltr'>Burmanni</span> <span class='ocrx_word' id='word_1_416' title='bbox 1297 1831 1520 1872; x_wconf 82' lang='lat' dir='ltr'>conjecturam,</span> <span class='ocrx_word' id='word_1_417' title='bbox 1534 1835 1627 1872; x_wconf 84' lang='lat' dir='ltr'>diem,</span> <span class='ocrx_word' id='word_1_418' title='bbox 1642 1832 1709 1864; x_wconf 87' lang='lat' dir='ltr'>vice</span> <span class='ocrx_word' id='word_1_419' title='bbox 1722 1835 1810 1865; x_wconf 85' lang='lat' dir='ltr'>deum</span> <span class='ocrx_word' id='word_1_420' title='bbox 1813 1849 1824 1870; x_wconf 93' lang='grc'>,-</span> 
     </span>
     <span class='ocr_line' id='line_1_79' title="bbox 1103 1881 1828 1922; baseline 0.007 -11"><span class='ocrx_word' id='word_1_421' title='bbox 1103 1886 1212 1921; x_wconf 82' lang='lat' dir='ltr'>utpote</span> <span class='ocrx_word' id='word_1_422' title='bbox 1225 1881 1414 1922; x_wconf 81' lang='lat' dir='ltr'>simplicitati</span> <span class='ocrx_word' id='word_1_423' title='bbox 1437 1884 1584 1915; x_wconf 87' lang='lat' dir='ltr'>carminis</span> <span class='ocrx_word' id='word_1_424' title='bbox 1596 1884 1828 1916; x_wconf 83' lang='lat' dir='ltr'>convenientio-</span> 
     </span>
     <span class='ocr_line' id='line_1_80' title="bbox 1098 1933 1646 1975; baseline 0.007 -13"><span class='ocrx_word' id='word_1_425' title='bbox 1098 1942 1175 1963; x_wconf 89' lang='lat' dir='ltr'>rem.</span> <span class='ocrx_word' id='word_1_426' title='bbox 1219 1933 1316 1964; x_wconf 85' lang='lat' dir='ltr'>Favet</span> <span class='ocrx_word' id='word_1_427' title='bbox 1329 1934 1411 1975; x_wconf 87' lang='lat' dir='ltr'>epig.</span> <span class='ocrx_word' id='word_1_428' title='bbox 1427 1938 1500 1967; x_wconf 80' lang='lat'><strong>230.</strong></span> <span class='ocrx_word' id='word_1_429' title='bbox 1514 1935 1646 1966; x_wconf 83' lang='lat' dir='ltr'>ibidem:</span> 
     </span>
    </p>
   </div>
   <div class='ocr_carea' id='block_1_31' title="bbox 1103 2007 1825 2043">
    <p class='ocr_par' dir='ltr' id='par_1_35' title="bbox 1103 2007 1825 2043">
     <span class='ocr_line' id='line_1_81' title="bbox 1103 2007 1825 2043; baseline 0.003 -11"><span class='ocrx_word' id='word_1_430' title='bbox 1103 2008 1173 2032; x_wconf 91' lang='lat' dir='ltr'>Cum</span> <span class='ocrx_word' id='word_1_431' title='bbox 1186 2007 1303 2039; x_wconf 87' lang='lat' dir='ltr'>primum</span> <span class='ocrx_word' id='word_1_432' title='bbox 1311 2009 1412 2034; x_wconf 84' lang='lat' dir='ltr'>Lucina</span> <span class='ocrx_word' id='word_1_433' title='bbox 1424 2010 1499 2035; x_wconf 87' lang='lat' dir='ltr'>daret</span> <span class='ocrx_word' id='word_1_434' title='bbox 1509 2009 1646 2042; x_wconf 79' lang='lat' dir='ltr'>lucemque,</span> <span class='ocrx_word' id='word_1_435' title='bbox 1655 2011 1825 2043; x_wconf 77' lang='lat' dir='ltr'>animamque.</span> 
     </span>
    </p>
   </div>
   <div class='ocr_carea' id='block_1_32' title="bbox 1104 2073 1828 2164">
    <p class='ocr_par' dir='ltr' id='par_1_36' title="bbox 1104 2073 1828 2164">
     <span class='ocr_line' id='line_1_82' title="bbox 1104 2073 1828 2112; baseline 0.003 -10"><span class='ocrx_word' id='word_1_436' title='bbox 1104 2073 1152 2102; x_wconf 84' lang='lat' dir='ltr'>Sol</span> <span class='ocrx_word' id='word_1_437' title='bbox 1178 2078 1379 2112; x_wconf 85' lang='lat' dir='ltr'>nuncupatur</span> <span class='ocrx_word' id='word_1_438' title='bbox 1403 2075 1488 2111; x_wconf 83' lang='lat' dir='ltr'>deus,</span> <span class='ocrx_word' id='word_1_439' title='bbox 1515 2073 1587 2104; x_wconf 92' lang='lat' dir='ltr'>ibid.</span> <span class='ocrx_word' id='word_1_440' title='bbox 1611 2084 1639 2104; x_wconf 92' lang='lat' dir='ltr'><strong>v.</strong></span> <span class='ocrx_word' id='word_1_441' title='bbox 1659 2077 1706 2104; x_wconf 94' lang='lat'><strong>11.</strong></span> <span class='ocrx_word' id='word_1_442' title='bbox 1729 2077 1779 2106; x_wconf 89' lang='grc'>58.</span> <span class='ocrx_word' id='word_1_443' title='bbox 1803 2075 1828 2105; x_wconf 83' lang='lat' dir='ltr'>si</span> 
     </span>
     <span class='ocr_line' id='line_1_83' title="bbox 1104 2121 1546 2164; baseline 0.007 -13"><span class='ocrx_word' id='word_1_444' title='bbox 1104 2121 1199 2152; x_wconf 87' lang='lat' dir='ltr'>modo</span> <span class='ocrx_word' id='word_1_445' title='bbox 1214 2128 1296 2153; x_wconf 86' lang='lat' dir='ltr'>recte</span> <span class='ocrx_word' id='word_1_446' title='bbox 1310 2122 1432 2164; x_wconf 85' lang='lat' dir='ltr'>legatur</span> <span class='ocrx_word' id='word_1_447' title='bbox 1447 2124 1546 2155; x_wconf 86' lang='lat' dir='ltr'>locus:</span> 
     </span>
    </p>
   </div>
   <div class='ocr_carea' id='block_1_33' title="bbox 1135 2198 1773 2232">
    <p class='ocr_par' dir='ltr' id='par_1_37' title="bbox 1135 2198 1773 2232">
     <span class='ocr_line' id='line_1_84' title="bbox 1135 2198 1773 2232; baseline 0.009 -9"><span class='ocrx_word' id='word_1_448' title='bbox 1135 2198 1188 2229; x_wconf 85' lang='lat' dir='ltr'>Sol,</span> <span class='ocrx_word' id='word_1_449' title='bbox 1199 2199 1285 2224; x_wconf 79' lang='lat' dir='ltr'>noctis</span> <span class='ocrx_word' id='word_1_450' title='bbox 1296 2200 1415 2232; x_wconf 84' lang='lat' dir='ltr'>lucisque</span> <span class='ocrx_word' id='word_1_451' title='bbox 1427 2201 1502 2230; x_wconf 57' lang='lat' dir='ltr'>deun</span> <span class='ocrx_word' id='word_1_452' title='bbox 1519 2201 1569 2232; x_wconf 89' lang='lat' dir='ltr'>sol,</span> <span class='ocrx_word' id='word_1_453' title='bbox 1580 2202 1640 2227; x_wconf 79' lang='lat' dir='ltr'>finis</span> <span class='ocrx_word' id='word_1_454' title='bbox 1649 2207 1677 2228; x_wconf 90' lang='lat' dir='ltr'>et</span> <span class='ocrx_word' id='word_1_455' title='bbox 1689 2206 1773 2230; x_wconf 75' lang='lat' dir='ltr'>ortus.</span> 
     </span>
    </p>
   </div>
   <div class='ocr_carea' id='block_1_34' title="bbox 1103 2269 1837 2929">
    <p class='ocr_par' dir='ltr' id='par_1_38' title="bbox 1103 2269 1837 2929">
     <span class='ocr_line' id='line_1_85' title="bbox 1104 2269 1831 2306; baseline 0.01 -6"><span class='ocrx_word' id='word_1_456' title='bbox 1104 2269 1309 2301; x_wconf 84' lang='lat' dir='ltr'>Burmannus</span> <span class='ocrx_word' id='word_1_457' title='bbox 1322 2281 1432 2302; x_wconf 75' lang='lat' dir='ltr'>verum</span> <span class='ocrx_word' id='word_1_458' title='bbox 1447 2273 1652 2304; x_wconf 80' lang='lat' dir='ltr'>subodoratus</span> <span class='ocrx_word' id='word_1_459' title='bbox 1667 2280 1721 2306; x_wconf 85' lang='lat' dir='ltr'>est.</span> <span class='ocrx_word' id='word_1_460' title='bbox 1765 2275 1831 2306; x_wconf 85' lang='lat' dir='ltr'>De-</span> 
     </span>
     <span class='ocr_line' id='line_1_86' title="bbox 1104 2320 1833 2361; baseline 0.011 -11"><span class='ocrx_word' id='word_1_461' title='bbox 1104 2320 1212 2361; x_wconf 89' lang='lat' dir='ltr'>nique,</span> <span class='ocrx_word' id='word_1_462' title='bbox 1235 2322 1317 2353; x_wconf 88' lang='lat' dir='ltr'>hanc</span> <span class='ocrx_word' id='word_1_463' title='bbox 1346 2323 1514 2354; x_wconf 84' lang='lat' dir='ltr'>formulam</span> <span class='ocrx_word' id='word_1_464' title='bbox 1538 2326 1652 2356; x_wconf 80' lang='lat' dir='ltr'>vivente</span> <span class='ocrx_word' id='word_1_465' title='bbox 1675 2337 1721 2358; x_wconf 83' lang='lat' dir='ltr'>me</span> <span class='ocrx_word' id='word_1_466' title='bbox 1736 2337 1774 2358; x_wconf 82' lang='lat' dir='ltr'>ac</span> <span class='ocrx_word' id='word_1_467' title='bbox 1788 2329 1833 2358; x_wconf 84' lang='lat' dir='ltr'>vi-</span> 
     </span>
     <span class='ocr_line' id='line_1_87' title="bbox 1103 2372 1831 2414; baseline 0.011 -13"><span class='ocrx_word' id='word_1_468' title='bbox 1103 2373 1192 2403; x_wconf 80' lang='lat' dir='ltr'>dente</span> <span class='ocrx_word' id='word_1_469' title='bbox 1205 2372 1359 2414; x_wconf 85' lang='lat' dir='ltr'>Ja&#39;e&#39;gerus</span> <span class='ocrx_word' id='word_1_470' title='bbox 1381 2381 1463 2405; x_wconf 85' lang='lat' dir='ltr'>recte</span> <span class='ocrx_word' id='word_1_471' title='bbox 1486 2375 1668 2407; x_wconf 61' lang='lat' dir='ltr'>restituisset</span> <span class='ocrx_word' id='word_1_472' title='bbox 1692 2377 1831 2409; x_wconf 88' lang='lat' dir='ltr'>Mamer-</span> 
     </span>
     <span class='ocr_line' id='line_1_88' title="bbox 1104 2423 1832 2465; baseline 0.01 -12"><span class='ocrx_word' id='word_1_473' title='bbox 1104 2423 1183 2461; x_wconf 87' lang='lat' dir='ltr'>tino,</span> <span class='ocrx_word' id='word_1_474' title='bbox 1209 2431 1300 2465; x_wconf 83' lang='lat' dir='ltr'>gratt.</span> <span class='ocrx_word' id='word_1_475' title='bbox 1320 2432 1379 2456; x_wconf 87' lang='lat' dir='ltr'>act.</span> <span class='ocrx_word' id='word_1_476' title='bbox 1396 2426 1520 2458; x_wconf 88' lang='lat' dir='ltr'>Julian.</span> <span class='ocrx_word' id='word_1_477' title='bbox 1543 2435 1614 2458; x_wconf 88' lang='lat' dir='ltr'>sect.</span> <span class='ocrx_word' id='word_1_478' title='bbox 1630 2432 1681 2459; x_wconf 84' lang='grc'><strong>52.</strong></span> <span class='ocrx_word' id='word_1_479' title='bbox 1707 2432 1736 2460; x_wconf 77' lang='lat'><strong>2.</strong></span> <span class='ocrx_word' id='word_1_480' title='bbox 1757 2439 1832 2460; x_wconf 83' lang='lat' dir='ltr'>narn</span> 
     </span>
     <span class='ocr_line' id='line_1_89' title="bbox 1106 2476 1833 2517; baseline 0.01 -11"><span class='ocrx_word' id='word_1_481' title='bbox 1106 2476 1194 2507; x_wconf 88' lang='lat' dir='ltr'>locus</span> <span class='ocrx_word' id='word_1_482' title='bbox 1219 2477 1390 2517; x_wconf 85' lang='lat' dir='ltr'>Ciceronis,</span> <span class='ocrx_word' id='word_1_483' title='bbox 1416 2479 1455 2510; x_wconf 88' lang='lat' dir='ltr'>de</span> <span class='ocrx_word' id='word_1_484' title='bbox 1480 2480 1574 2511; x_wconf 79' lang='lat' dir='ltr'>divin.</span> <span class='ocrx_word' id='word_1_485' title='bbox 1596 2481 1617 2512; x_wconf 88' lang='lat' dir='ltr'>i.</span> <span class='ocrx_word' id='word_1_486' title='bbox 1639 2484 1691 2513; x_wconf 82' lang='lat'><strong>30.</strong></span> <span class='ocrx_word' id='word_1_487' title='bbox 1714 2482 1769 2513; x_wconf 87' lang='lat' dir='ltr'>ubi</span> <span class='ocrx_word' id='word_1_488' title='bbox 1793 2482 1833 2513; x_wconf 86' lang='lat' dir='ltr'>de</span> 
     </span>
     <span class='ocr_line' id='line_1_90' title="bbox 1107 2529 1833 2575; baseline 0.008 -17"><span class='ocrx_word' id='word_1_489' title='bbox 1107 2531 1210 2560; x_wconf 85' lang='lat' dir='ltr'>animo</span> <span class='ocrx_word' id='word_1_490' title='bbox 1226 2529 1364 2571; x_wconf 82' lang='lat' dir='ltr'>loquitur</span> <span class='ocrx_word' id='word_1_491' title='bbox 1378 2531 1589 2572; x_wconf 87' lang='lat' dir='ltr'>philosophus,</span> <span class='ocrx_word' id='word_1_492' title='bbox 1605 2542 1670 2564; x_wconf 90' lang='lat' dir='ltr'>non</span> <span class='ocrx_word' id='word_1_493' title='bbox 1680 2533 1833 2575; x_wconf 85' lang='lat' dir='ltr'>gemellus</span> 
     </span>
     <span class='ocr_line' id='line_1_91' title="bbox 1108 2581 1833 2624; baseline 0.006 -14"><span class='ocrx_word' id='word_1_494' title='bbox 1108 2585 1161 2610; x_wconf 83' lang='lat' dir='ltr'>est.</span> <span class='ocrx_word' id='word_1_495' title='bbox 1209 2581 1326 2612; x_wconf 83' lang='lat' dir='ltr'>Confer</span> <span class='ocrx_word' id='word_1_496' title='bbox 1364 2582 1494 2623; x_wconf 88' lang='lat' dir='ltr'>Sophoc.</span> <span class='ocrx_word' id='word_1_497' title='bbox 1525 2583 1624 2614; x_wconf 85' lang='lat' dir='ltr'>Elect.</span> <span class='ocrx_word' id='word_1_498' title='bbox 1653 2587 1708 2622; x_wconf 71' lang='lat'><strong>66.</strong></span> <span class='ocrx_word' id='word_1_499' title='bbox 1739 2594 1833 2624; x_wconf 88' lang='lat' dir='ltr'>quem</span> 
     </span>
     <span class='ocr_line' id='line_1_92' title="bbox 1109 2632 1831 2675; baseline 0.007 -14"><span class='ocrx_word' id='word_1_500' title='bbox 1109 2632 1289 2664; x_wconf 81' lang='lat' dir='ltr'>Brunckius</span> <span class='ocrx_word' id='word_1_501' title='bbox 1303 2634 1420 2674; x_wconf 82' lang='lat' dir='ltr'>optime</span> <span class='ocrx_word' id='word_1_502' title='bbox 1435 2641 1481 2666; x_wconf 88' lang='lat' dir='ltr'>est</span> <span class='ocrx_word' id='word_1_503' title='bbox 1495 2645 1552 2675; x_wconf 87' lang='lat' dir='ltr'>pro</span> <span class='ocrx_word' id='word_1_504' title='bbox 1565 2645 1623 2665; x_wconf 87' lang='lat' dir='ltr'>suo</span> <span class='ocrx_word' id='word_1_505' title='bbox 1636 2644 1723 2665; x_wconf 83' lang='lat' dir='ltr'>more</span> <span class='ocrx_word' id='word_1_506' title='bbox 1738 2635 1831 2666; x_wconf 85' lang='lat' dir='ltr'>inter-</span> 
     </span>
     <span class='ocr_line' id='line_1_93' title="bbox 1109 2685 1816 2724; baseline 0.008 -12"><span class='ocrx_word' id='word_1_507' title='bbox 1109 2688 1256 2722; x_wconf 83' lang='lat' dir='ltr'>pretatus,</span> <span class='ocrx_word' id='word_1_508' title='bbox 1272 2692 1340 2724; x_wconf 88' lang='lat' dir='ltr'>post</span> <span class='ocrx_word' id='word_1_509' title='bbox 1354 2685 1488 2716; x_wconf 85' lang='lat' dir='ltr'>alterum</span> <span class='ocrx_word' id='word_1_510' title='bbox 1503 2692 1609 2717; x_wconf 83' lang='lat' dir='ltr'>tamen</span> <span class='ocrx_word' id='word_1_511' title='bbox 1624 2685 1816 2718; x_wconf 86' lang='lat' dir='ltr'>scholiasten.</span> 
     </span>
     <span class='ocr_line' id='line_1_94' title="bbox 1152 2733 1835 2777; baseline 0.007 -14"><span class='ocrx_word' id='word_1_512' title='bbox 1152 2733 1233 2764; x_wconf 87' lang='lat' dir='ltr'>Ibid.</span> <span class='ocrx_word' id='word_1_513' title='bbox 1250 2736 1386 2767; x_wconf 79' lang='lat' dir='ltr'>Mortua</span> <span class='ocrx_word' id='word_1_514' title='bbox 1398 2739 1460 2768; x_wconf 82' lang='lat' dir='ltr'>vita</span> <span class='ocrx_word' id='word_1_515' title='bbox 1470 2737 1588 2777; x_wconf 76' lang='lat' dir='ltr'>estjam</span> <span class='ocrx_word' id='word_1_516' title='bbox 1603 2739 1676 2768; x_wconf 84' lang='lat' dir='ltr'>vivo.</span> <span class='ocrx_word' id='word_1_517' title='bbox 1701 2737 1753 2768; x_wconf 84' lang='lat' dir='ltr'>Ad</span> <span class='ocrx_word' id='word_1_518' title='bbox 1769 2739 1835 2768; x_wconf 84' lang='lat' dir='ltr'>haec</span> 
     </span>
     <span class='ocr_line' id='line_1_95' title="bbox 1108 2783 1833 2829; baseline 0.01 -16"><span class='ocrx_word' id='word_1_519' title='bbox 1108 2783 1234 2824; x_wconf 86' lang='lat' dir='ltr'>insuper</span> <span class='ocrx_word' id='word_1_520' title='bbox 1257 2785 1442 2818; x_wconf 82' lang='lat' dir='ltr'>illustranda</span> <span class='ocrx_word' id='word_1_521' title='bbox 1465 2787 1586 2818; x_wconf 81' lang='lat' dir='ltr'>faciunt</span> <span class='ocrx_word' id='word_1_522' title='bbox 1608 2788 1733 2829; x_wconf 83' lang='lat' dir='ltr'>egregie</span> <span class='ocrx_word' id='word_1_523' title='bbox 1755 2788 1833 2820; x_wconf 87' lang='lat' dir='ltr'>Por-</span> 
     </span>
     <span class='ocr_line' id='line_1_96' title="bbox 1107 2836 1833 2877; baseline 0.008 -12"><span class='ocrx_word' id='word_1_524' title='bbox 1107 2836 1208 2876; x_wconf 79' lang='lat' dir='ltr'>phyrii</span> <span class='ocrx_word' id='word_1_525' title='bbox 1223 2837 1367 2877; x_wconf 81' lang='lat' dir='ltr'>quaedam</span> <span class='ocrx_word' id='word_1_526' title='bbox 1383 2838 1418 2869; x_wconf 91' lang='lat' dir='ltr'>in</span> <span class='ocrx_word' id='word_1_527' title='bbox 1435 2844 1569 2870; x_wconf 83' lang='lat' dir='ltr'>tractatu</span> <span class='ocrx_word' id='word_1_528' title='bbox 1583 2839 1622 2871; x_wconf 91' lang='lat' dir='ltr'>de</span> <span class='ocrx_word' id='word_1_529' title='bbox 1637 2841 1712 2871; x_wconf 80' lang='lat' dir='ltr'>abst.</span> <span class='ocrx_word' id='word_1_530' title='bbox 1727 2840 1767 2871; x_wconf 84' lang='lat' dir='ltr'>iv.</span> <span class='ocrx_word' id='word_1_531' title='bbox 1782 2844 1833 2871; x_wconf 86' lang='lat'><strong>21.</strong></span> 
     </span>
     <span class='ocr_line' id='line_1_97' title="bbox 1109 2886 1837 2929; baseline 0.005 -12"><span class='ocrx_word' id='word_1_532' title='bbox 1109 2886 1162 2918; x_wconf 75' lang='lat' dir='ltr'>(in.</span> <span class='ocrx_word' id='word_1_533' title='bbox 1178 2887 1230 2924; x_wconf 78' lang='lat' dir='ltr'>ita,</span> <span class='ocrx_word' id='word_1_534' title='bbox 1249 2889 1308 2919; x_wconf 89' lang='lat' dir='ltr'>nisi</span> <span class='ocrx_word' id='word_1_535' title='bbox 1323 2889 1426 2929; x_wconf 77' lang='lat' dir='ltr'>fallor,</span> <span class='ocrx_word' id='word_1_536' title='bbox 1443 2890 1601 2923; x_wconf 88' lang='lat' dir='ltr'>verissime</span> <span class='ocrx_word' id='word_1_537' title='bbox 1613 2891 1837 2923; x_wconf 80' lang='lat' dir='ltr'>constituendi:</span> 
     </span>
    </p>
   </div>
  </div>
 </body>
</html>
