1912 3292
464 235 700 285 LIBER
749 231 1131 291 QUARTUS.

80 375 164 414 960

1455 236 1551 280 355

253 370 325 421 Et,
355 384 437 426 quo
457 368 628 423 quisque
646 366 731 406 fere
750 364 886 405 studio
906 361 1121 403 defunctus
1141 360 1342 412 adhaeret3

192 445 281 487 Aut
300 444 446 500 quibus
465 442 510 483 in
528 441 652 481 rebus
670 438 846 479 multum
867 451 1006 477 sumus
1025 443 1120 476 ante
1139 437 1327 487 moratei,

194 524 335 579 Atque
353 522 397 561 in
417 517 463 559 efi
484 515 645 557 ratione
663 513 741 555 fuit
761 519 955 554 contenta
973 511 1105 566 magis
1124 525 1240 551 mens
1246 528 1260 560 ;

194 597 247 638 In
268 593 420 636 somnis
439 591 584 633 eadem
603 589 847 646 plerumque
866 586 1054 627 videmur
1074 584 1203 625 obire:

194 665 444 711 Caussidicei
463 680 623 708 caussas
643 678 779 721 agere,
811 669 852 703 et
871 673 1106 715 conponere
1124 657 1252 714 leges;

48 829 188 863 contuitu
209 827 358 858 destinato
381 825 525 855 similiter
546 829 635 855 vocat
650 822 777 854 Ammi-

52 894 131 916 anus
147 880 364 919 Marcellinus,
379 880 453 911 xxii.
467 883 499 910 2.

93 944 170 974 Ver.
186 946 257 975 965.
289 942 419 973 somnis.-
458 944 494 972 Σ.
523 939 779 970 somniis.—vide-

50 1006 142 1027 mur:
179 1000 220 1025 Π.
245 995 381 1029 υἰάειιινς
416 996 451 1024 Σ.
480 997 527 1022 Ω.
550 992 708 1026 videntur;
742 998 781 1018 ex

52 1047 285 1082 correctoribus,
303 1043 535 1085 exquisitiorem
552 1042 704 1083 evulgatae
718 1040 780 1071 lec-

53 1098 149 1129 tionis
163 1096 316 1134 indolem,
339 1106 409 1137 quae
431 1095 494 1126 fuit
515 1105 624 1125 eorum
645 1092 780 1130 inscitia,

53 1160 120 1181 non
134 1148 360 1188 resipientibus.
405 1146 495 1183 Quin
516 1151 548 1177 et
562 1144 718 1186 Virgilius
734 1143 781 1173 lo·

52 1211 127 1233 cum
148 1201 183 1230 in
205 1200 310 1230 animo
332 1198 452 1237 habuit,
475 1197 517 1228 ad
539 1197 614 1227 AEn.
636 1195 690 1226 xii.
710 1197 781 1226 908.

83 1284 135 1313 Ac,
145 1282 232 1309 veluti
241 1283 268 1307 in
279 1281 381 1312 somnis,
397 1280 488 1306 oculos
498 1279 545 1305 ubi
553 1278 680 1311 languida
690 1276 784 1309 pressit

84 1324 172 1349 Nocte
197 1322 282 1354 quies,
308 1320 493 1353 nequidquam
517 1319 609 1345 avidos
635 1316 785 1343 extendere

211 1368 304 1387 cursus

85 1403 163 1430 Velle
173 1402 369 1428 videmur—.

99 1474 181 1506 Ibid.
213 1475 255 1505 In
284 1472 397 1504 somnis
425 1472 540 1502 eadem.
585 1468 784 1502 Plutarchus

55 1527 95 1564 de
108 1526 186 1567 plac.
211 1524 288 1565 phil.
310 1534 338 1554 V.
361 1527 389 1554 2.
414 1527 590 1564 Δημοκριτος
613 1533 664 1554 τες
691 1531 786 1560 ονειρες

56 1581 180 1620 wiredus
197 1589 281 1608 κατα
297 1588 352 1610 τις
370 1588 426 1606 των
442 1573 559 1605 asmo„
582 1583 787 1614 παραστασεις.

58 1630 103 1661 In
125 1629 215 1670 cujus
236 1629 340 1666 verba,
365 1631 403 1658 ut
424 1624 611 1666 plurimum,
642 1622 789 1654 novimus

57 1682 238 1723 Epicurum
248 1679 410 1721 juravisse.

102 1742 179 1773 Ver.
210 1745 282 1773 964.
316 1748 482 1779 conponere
510 1738 596 1776 leges.
651 1733 791 1771 Quidam

60 1794 180 1826 lectum
199 1793 322 1830 volunt,
344 1800 510 1830 conponere
530 1790 598 1819 lites
604 1802 615 1823 ,·
643 1786 792 1826 Preigero

61 1845 291 1885 comprobante.
334 1841 499 1873 Nimirum
527 1848 635 1870 sensus
659 1836 791 1868 locutio-

62 1897 113 1928 nis
127 1895 326 1928 Lucretianae
346 1903 412 1924 non
433 1896 577 1932 percepta
601 1895 659 1920 est.
707 1891 792 1920 Com-

57 1959 173 1990 ponere
187 1949 265 1988 leges
280 1945 376 1987 igitur
393 1944 472 1980 vult,
495 1946 519 1963 ‘⁴
534 1952 586 1973 eas
599 1940 795 1972 conditiones

65 2004 88 2020 “
103 1999 244 2036 definire,
260 1998 373 2039 quibus
387 1997 457 2027 lites
471 1995 670 2029 dirimantur,
693 1997 725 2022 et
739 1991 794 2021 fiat

65 2055 89 2071 “
104 2049 315 2082 reconciliatio
346 2042 580 2087 litigantium:”
613 2043 698 2084 quod
727 2047 793 2073 erat

65 2103 151 2135 haud
170 2101 265 2133 dubie
286 2098 469 2140 probiorum
491 2093 624 2126 subinde
647 2091 795 2124 caussidi-

66 2164 184 2190 corum,
199 2151 291 2184 annis
306 2148 499 2185 melioribus,
523 2145 672 2177 officium.
719 2143 797 2175 Olor

68 2206 265 2242 Mincianus,
284 2205 360 2236 AEn.
375 2202 430 2233 xii.
445 2203 517 2232 515.

326 2279 416 2302 Ictum
424 2276 481 2307 jam
491 2273 592 2303 foedus,
603 2276 632 2298 et
642 2279 735 2298 omnes

100 2319 237 2353 Conpositae
245 2319 380 2351 leges—.

70 2393 138 2425 Hic
159 2401 265 2422 versus
287 2394 393 2420 autem
423 2396 497 2418 cum
521 2391 669 2427 sequente
694 2385 729 2415 in
758 2384 799 2415 O.

71 2445 205 2482 desunt3
228 2453 266 2474 eo
281 2441 366 2483 quod
387 2451 447 2471 vox
469 2439 579 2470 eadem
601 2437 681 2468 duos
696 2447 800 2468 versus

74 2496 224 2529 claudens
239 2494 368 2525 oculum
381 2492 500 2523 librarii
515 2490 679 2530 deceperit.

118 2557 192 2588 Ver.
216 2559 289 2589 965.
323 2556 568 2594 Induperatores.
625 2549 803 2589 SpecImina

74 2609 300 2650 antiquissimae
322 2607 454 2647 hujusce
478 2602 621 2635 formulae
650 2601 803 2632 nonnulla

62 2662 179 2693 videas
205 2662 241 2693 in
266 2660 348 2691 notis
371 2658 445 2690 adi.
461 2661 511 2687 83.
537 2655 732 2687 Glossarium
751 2664 803 2684 ve-

73 2720 138 2746 tus:
177 2717 200 2732 “
216 2715 386 2753 Indupero,
411 2707 595 2742 zm‘roevemss’
635 2707 726 2738 Idem
748 2708 803 2737 ha-

75 2766 141 2796 bet:
169 2769 192 2784 “
208 2765 429 2801 Endodz'carz't,
445 2774 568 2801 μηνυσει.
614 2760 805 2796 Endoclusa,

76 2821 100 2837 “
118 2818 381 2860 ενικεκλεισμενη.-”
404 2823 436 2848 et
457 2817 519 2848 alia
540 2814 686 2857 quaedam
699 2813 806 2843 leviter

78 2878 240 2912 corrupta;
262 2872 377 2914 quibus
398 2869 588 2911 corrigendis
609 2867 698 2898 haud
719 2871 807 2896 vacat

79 2921 252 2958 immorari.
295 2924 461 2956 Hesselius
482 2923 516 2954 in
538 2920 724 2964 fragmentis
739 2919 807 2950 En-

821 819 924 850 nianis
938 817 1051 857 saepius
1065 813 1187 854 scripsit
1207 813 1419 852 endoperator,
1442 817 1549 843 contra

822 871 990 902 castiorum
1012 868 1177 904 librorum,
1199 864 1235 894 ni
1252 863 1355 901 fallor,
1378 862 1553 893 testimoni-

823 934 899 961 um;
931 928 963 953 et
983 920 1082 952 falsus
1105 924 1157 954 est,
1190 926 1264 947 cum
1289 915 1434 952 affirmat,
1468 914 1554 945 haud

825 975 914 1006 aliter
934 974 999 1015 legi
1024 973 1058 1003 in
1081 970 1207 1011 optimis
1235 967 1466 1007 exemplaribus
1489 968 1556 998 Lu-

824 1027 918 1057 cretii.
961 1025 1025 1056 Edi
1041 1023 1119 1054 solet
1134 1024 1333 1060 induperator
1354 1018 1394 1049 ad
1408 1017 1557 1050 Juvenal.

825 1088 855 1108 x.
873 1081 944 1108 158.
971 1086 1073 1117 neque
1099 1073 1188 1104 aliter
1210 1071 1361 1110 scriptum
1383 1068 1501 1099 offendi
1523 1068 1558 1099 in

827 1127 1078 1169 Cantabrigiensi
1100 1125 1216 1163 codice,
1254 1133 1312 1154 nec
1338 1120 1496 1161 Taylorus
1524 1119 1559 1150 in

826 1181 923 1211 altero
953 1179 1065 1210 scholae
1095 1177 1190 1217 regiae
1225 1171 1434 1212 Salopiensis;
1468 1171 1559 1211 cujus

825 1231 1013 1266 collationes,
1038 1235 1069 1259 et
1098 1232 1265 1267 apparatus
1293 1223 1439 1254 editionis
1469 1232 1560 1252 novae

826 1282 979 1323 copiosus,
1006 1281 1041 1310 in
1067 1277 1252 1317 exemplaris
1273 1275 1418 1315 margine
1433 1283 1560 1313 compa-

826 1341 906 1372 rent,
933 1333 1029 1375 quod,
1054 1336 1125 1372 post
1145 1329 1204 1360 viri
1221 1326 1392 1358 doctissimi
1414 1331 1560 1361 mortem,

827 1387 861 1417 in
871 1386 1093 1417 bibliothecam
1104 1381 1264 1422 publicam
1275 1377 1457 1411 Academiae
1474 1378 1560 1408 Can-

828 1437 1024 1478 tabrigiensis
1050 1445 1125 1466 mox
1151 1433 1311 1464 concessit.
1357 1429 1564 1461 Emendatio-

830 1501 904 1521 nem
926 1489 1027 1521 Ennii
1049 1487 1134 1528 apud
1162 1488 1305 1521 Festum,
1334 1494 1410 1514 voce
1441 1485 1563 1519 Navus.

834 1540 972 1582 Scaliger
1002 1538 1180 1578 occupavit3
1215 1538 1271 1578 qui
1299 1542 1407 1566 tamen
1436 1542 1565 1564 sensum

831 1593 931 1633 po‘e'tae
948 1590 1030 1623 male
1044 1590 1168 1621 videtur
1183 1587 1350 1628 accepisse:

864 1668 1001 1691 Navorum
1011 1663 1144 1696 inperium
1155 1667 1262 1687 servare
1273 1663 1313 1686 est
1324 1659 1538 1690 induperantum:

833 1738 854 1768 i.
880 1747 907 1767 e.
944 1739 967 1755 “
993 1736 1201 1766 Strenuorum
1237 1736 1285 1762 est
1320 1731 1569 1770 gubernatorum

836 1792 858 1808 “
874 1787 1101 1828 rempublicam
1117 1785 1234 1815 salvam
1248 1781 1356 1813 dare.’'
1402 1780 1499 1817 Libri,
1518 1781 1569 1810 in-

834 1845 1042 1881 superantum.
1080 1837 1171 1867 Dum
1186 1835 1221 1865 in
1238 1835 1297 1864 hoc
1312 1843 1393 1868 sum,
1410 1831 1568 1872 corrigam

836 1890 1024 1922 versiculum
1051 1888 1086 1918 in
1115 1886 1248 1918 Anthol.
1277 1885 1349 1916 Lat.
1382 1884 1493 1916 Burm.
1523 1882 1568 1914 iii.

838 1947 909 1976 109.
926 1945 956 1973 7.

837 2026 932 2054 Nosce,
944 2023 1044 2055 inquit,
1056 2025 1124 2052 tete,
1136 2021 1234 2046 Chilon
1245 2020 1445 2045 Lacedaemone
1455 2020 1557 2042 cretus:

838 2063 1038 2095 cecropiusque
1050 2061 1140 2090 Solon,
1151 2062 1190 2085 Ne
1202 2059 1267 2091 quid
1278 2057 1368 2088 nimis,
1378 2056 1561 2089 induperavit.

840 2137 958 2178 Vulgo,
986 2136 1192 2175 induperabit.
1240 2132 1302 2163 Sed
1327 2144 1344 2164 v
1366 2131 1481 2172 passim
1503 2131 1537 2160 in
1554 2131 1572 2161 b

840 2190 965 2231 migrat,
989 2190 1029 2219 ob
1053 2187 1122 2218 soni
1144 2184 1399 2217 similitudinem:
1426 2193 1461 2213 ac
1482 2182 1571 2212 vicis-

840 2243 909 2273 sim.
954 2241 1006 2272 Ita
1020 2238 1223 2280 postmodum
1240 2237 1436 2268 Schefferum
1452 2243 1574 2265 correx-

841 2295 900 2325 isse
912 2293 985 2329 vidi,
1005 2292 1046 2323 ad
1064 2291 1185 2331 Hygin.
1203 2290 1263 2320 fab.
1280 2288 1375 2319 ccxxi.
1394 2286 1574 2317 Munckero

842 2345 1042 2377 inscitissime
1057 2347 1260 2384 repugnante.

887 2396 969 2429 Ibid.
987 2406 1143 2436 pugnare,
1167 2405 1204 2424 ac
1230 2393 1342 2432 praelia
1374 2390 1463 2419 obire.
1512 2386 1576 2417 Ar-

844 2446 968 2483 nobius,
996 2447 1050 2477 lib.
1079 2446 1110 2476 ii.
1135 2455 1165 2484 p.
1193 2445 1311 2475 91.-“
1327 2446 1392 2478 aut,
1418 2440 1574 2469 Marcium

846 2505 868 2520 “
885 2503 1050 2532 discrimen
1065 2499 1214 2534 obeuntes,
1226 2505 1311 2535 spem
1328 2492 1427 2532 praelii
1442 2489 1578 2528 sumitis,

847 2557 871 2572 ‘⁶
886 2559 917 2583 et
939 2562 979 2583 ex
1002 2550 1202 2581 acuminibus
1225 2541 1432 2585 auspicatis?''
1468 2541 1576 2583 Virgi-

847 2605 921 2643 lius,
941 2604 1016 2635 AEn.
1031 2602 1069 2632 vi.
1089 2605 1159 2632 167.

911 2683 944 2706 Et
954 2679 1022 2706 lituo
1030 2683 1130 2712 pugnas
1140 2676 1248 2708 insignis
1265 2673 1356 2701 obibat,
1368 2675 1395 2697 et
1407 2669 1491 2695 hasta.

850 2760 902 2790 Ex
916 2759 976 2788 hoc
997 2763 1106 2788 autem
1127 2752 1322 2784 somniorum
1341 2747 1467 2788 negotio
1486 2744 1579 2776 Silius

851 2811 984 2842 Italicus
998 2809 1151 2839 visionem
1167 2816 1237 2836 vere
1254 2802 1415 2843 po'e'ticam,
1439 2806 1469 2829 ct
1493 2807 1578 2838 ecre-

850 2863 903 2906 gii:
918 2860 1161 2903 pulchritudine,
1177 2857 1308 2888 feliciter
1322 2853 1513 2895 imaginatus
1528 2855 1588 2886 cst,

852 2917 891 2947 de
907 2913 1105 2952 Hannibale,
1122 2913 1205 2943 Pun.
1220 2910 1240 2941 i.
1257 2912 1307 2940 64.
