<?xml version="1.0" encoding="UTF-8"?>
<!DOCTYPE html PUBLIC "-//W3C//DTD XHTML 1.0 Transitional//EN"
    "http://www.w3.org/TR/xhtml1/DTD/xhtml1-transitional.dtd">
<html xmlns="http://www.w3.org/1999/xhtml" xml:lang="en" lang="en">
 <head>
  <title>
</title>
<meta http-equiv="Content-Type" content="text/html;charset=utf-8" />
  <meta name='ocr-system' content='tesseract 3.04.00' />
  <meta name='ocr-capabilities' content='ocr_page ocr_carea ocr_par ocr_line ocrx_word'/>
</head>
<body>
  <div class='ocr_page' id='page_1' title='image "./tlucretiicarider02lucruoft_0125.png"; bbox 0 0 1912 3292; ppageno 0'>
   <div class='ocr_carea' id='block_1_1' title="bbox 0 0 13 1248">
    <p class='ocr_par' dir='ltr' id='par_1_1' title="bbox 0 0 13 1248">
     <span class='ocr_line' id='line_1_1' title="bbox 0 0 13 1248; baseline 0 0"><span class='ocrx_word' id='word_1_1' title='bbox 0 0 13 1248; x_wconf 95' lang='lat' dir='ltr'><strong> </strong></span> 
     </span>
    </p>
   </div>
   <div class='ocr_carea' id='block_1_2' title="bbox 0 2572 2 3177">
    <p class='ocr_par' dir='ltr' id='par_1_2' title="bbox 0 2572 2 3177">
     <span class='ocr_line' id='line_1_2' title="bbox 0 2572 2 3177; baseline 0 0"><span class='ocrx_word' id='word_1_2' title='bbox 0 2572 2 3177; x_wconf 95' lang='lat' dir='ltr'><strong> </strong></span> 
     </span>
    </p>
   </div>
   <div class='ocr_carea' id='block_1_3' title="bbox 488 202 1128 251">
    <p class='ocr_par' dir='ltr' id='par_1_3' title="bbox 488 202 1128 251">
     <span class='ocr_line' id='line_1_3' title="bbox 488 202 1128 251; baseline -0.003 0"><span class='ocrx_word' id='word_1_3' title='bbox 488 202 726 251; x_wconf 81' lang='lat' dir='ltr'><strong>LIBER·</strong></span> <span class='ocrx_word' id='word_1_4' title='bbox 769 202 865 249; x_wconf 89' lang='lat' dir='ltr'><strong>TE</strong></span> <span class='ocrx_word' id='word_1_5' title='bbox 882 202 1128 251; x_wconf 84' lang='lat' dir='ltr'><strong>RTIUS.</strong></span> 
     </span>
    </p>
   </div>
   <div class='ocr_carea' id='block_1_4' title="bbox 1501 211 1560 250">
    <p class='ocr_par' dir='ltr' id='par_1_4' title="bbox 1501 211 1560 250">
     <span class='ocr_line' id='line_1_4' title="bbox 1501 211 1560 250; baseline -0.034 0"><span class='ocrx_word' id='word_1_6' title='bbox 1501 211 1560 250; x_wconf 66' lang='lat'><strong>81</strong></span> 
     </span>
    </p>
   </div>
   <div class='ocr_carea' id='block_1_5' title="bbox 98 333 1361 462">
    <p class='ocr_par' dir='ltr' id='par_1_5' title="bbox 98 333 1361 462">
     <span class='ocr_line' id='line_1_5' title="bbox 268 333 1361 392; baseline -0.004 -13"><span class='ocrx_word' id='word_1_7' title='bbox 268 338 338 388; x_wconf 85' lang='lat' dir='ltr'><strong>Et,</strong></span> <span class='ocrx_word' id='word_1_8' title='bbox 360 334 554 391; x_wconf 86' lang='lat' dir='ltr'><strong>quoniam</strong></span> <span class='ocrx_word' id='word_1_9' title='bbox 574 340 756 374; x_wconf 87' lang='lat' dir='ltr'><strong>mentem</strong></span> <span class='ocrx_word' id='word_1_10' title='bbox 776 333 926 382; x_wconf 85' lang='lat' dir='ltr'><strong>sanari,</strong></span> <span class='ocrx_word' id='word_1_11' title='bbox 950 348 1098 388; x_wconf 83' lang='lat' dir='ltr'><strong>corpus</strong></span> <span class='ocrx_word' id='word_1_12' title='bbox 1120 341 1166 375; x_wconf 88' lang='lat' dir='ltr'><strong>ut</strong></span> <span class='ocrx_word' id='word_1_13' title='bbox 1185 348 1361 392; x_wconf 79' lang='lat' dir='ltr'><strong>aegrum,</strong></span> 
     </span>
     <span class='ocr_line' id='line_1_6' title="bbox 98 406 1220 462; baseline -0.004 -8"><span class='ocrx_word' id='word_1_14' title='bbox 98 417 181 454; x_wconf 84' lang='lat'><strong>510</strong></span> <span class='ocrx_word' id='word_1_15' title='bbox 213 410 442 458; x_wconf 87' lang='lat' dir='ltr'><strong>Cernimus,</strong></span> <span class='ocrx_word' id='word_1_16' title='bbox 465 415 506 449; x_wconf 89' lang='lat' dir='ltr'><strong>et</strong></span> <span class='ocrx_word' id='word_1_17' title='bbox 524 407 633 448; x_wconf 90' lang='lat' dir='ltr'>flecti</span> <span class='ocrx_word' id='word_1_18' title='bbox 652 406 857 449; x_wconf 68' lang='lat' dir='ltr'><strong>medicina</strong></span> <span class='ocrx_word' id='word_1_19' title='bbox 877 421 996 462; x_wconf 91' lang='lat' dir='ltr'><strong>posse</strong></span> <span class='ocrx_word' id='word_1_20' title='bbox 1016 407 1220 457; x_wconf 88' lang='lat' dir='ltr'><strong>videmus;</strong></span> 
     </span>
    </p>
   </div>
   <div class='ocr_carea' id='block_1_6' title="bbox 209 480 1263 540">
    <p class='ocr_par' dir='ltr' id='par_1_6' title="bbox 209 480 1263 540">
     <span class='ocr_line' id='line_1_7' title="bbox 209 480 1263 540; baseline -0.005 -13"><span class='ocrx_word' id='word_1_21' title='bbox 209 485 261 527; x_wconf 88' lang='lat' dir='ltr'><strong>Id</strong></span> <span class='ocrx_word' id='word_1_22' title='bbox 281 498 445 540; x_wconf 91' lang='lat' dir='ltr'><strong>quoque</strong></span> <span class='ocrx_word' id='word_1_23' title='bbox 464 481 658 538; x_wconf 77' lang='lat' dir='ltr'><strong>praesagit</strong></span> <span class='ocrx_word' id='word_1_24' title='bbox 678 481 894 522; x_wconf 87' lang='lat' dir='ltr'>mortalem</span> <span class='ocrx_word' id='word_1_25' title='bbox 916 480 1050 521; x_wconf 89' lang='lat' dir='ltr'><strong>vivere</strong></span> <span class='ocrx_word' id='word_1_26' title='bbox 1070 489 1263 522; x_wconf 86' lang='lat' dir='ltr'><strong>mentem.</strong></span> 
     </span>
    </p>
   </div>
   <div class='ocr_carea' id='block_1_7' title="bbox 209 555 1456 612">
    <p class='ocr_par' dir='ltr' id='par_1_7' title="bbox 209 555 1456 612">
     <span class='ocr_line' id='line_1_8' title="bbox 209 555 1456 612; baseline -0.001 -13"><span class='ocrx_word' id='word_1_27' title='bbox 209 557 377 599; x_wconf 86' lang='lat' dir='ltr'>Addere</span> <span class='ocrx_word' id='word_1_28' title='bbox 397 557 508 598; x_wconf 90' lang='lat' dir='ltr'><strong>enim</strong></span> <span class='ocrx_word' id='word_1_29' title='bbox 527 556 693 612; x_wconf 85' lang='lat' dir='ltr'><strong>parteis,</strong></span> <span class='ocrx_word' id='word_1_30' title='bbox 715 564 787 597; x_wconf 86' lang='lat' dir='ltr'><strong>aut</strong></span> <span class='ocrx_word' id='word_1_31' title='bbox 807 555 953 597; x_wconf 84' lang='lat' dir='ltr'>ordine</span> <span class='ocrx_word' id='word_1_32' title='bbox 973 555 1173 610; x_wconf 82' lang='lat' dir='ltr'><strong>trajicere,</strong></span> <span class='ocrx_word' id='word_1_33' title='bbox 1195 571 1361 611; x_wconf 74' lang='lat' dir='ltr'><strong>aequum</strong></span> <span class='ocrx_word' id='word_1_34' title='bbox 1382 567 1456 607; x_wconf 81' lang='lat' dir='ltr'><strong>est,</strong></span> 
     </span>
    </p>
   </div>
   <div class='ocr_carea' id='block_1_8' title="bbox 208 629 1335 687">
    <p class='ocr_par' dir='ltr' id='par_1_8' title="bbox 208 629 1335 687">
     <span class='ocr_line' id='line_1_9' title="bbox 208 629 1335 687; baseline -0.003 -13"><span class='ocrx_word' id='word_1_35' title='bbox 208 631 297 674; x_wconf 90' lang='lat' dir='ltr'><strong>Aut</strong></span> <span class='ocrx_word' id='word_1_36' title='bbox 318 630 473 687; x_wconf 82' lang='lat' dir='ltr'><strong>aliquid</strong></span> <span class='ocrx_word' id='word_1_37' title='bbox 490 646 681 686; x_wconf 86' lang='lat' dir='ltr'><strong>prorsum</strong></span> <span class='ocrx_word' id='word_1_38' title='bbox 702 631 754 672; x_wconf 93' lang='lat' dir='ltr'><strong>de</strong></span> <span class='ocrx_word' id='word_1_39' title='bbox 774 629 932 672; x_wconf 64' lang='lat' dir='ltr'><strong>summa</strong></span> <span class='ocrx_word' id='word_1_40' title='bbox 953 629 1169 671; x_wconf 81' lang='lat' dir='ltr'><strong>detrahere</strong></span> <span class='ocrx_word' id='word_1_41' title='bbox 1189 630 1335 681; x_wconf 89' lang='lat' dir='ltr'><strong>hilum,</strong></span> 
     </span>
    </p>
   </div>
   <div class='ocr_carea' id='block_1_9' title="bbox 210 705 1390 762">
    <p class='ocr_par' dir='ltr' id='par_1_9' title="bbox 210 705 1390 762">
     <span class='ocr_line' id='line_1_10' title="bbox 210 705 1390 762; baseline -0.002 -14"><span class='ocrx_word' id='word_1_42' title='bbox 210 705 465 748; x_wconf 85' lang='lat' dir='ltr'><strong>Conmutare</strong></span> <span class='ocrx_word' id='word_1_43' title='bbox 485 706 670 748; x_wconf 86' lang='lat' dir='ltr'><strong>animum</strong></span> <span class='ocrx_word' id='word_1_44' title='bbox 691 706 973 762; x_wconf 87' lang='lat' dir='ltr'><strong>quiquomque</strong></span> <span class='ocrx_word' id='word_1_45' title='bbox 993 705 1196 755; x_wconf 86' lang='lat' dir='ltr'><strong>adoritur,</strong></span> <span class='ocrx_word' id='word_1_46' title='bbox 1220 713 1260 746; x_wconf 90' lang='lat' dir='ltr'><strong>et</strong></span> <span class='ocrx_word' id='word_1_47' title='bbox 1279 705 1390 755; x_wconf 80' lang='lat' dir='ltr'><strong>infit3</strong></span> 
     </span>
    </p>
   </div>
   <div class='ocr_carea' id='block_1_10' title="bbox 61 861 798 1208">
    <p class='ocr_par' dir='ltr' id='par_1_10' title="bbox 61 861 797 1058">
     <span class='ocr_line' id='line_1_11' title="bbox 64 861 797 901; baseline 0.001 -9"><span class='ocrx_word' id='word_1_48' title='bbox 64 861 218 893; x_wconf 78' lang='lat' dir='ltr'><strong>sermonis</strong></span> <span class='ocrx_word' id='word_1_49' title='bbox 233 861 364 901; x_wconf 85' lang='lat' dir='ltr'><strong>pulchre</strong></span> <span class='ocrx_word' id='word_1_50' title='bbox 378 861 563 901; x_wconf 85' lang='lat' dir='ltr'><strong>perceperis:</strong></span> <span class='ocrx_word' id='word_1_51' title='bbox 589 861 660 892; x_wconf 87' lang='lat' dir='ltr'><strong>vide</strong></span> <span class='ocrx_word' id='word_1_52' title='bbox 681 872 739 893; x_wconf 87' lang='lat' dir='ltr'><strong>nos</strong></span> <span class='ocrx_word' id='word_1_53' title='bbox 756 862 797 893; x_wconf 90' lang='lat' dir='ltr'><strong>ad</strong></span> 
     </span>
     <span class='ocr_line' id='line_1_12' title="bbox 63 913 797 955; baseline 0.001 -11"><span class='ocrx_word' id='word_1_54' title='bbox 63 913 97 945; x_wconf 86' lang='lat' dir='ltr'><strong>ii.</strong></span> <span class='ocrx_word' id='word_1_55' title='bbox 111 917 163 945; x_wconf 82' lang='lat'><strong>56.</strong></span> <span class='ocrx_word' id='word_1_56' title='bbox 179 913 291 954; x_wconf 86' lang='lat' dir='ltr'><strong>Dictys</strong></span> <span class='ocrx_word' id='word_1_57' title='bbox 308 914 475 950; x_wconf 83' lang='lat' dir='ltr'><strong>Cretensis,</strong></span> <span class='ocrx_word' id='word_1_58' title='bbox 491 914 522 944; x_wconf 90' lang='lat' dir='ltr'><strong>ii.</strong></span> <span class='ocrx_word' id='word_1_59' title='bbox 536 914 645 944; x_wconf 80' lang='lat' dir='ltr'><strong>vi.—“</strong></span> <span class='ocrx_word' id='word_1_60' title='bbox 662 925 797 955; x_wconf 91' lang='lat' dir='ltr'><strong>eumque</strong></span> 
     </span>
     <span class='ocr_line' id='line_1_13' title="bbox 64 965 795 1006; baseline 0 -10"><span class='ocrx_word' id='word_1_61' title='bbox 64 966 88 984; x_wconf 89' lang='lat'><strong>“</strong></span> <span class='ocrx_word' id='word_1_62' title='bbox 100 965 258 1005; x_wconf 77' lang='lat' dir='ltr'><strong>jactatum</strong></span> <span class='ocrx_word' id='word_1_63' title='bbox 281 965 405 1006; x_wconf 86' lang='lat' dir='ltr'><strong>magnis</strong></span> <span class='ocrx_word' id='word_1_64' title='bbox 430 967 582 996; x_wconf 73' lang='lat' dir='ltr'><strong>doloribus</strong></span> <span class='ocrx_word' id='word_1_65' title='bbox 605 966 795 997; x_wconf 87' lang='lat' dir='ltr'><strong>consolati:”</strong></span> 
     </span>
     <span class='ocr_line' id='line_1_14' title="bbox 61 1016 615 1058; baseline 0 -10"><span class='ocrx_word' id='word_1_66' title='bbox 61 1016 84 1047; x_wconf 88' lang='lat' dir='ltr'><strong>i.</strong></span> <span class='ocrx_word' id='word_1_67' title='bbox 100 1027 127 1048; x_wconf 91' lang='lat' dir='ltr'><strong>e.</strong></span> <span class='ocrx_word' id='word_1_68' title='bbox 150 1027 183 1048; x_wconf 89' lang='lat' dir='ltr'><strong>se</strong></span> <span class='ocrx_word' id='word_1_69' title='bbox 200 1017 340 1058; x_wconf 89' lang='lat' dir='ltr'><strong>undique</strong></span> <span class='ocrx_word' id='word_1_70' title='bbox 355 1023 615 1049; x_wconf 84' lang='lat' dir='ltr'><strong>commoventem.</strong></span> 
     </span>
    </p>

    <p class='ocr_par' dir='ltr' id='par_1_11' title="bbox 63 1068 798 1208">
     <span class='ocr_line' id='line_1_15' title="bbox 106 1068 798 1110; baseline 0.001 -12"><span class='ocrx_word' id='word_1_71' title='bbox 106 1068 182 1099; x_wconf 89' lang='lat' dir='ltr'><strong>Ver.</strong></span> <span class='ocrx_word' id='word_1_72' title='bbox 198 1071 271 1100; x_wconf 86' lang='lat'><strong>507.</strong></span> <span class='ocrx_word' id='word_1_73' title='bbox 293 1071 363 1100; x_wconf 78' lang='lat' dir='ltr'><strong>a‘e‘re</strong></span> <span class='ocrx_word' id='word_1_74' title='bbox 377 1075 493 1109; x_wconf 80' lang='lat' dir='ltr'><strong>aperto.</strong></span> <span class='ocrx_word' id='word_1_75' title='bbox 541 1069 640 1108; x_wconf 86' lang='lat' dir='ltr'><strong>Hinc,</strong></span> <span class='ocrx_word' id='word_1_76' title='bbox 656 1068 798 1110; x_wconf 88' lang='lat' dir='ltr'><strong>quamvis</strong></span> 
     </span>
     <span class='ocr_line' id='line_1_16' title="bbox 66 1119 795 1160; baseline 0.001 -10"><span class='ocrx_word' id='word_1_77' title='bbox 66 1119 203 1160; x_wconf 86' lang='lat' dir='ltr'><strong>vulgatae</strong></span> <span class='ocrx_word' id='word_1_78' title='bbox 217 1120 346 1151; x_wconf 89' lang='lat' dir='ltr'><strong>lectioni</strong></span> <span class='ocrx_word' id='word_1_79' title='bbox 361 1120 574 1159; x_wconf 83' lang='lat' dir='ltr'><strong>patrocinetur</strong></span> <span class='ocrx_word' id='word_1_80' title='bbox 590 1120 690 1151; x_wconf 91' lang='lat' dir='ltr'><strong>Nonii</strong></span> <span class='ocrx_word' id='word_1_81' title='bbox 708 1121 795 1151; x_wconf 86' lang='lat' dir='ltr'><strong>Mar-</strong></span> 
     </span>
     <span class='ocr_line' id='line_1_17' title="bbox 63 1170 795 1208; baseline 0.001 -7"><span class='ocrx_word' id='word_1_82' title='bbox 63 1170 134 1201; x_wconf 90' lang='lat' dir='ltr'><strong>celli</strong></span> <span class='ocrx_word' id='word_1_83' title='bbox 149 1171 326 1208; x_wconf 79' lang='lat' dir='ltr'><strong>auctoritas,</strong></span> <span class='ocrx_word' id='word_1_84' title='bbox 349 1171 390 1201; x_wconf 89' lang='lat' dir='ltr'><strong>ad</strong></span> <span class='ocrx_word' id='word_1_85' title='bbox 405 1171 443 1202; x_wconf 93' lang='lat' dir='ltr'><strong>iv.</strong></span> <span class='ocrx_word' id='word_1_86' title='bbox 460 1174 488 1203; x_wconf 88' lang='lat'><strong>5.</strong></span> <span class='ocrx_word' id='word_1_87' title='bbox 512 1177 635 1202; x_wconf 88' lang='lat' dir='ltr'><strong>tantum</strong></span> <span class='ocrx_word' id='word_1_88' title='bbox 651 1182 716 1202; x_wconf 89' lang='lat' dir='ltr'><strong>non</strong></span> <span class='ocrx_word' id='word_1_89' title='bbox 731 1182 795 1202; x_wconf 91' lang='lat' dir='ltr'><strong>cer-</strong></span> 
     </span>
    </p>
   </div>
   <div class='ocr_carea' id='block_1_11' title="bbox 62 1221 793 1304">
    <p class='ocr_par' dir='ltr' id='par_1_12' title="bbox 62 1221 793 1304">
     <span class='ocr_line' id='line_1_18' title="bbox 63 1221 793 1264; baseline 0.001 -12"><span class='ocrx_word' id='word_1_90' title='bbox 63 1221 221 1252; x_wconf 79' lang='lat' dir='ltr'><strong>tissimum</strong></span> <span class='ocrx_word' id='word_1_91' title='bbox 238 1227 285 1252; x_wconf 87' lang='lat' dir='ltr'><strong>est</strong></span> <span class='ocrx_word' id='word_1_92' title='bbox 298 1223 467 1253; x_wconf 89' lang='lat' dir='ltr'><strong>Maronem</strong></span> <span class='ocrx_word' id='word_1_93' title='bbox 482 1233 546 1252; x_wconf 90' lang='lat' dir='ltr'><strong>esse</strong></span> <span class='ocrx_word' id='word_1_94' title='bbox 561 1223 793 1264; x_wconf 86' lang='lat' dir='ltr'><strong>corrigendum,</strong></span> 
     </span>
     <span class='ocr_line' id='line_1_19' title="bbox 62 1273 264 1304; baseline 0 0"><span class='ocrx_word' id='word_1_95' title='bbox 62 1273 140 1304; x_wconf 89' lang='lat' dir='ltr'><strong>AEn.</strong></span> <span class='ocrx_word' id='word_1_96' title='bbox 153 1273 174 1304; x_wconf 90' lang='lat' dir='ltr'><strong>i.</strong></span> <span class='ocrx_word' id='word_1_97' title='bbox 193 1276 264 1304; x_wconf 90' lang='grc'><strong>587.</strong></span> 
     </span>
    </p>
   </div>
   <div class='ocr_carea' id='block_1_12' title="bbox 91 1357 744 1390">
    <p class='ocr_par' dir='ltr' id='par_1_13' title="bbox 91 1357 744 1390">
     <span class='ocr_line' id='line_1_20' title="bbox 91 1357 744 1390; baseline 0.003 -8"><span class='ocrx_word' id='word_1_98' title='bbox 91 1357 193 1382; x_wconf 81' lang='lat' dir='ltr'><strong>scindit</strong></span> <span class='ocrx_word' id='word_1_99' title='bbox 206 1365 233 1383; x_wconf 89' lang='lat' dir='ltr'><strong>se</strong></span> <span class='ocrx_word' id='word_1_100' title='bbox 244 1357 339 1387; x_wconf 87' lang='lat' dir='ltr'><strong>nubes,</strong></span> <span class='ocrx_word' id='word_1_101' title='bbox 350 1360 378 1383; x_wconf 86' lang='lat' dir='ltr'><strong>et</strong></span> <span class='ocrx_word' id='word_1_102' title='bbox 389 1358 416 1382; x_wconf 88' lang='lat' dir='ltr'><strong>in</strong></span> <span class='ocrx_word' id='word_1_103' title='bbox 429 1360 493 1383; x_wconf 59' lang='lat' dir='ltr'><strong>affra</strong></span> <span class='ocrx_word' id='word_1_104' title='bbox 505 1361 602 1390; x_wconf 84' lang='lat' dir='ltr'><strong>purgat</strong></span> <span class='ocrx_word' id='word_1_105' title='bbox 616 1361 744 1390; x_wconf 83' lang='lat' dir='ltr'><strong>apertum.-</strong></span> 
     </span>
    </p>
   </div>
   <div class='ocr_carea' id='block_1_13' title="bbox 58 1432 797 1841">
    <p class='ocr_par' dir='ltr' id='par_1_14' title="bbox 58 1432 797 1841">
     <span class='ocr_line' id='line_1_21' title="bbox 62 1432 793 1474; baseline 0.003 -11"><span class='ocrx_word' id='word_1_106' title='bbox 62 1432 83 1464; x_wconf 87' lang='lat' dir='ltr'><strong>i.</strong></span> <span class='ocrx_word' id='word_1_107' title='bbox 94 1443 120 1463; x_wconf 85' lang='lat' dir='ltr'><strong>e.</strong></span> <span class='ocrx_word' id='word_1_108' title='bbox 137 1436 160 1454; x_wconf 80' lang='lat'><strong>‘⁶</strong></span> <span class='ocrx_word' id='word_1_109' title='bbox 176 1433 210 1463; x_wconf 84' lang='lat' dir='ltr'><strong>in</strong></span> <span class='ocrx_word' id='word_1_110' title='bbox 224 1439 380 1474; x_wconf 84' lang='lat' dir='ltr'><strong>apertum,</strong></span> <span class='ocrx_word' id='word_1_111' title='bbox 396 1434 446 1465; x_wconf 89' lang='lat' dir='ltr'><strong>vel</strong></span> <span class='ocrx_word' id='word_1_112' title='bbox 457 1434 696 1472; x_wconf 84' lang='lat' dir='ltr'><strong>translucidum,</strong></span> <span class='ocrx_word' id='word_1_113' title='bbox 708 1437 793 1471; x_wconf 56' lang='lat' dir='ltr'><strong>azera,</strong></span> 
     </span>
     <span class='ocr_line' id='line_1_22' title="bbox 61 1487 794 1528; baseline 0 -12"><span class='ocrx_word' id='word_1_114' title='bbox 61 1488 85 1504; x_wconf 87' lang='lat'><strong>“</strong></span> <span class='ocrx_word' id='word_1_115' title='bbox 100 1495 138 1516; x_wconf 85' lang='lat' dir='ltr'><strong>ex</strong></span> <span class='ocrx_word' id='word_1_116' title='bbox 163 1489 232 1517; x_wconf 72' lang='lat' dir='ltr'><strong>ak&#39;re</strong></span> <span class='ocrx_word' id='word_1_117' title='bbox 255 1488 376 1518; x_wconf 79' lang='lat' dir='ltr'><strong>obscuro</strong></span> <span class='ocrx_word' id='word_1_118' title='bbox 383 1487 416 1524; x_wconf 90' lang='lat'><strong>‚·”</strong></span> <span class='ocrx_word' id='word_1_119' title='bbox 441 1498 504 1528; x_wconf 89' lang='lat' dir='ltr'><strong>quo</strong></span> <span class='ocrx_word' id='word_1_120' title='bbox 525 1487 654 1517; x_wconf 89' lang='lat' dir='ltr'><strong>nomine</strong></span> <span class='ocrx_word' id='word_1_121' title='bbox 678 1487 719 1517; x_wconf 89' lang='lat' dir='ltr'><strong>ad</strong></span> <span class='ocrx_word' id='word_1_122' title='bbox 733 1497 794 1517; x_wconf 90' lang='lat' dir='ltr'><strong>ver.</strong></span> 
     </span>
     <span class='ocr_line' id='line_1_23' title="bbox 64 1539 795 1579; baseline 0.003 -11"><span class='ocrx_word' id='word_1_123' title='bbox 64 1541 136 1568; x_wconf 85' lang='lat'><strong>411.</strong></span> <span class='ocrx_word' id='word_1_124' title='bbox 159 1539 250 1578; x_wconf 85' lang='lat' dir='ltr'><strong>po&#39;e&#39;ta</strong></span> <span class='ocrx_word' id='word_1_125' title='bbox 264 1539 351 1579; x_wconf 87' lang='lat' dir='ltr'><strong>prius</strong></span> <span class='ocrx_word' id='word_1_126' title='bbox 372 1541 492 1570; x_wconf 90' lang='lat' dir='ltr'><strong>nubem</strong></span> <span class='ocrx_word' id='word_1_127' title='bbox 508 1540 699 1570; x_wconf 87' lang='lat' dir='ltr'><strong>distinxerat.</strong></span> <span class='ocrx_word' id='word_1_128' title='bbox 743 1539 795 1570; x_wconf 93' lang='lat' dir='ltr'><strong>De</strong></span> 
     </span>
     <span class='ocr_line' id='line_1_24' title="bbox 60 1588 797 1622; baseline 0.003 -3"><span class='ocrx_word' id='word_1_129' title='bbox 60 1588 176 1619; x_wconf 83' lang='lat' dir='ltr'><strong>harum</strong></span> <span class='ocrx_word' id='word_1_130' title='bbox 195 1590 366 1620; x_wconf 85' lang='lat' dir='ltr'><strong>lectionum</strong></span> <span class='ocrx_word' id='word_1_131' title='bbox 390 1590 573 1622; x_wconf 84' lang='lat' dir='ltr'><strong>confusione</strong></span> <span class='ocrx_word' id='word_1_132' title='bbox 595 1591 733 1622; x_wconf 78' lang='lat' dir='ltr'><strong>dix-imus</strong></span> <span class='ocrx_word' id='word_1_133' title='bbox 756 1591 797 1621; x_wconf 88' lang='lat' dir='ltr'><strong>ad</strong></span> 
     </span>
     <span class='ocr_line' id='line_1_25' title="bbox 58 1641 793 1682; baseline 0.003 -10"><span class='ocrx_word' id='word_1_134' title='bbox 58 1641 92 1672; x_wconf 82' lang='lat' dir='ltr'><strong>ii.</strong></span> <span class='ocrx_word' id='word_1_135' title='bbox 109 1644 179 1673; x_wconf 87' lang='lat'><strong>145.</strong></span> <span class='ocrx_word' id='word_1_136' title='bbox 225 1643 457 1682; x_wconf 89' lang='lat' dir='ltr'><strong>Contempleris</strong></span> <span class='ocrx_word' id='word_1_137' title='bbox 472 1643 567 1673; x_wconf 86' lang='lat' dir='ltr'><strong>etiam</strong></span> <span class='ocrx_word' id='word_1_138' title='bbox 581 1654 706 1674; x_wconf 84' lang='lat' dir='ltr'><strong>versum</strong></span> <span class='ocrx_word' id='word_1_139' title='bbox 722 1644 793 1674; x_wconf 90' lang='lat' dir='ltr'><strong>Ho-</strong></span> 
     </span>
     <span class='ocr_line' id='line_1_26' title="bbox 60 1693 794 1736; baseline 0.004 -13"><span class='ocrx_word' id='word_1_140' title='bbox 60 1693 152 1732; x_wconf 84' lang='lat' dir='ltr'><strong>meri,</strong></span> <span class='ocrx_word' id='word_1_141' title='bbox 178 1693 242 1724; x_wconf 86' lang='lat' dir='ltr'><strong>Od.</strong></span> <span class='ocrx_word' id='word_1_142' title='bbox 261 1701 293 1725; x_wconf 84' lang='lat' dir='ltr'><strong>H.</strong></span> <span class='ocrx_word' id='word_1_143' title='bbox 319 1698 388 1726; x_wconf 81' lang='lat'><strong>145.</strong></span> <span class='ocrx_word' id='word_1_144' title='bbox 412 1706 506 1736; x_wconf 89' lang='lat' dir='ltr'><strong>quem</strong></span> <span class='ocrx_word' id='word_1_145' title='bbox 528 1695 737 1734; x_wconf 88' lang='lat' dir='ltr'><strong>reddendum,</strong></span> <span class='ocrx_word' id='word_1_146' title='bbox 761 1695 794 1725; x_wconf 87' lang='lat' dir='ltr'><strong>in</strong></span> 
     </span>
     <span class='ocr_line' id='line_1_27' title="bbox 63 1746 796 1788; baseline 0 -11"><span class='ocrx_word' id='word_1_147' title='bbox 63 1746 177 1777; x_wconf 67' lang='lat' dir='ltr'><strong>eadem</strong></span> <span class='ocrx_word' id='word_1_148' title='bbox 191 1747 321 1778; x_wconf 74' lang='lat' dir='ltr'><strong>mater-le</strong></span> <span class='ocrx_word' id='word_1_149' title='bbox 335 1754 485 1786; x_wconf 86' lang='lat' dir='ltr'><strong>versatus,</strong></span> <span class='ocrx_word' id='word_1_150' title='bbox 502 1749 561 1779; x_wconf 87' lang='lat' dir='ltr'><strong>sibi</strong></span> <span class='ocrx_word' id='word_1_151' title='bbox 576 1748 684 1788; x_wconf 86' lang='lat' dir='ltr'><strong>procul</strong></span> <span class='ocrx_word' id='word_1_152' title='bbox 700 1748 796 1779; x_wconf 91' lang='lat' dir='ltr'><strong>dubio</strong></span> 
     </span>
     <span class='ocr_line' id='line_1_28' title="bbox 62 1800 708 1841; baseline 0.005 -13"><span class='ocrx_word' id='word_1_153' title='bbox 62 1803 147 1829; x_wconf 75' lang='lat' dir='ltr'><strong>vates</strong></span> <span class='ocrx_word' id='word_1_154' title='bbox 162 1800 489 1830; x_wconf 82' lang='lat' dir='ltr'><strong>consummatissimus</strong></span> <span class='ocrx_word' id='word_1_155' title='bbox 503 1801 708 1841; x_wconf 85' lang='lat' dir='ltr'><strong>proponebat:</strong></span> 
     </span>
    </p>
   </div>
   <div class='ocr_carea' id='block_1_14' title="bbox 73 1887 772 1923">
    <p class='ocr_par' dir='ltr' id='par_1_15' title="bbox 73 1887 772 1923">
     <span class='ocr_line' id='line_1_29' title="bbox 73 1887 772 1923; baseline 0.001 -10"><span class='ocrx_word' id='word_1_156' title='bbox 73 1889 126 1913; x_wconf 77' lang='lat' dir='ltr'><strong>Kou</strong></span> <span class='ocrx_word' id='word_1_157' title='bbox 137 1897 194 1914; x_wconf 56' lang='lat' dir='ltr'><strong>vore</strong></span> <span class='ocrx_word' id='word_1_158' title='bbox 207 1888 237 1917; x_wconf 72' lang='grc' dir='ltr'><strong>δη</strong></span> <span class='ocrx_word' id='word_1_159' title='bbox 249 1887 275 1923; x_wconf 81' lang='grc' dir='ltr'><strong>ῥ’</strong></span> <span class='ocrx_word' id='word_1_160' title='bbox 289 1899 373 1915; x_wconf 75' lang='grc' dir='ltr'><strong><em>αυτοιο</em></strong></span> <span class='ocrx_word' id='word_1_161' title='bbox 386 1893 462 1915; x_wconf 60' lang='lat' dir='ltr'><strong>sunu</strong></span> <span class='ocrx_word' id='word_1_162' title='bbox 475 1899 540 1923; x_wconf 78' lang='grc' dir='ltr'><strong><em>χυτο</em></strong></span> <span class='ocrx_word' id='word_1_163' title='bbox 555 1889 681 1922; x_wconf 56' lang='lat' dir='ltr'><strong>&amp;swam-05</strong></span> <span class='ocrx_word' id='word_1_164' title='bbox 695 1888 772 1915; x_wconf 77' lang='lat' dir='ltr'><strong>AHP.</strong></span> 
     </span>
    </p>
   </div>
   <div class='ocr_carea' id='block_1_15' title="bbox 58 1953 796 2549">
    <p class='ocr_par' dir='ltr' id='par_1_16' title="bbox 58 1953 795 2250">
     <span class='ocr_line' id='line_1_30' title="bbox 62 1953 794 1994; baseline 0.001 -10"><span class='ocrx_word' id='word_1_165' title='bbox 62 1953 163 1992; x_wconf 79' lang='lat' dir='ltr'><strong>Quid,</strong></span> <span class='ocrx_word' id='word_1_166' title='bbox 190 1954 275 1994; x_wconf 90' lang='lat' dir='ltr'><strong>quod</strong></span> <span class='ocrx_word' id='word_1_167' title='bbox 290 1966 308 1985; x_wconf 87' lang='lat' dir='ltr'><strong>a</strong></span> <span class='ocrx_word' id='word_1_168' title='bbox 327 1955 417 1985; x_wconf 88' lang='lat' dir='ltr'><strong>nobis</strong></span> <span class='ocrx_word' id='word_1_169' title='bbox 434 1955 532 1986; x_wconf 84' lang='lat' dir='ltr'><strong>Servii</strong></span> <span class='ocrx_word' id='word_1_170' title='bbox 555 1961 614 1986; x_wconf 83' lang='lat' dir='ltr'><strong>stet</strong></span> <span class='ocrx_word' id='word_1_171' title='bbox 636 1955 730 1986; x_wconf 81' lang='lat' dir='ltr'><strong>etiam</strong></span> <span class='ocrx_word' id='word_1_172' title='bbox 745 1955 794 1986; x_wconf 90' lang='lat' dir='ltr'><strong>di-</strong></span> 
     </span>
     <span class='ocr_line' id='line_1_31' title="bbox 62 2004 794 2042; baseline 0.003 -7"><span class='ocrx_word' id='word_1_173' title='bbox 62 2004 271 2036; x_wconf 77' lang='lat' dir='ltr'><strong>sertissimum</strong></span> <span class='ocrx_word' id='word_1_174' title='bbox 308 2006 545 2038; x_wconf 84' lang='lat' dir='ltr'><strong>testimonium?</strong></span> <span class='ocrx_word' id='word_1_175' title='bbox 585 2012 608 2027; x_wconf 79' lang='lat'><strong>‘⁶</strong></span> <span class='ocrx_word' id='word_1_176' title='bbox 627 2007 711 2042; x_wconf 85' lang='lat' dir='ltr'><strong>Quia</strong></span> <span class='ocrx_word' id='word_1_177' title='bbox 740 2010 794 2037; x_wconf 76' lang='grc' dir='ltr'><strong>αέν</strong></span> 
     </span>
     <span class='ocr_line' id='line_1_32' title="bbox 61 2055 795 2098; baseline 0.003 -12"><span class='ocrx_word' id='word_1_178' title='bbox 61 2059 86 2075; x_wconf 86' lang='grc'><strong>“</strong></span> <span class='ocrx_word' id='word_1_179' title='bbox 101 2055 250 2087; x_wconf 89' lang='lat' dir='ltr'><strong>collectus</strong></span> <span class='ocrx_word' id='word_1_180' title='bbox 264 2058 364 2088; x_wconf 89' lang='lat' dir='ltr'><strong>nubes</strong></span> <span class='ocrx_word' id='word_1_181' title='bbox 376 2057 476 2098; x_wconf 77' lang='lat' dir='ltr'><strong>facit,</strong></span> <span class='ocrx_word' id='word_1_182' title='bbox 504 2063 539 2088; x_wconf 84' lang='lat' dir='ltr'><strong>ut</strong></span> <span class='ocrx_word' id='word_1_183' title='bbox 554 2068 581 2088; x_wconf 91' lang='lat' dir='ltr'><strong>v.</strong></span> <span class='ocrx_word' id='word_1_184' title='bbox 597 2061 648 2089; x_wconf 77' lang='lat'><strong>20.</strong></span> <span class='ocrx_word' id='word_1_185' title='bbox 692 2059 795 2098; x_wconf 81' lang='lat' dir='ltr'><strong>Atque</strong></span> 
     </span>
     <span class='ocr_line' id='line_1_33' title="bbox 58 2109 795 2150; baseline 0.003 -12"><span class='ocrx_word' id='word_1_186' title='bbox 58 2109 84 2126; x_wconf 91' lang='lat'>“</span> <span class='ocrx_word' id='word_1_187' title='bbox 99 2109 134 2138; x_wconf 79' lang='lat' dir='ltr'><strong>in</strong></span> <span class='ocrx_word' id='word_1_188' title='bbox 162 2109 270 2138; x_wconf 82' lang='lat' dir='ltr'><strong>nubem</strong></span> <span class='ocrx_word' id='word_1_189' title='bbox 307 2110 427 2148; x_wconf 76' lang='lat' dir='ltr'><strong>cogitur</strong></span> <span class='ocrx_word' id='word_1_190' title='bbox 457 2112 526 2140; x_wconf 55' lang='lat' dir='ltr'><strong>aar:</strong></span> <span class='ocrx_word' id='word_1_191' title='bbox 561 2119 632 2150; x_wconf 84' lang='lat' dir='ltr'><strong>quae</strong></span> <span class='ocrx_word' id='word_1_192' title='bbox 670 2109 795 2150; x_wconf 85' lang='lat' dir='ltr'><strong>puriore</strong></span> 
     </span>
     <span class='ocr_line' id='line_1_34' title="bbox 59 2159 792 2192; baseline 0.005 -3"><span class='ocrx_word' id='word_1_193' title='bbox 59 2161 83 2178; x_wconf 76' lang='lat'><strong>‘⁴</strong></span> <span class='ocrx_word' id='word_1_194' title='bbox 103 2164 196 2189; x_wconf 87' lang='lat' dir='ltr'><strong>vento</strong></span> <span class='ocrx_word' id='word_1_195' title='bbox 211 2159 390 2190; x_wconf 86' lang='lat' dir='ltr'><strong>dissolvitur</strong></span> <span class='ocrx_word' id='word_1_196' title='bbox 403 2161 438 2190; x_wconf 89' lang='lat' dir='ltr'><strong>in</strong></span> <span class='ocrx_word' id='word_1_197' title='bbox 452 2161 583 2192; x_wconf 82' lang='lat' dir='ltr'><strong>a&#39;e&#39;rem.’‘</strong></span> <span class='ocrx_word' id='word_1_198' title='bbox 621 2162 729 2192; x_wconf 85' lang='lat' dir='ltr'><strong>Codex</strong></span> <span class='ocrx_word' id='word_1_199' title='bbox 744 2162 792 2192; x_wconf 84' lang='lat' dir='ltr'><strong>in-</strong></span> 
     </span>
     <span class='ocr_line' id='line_1_35' title="bbox 60 2211 634 2250; baseline 0.002 -9"><span class='ocrx_word' id='word_1_200' title='bbox 60 2221 154 2250; x_wconf 83' lang='lat' dir='ltr'><strong>super</strong></span> <span class='ocrx_word' id='word_1_201' title='bbox 168 2222 252 2242; x_wconf 90' lang='lat' dir='ltr'><strong>unus</strong></span> <span class='ocrx_word' id='word_1_202' title='bbox 267 2217 298 2242; x_wconf 90' lang='lat' dir='ltr'><strong>et</strong></span> <span class='ocrx_word' id='word_1_203' title='bbox 312 2211 390 2242; x_wconf 89' lang='lat' dir='ltr'><strong>alter</strong></span> <span class='ocrx_word' id='word_1_204' title='bbox 405 2222 470 2241; x_wconf 89' lang='lat' dir='ltr'><strong>non</strong></span> <span class='ocrx_word' id='word_1_205' title='bbox 485 2212 634 2243; x_wconf 87' lang='lat' dir='ltr'><strong>dissentit.</strong></span> 
     </span>
    </p>

    <p class='ocr_par' dir='ltr' id='par_1_17' title="bbox 59 2262 796 2549">
     <span class='ocr_line' id='line_1_36' title="bbox 104 2262 794 2296; baseline 0.004 -4"><span class='ocrx_word' id='word_1_206' title='bbox 104 2263 180 2293; x_wconf 84' lang='lat' dir='ltr'><strong>Ver.</strong></span> <span class='ocrx_word' id='word_1_207' title='bbox 196 2266 270 2294; x_wconf 87' lang='lat'><strong>510.</strong></span> <span class='ocrx_word' id='word_1_208' title='bbox 300 2262 473 2295; x_wconf 70' lang='lat' dir='ltr'><strong>medic-inci.-</strong></span> <span class='ocrx_word' id='word_1_209' title='bbox 502 2263 598 2294; x_wconf 91' lang='lat' dir='ltr'><strong>Vind.</strong></span> <span class='ocrx_word' id='word_1_210' title='bbox 615 2264 654 2295; x_wconf 92' lang='lat' dir='ltr'><strong>V.</strong></span> <span class='ocrx_word' id='word_1_211' title='bbox 678 2264 726 2295; x_wconf 89' lang='lat' dir='ltr'><strong>ed.</strong></span> <span class='ocrx_word' id='word_1_212' title='bbox 755 2264 794 2296; x_wconf 93' lang='grc' dir='ltr'><strong>Ο.</strong></span> 
     </span>
     <span class='ocr_line' id='line_1_37' title="bbox 59 2314 796 2355; baseline 0.003 -11"><span class='ocrx_word' id='word_1_213' title='bbox 59 2315 256 2345; x_wconf 78' lang='lat' dir='ltr'><strong>medicinam.</strong></span> <span class='ocrx_word' id='word_1_214' title='bbox 304 2314 338 2345; x_wconf 87' lang='lat' dir='ltr'><strong>Si</strong></span> <span class='ocrx_word' id='word_1_215' title='bbox 360 2314 499 2345; x_wconf 87' lang='lat' dir='ltr'><strong>dicerent</strong></span> <span class='ocrx_word' id='word_1_216' title='bbox 523 2315 655 2355; x_wconf 87' lang='lat' dir='ltr'><strong>antiqui,</strong></span> <span class='ocrx_word' id='word_1_217' title='bbox 690 2321 727 2346; x_wconf 89' lang='lat' dir='ltr'><strong>ut</strong></span> <span class='ocrx_word' id='word_1_218' title='bbox 749 2327 796 2346; x_wconf 83' lang='lat' dir='ltr'><strong>em</strong></span> 
     </span>
     <span class='ocr_line' id='line_1_38' title="bbox 61 2365 795 2408; baseline 0.004 -13"><span class='ocrx_word' id='word_1_219' title='bbox 61 2375 119 2405; x_wconf 86' lang='lat' dir='ltr'><strong>pro</strong></span> <span class='ocrx_word' id='word_1_220' title='bbox 133 2376 214 2404; x_wconf 82' lang='lat' dir='ltr'><strong>eum,</strong></span> <span class='ocrx_word' id='word_1_221' title='bbox 237 2365 280 2396; x_wconf 91' lang='lat' dir='ltr'><strong>sic</strong></span> <span class='ocrx_word' id='word_1_222' title='bbox 295 2366 389 2396; x_wconf 87' lang='lat' dir='ltr'><strong>etiam</strong></span> <span class='ocrx_word' id='word_1_223' title='bbox 407 2379 458 2397; x_wconf 81' lang='lat' dir='ltr'><strong>am</strong></span> <span class='ocrx_word' id='word_1_224' title='bbox 473 2377 532 2406; x_wconf 88' lang='lat' dir='ltr'><strong>pro</strong></span> <span class='ocrx_word' id='word_1_225' title='bbox 546 2378 625 2404; x_wconf 81' lang='lat' dir='ltr'><strong>eam,</strong></span> <span class='ocrx_word' id='word_1_226' title='bbox 649 2367 732 2408; x_wconf 86' lang='lat' dir='ltr'><strong>quod</strong></span> <span class='ocrx_word' id='word_1_227' title='bbox 749 2368 795 2398; x_wconf 80' lang='lat' dir='ltr'><strong>af-</strong></span> 
     </span>
     <span class='ocr_line' id='line_1_39' title="bbox 61 2415 795 2456; baseline 0.003 -10"><span class='ocrx_word' id='word_1_228' title='bbox 61 2415 190 2446; x_wconf 83' lang='lat' dir='ltr'><strong>firmant</strong></span> <span class='ocrx_word' id='word_1_229' title='bbox 215 2416 272 2446; x_wconf 84' lang='lat' dir='ltr'><strong>viri</strong></span> <span class='ocrx_word' id='word_1_230' title='bbox 287 2416 370 2447; x_wconf 88' lang='lat' dir='ltr'><strong>docti</strong></span> <span class='ocrx_word' id='word_1_231' title='bbox 385 2428 488 2456; x_wconf 88' lang='lat' dir='ltr'><strong>supra,</strong></span> <span class='ocrx_word' id='word_1_232' title='bbox 515 2417 556 2447; x_wconf 85' lang='lat' dir='ltr'><strong>ad</strong></span> <span class='ocrx_word' id='word_1_233' title='bbox 570 2428 630 2448; x_wconf 88' lang='lat' dir='ltr'><strong>ver.</strong></span> <span class='ocrx_word' id='word_1_234' title='bbox 647 2421 719 2450; x_wconf 78' lang='lat'><strong>445.</strong></span> <span class='ocrx_word' id='word_1_235' title='bbox 742 2419 795 2449; x_wconf 85' lang='lat' dir='ltr'><strong>sed</strong></span> 
     </span>
     <span class='ocr_line' id='line_1_40' title="bbox 61 2468 794 2510; baseline 0.005 -14"><span class='ocrx_word' id='word_1_236' title='bbox 61 2476 127 2497; x_wconf 84' lang='lat' dir='ltr'><strong>non</strong></span> <span class='ocrx_word' id='word_1_237' title='bbox 142 2469 289 2507; x_wconf 79' lang='lat' dir='ltr'><strong>probant3</strong></span> <span class='ocrx_word' id='word_1_238' title='bbox 308 2468 473 2499; x_wconf 89' lang='lat' dir='ltr'><strong>Lucretius</strong></span> <span class='ocrx_word' id='word_1_239' title='bbox 488 2474 558 2499; x_wconf 91' lang='lat' dir='ltr'><strong>tum</strong></span> <span class='ocrx_word' id='word_1_240' title='bbox 574 2469 728 2509; x_wconf 82' lang='lat' dir='ltr'><strong>scripsisse</strong></span> <span class='ocrx_word' id='word_1_241' title='bbox 738 2480 794 2510; x_wconf 87' lang='lat' dir='ltr'><strong>po-</strong></span> 
     </span>
     <span class='ocr_line' id='line_1_41' title="bbox 63 2524 157 2549; baseline 0.011 -1"><span class='ocrx_word' id='word_1_242' title='bbox 63 2524 157 2549; x_wconf 81' lang='lat' dir='ltr'><strong>terat:</strong></span> 
     </span>
    </p>
   </div>
   <div class='ocr_carea' id='block_1_16' title="bbox 77 2596 202 2605">
    <p class='ocr_par' dir='ltr' id='par_1_18' title="bbox 77 2596 202 2605">
     <span class='ocr_line' id='line_1_42' title="bbox 77 2596 202 2605; baseline 0 0"><span class='ocrx_word' id='word_1_243' title='bbox 77 2596 202 2605; x_wconf 95' lang='lat' dir='ltr'><strong> </strong></span> 
     </span>
    </p>
   </div>
   <div class='ocr_carea' id='block_1_17' title="bbox 211 2585 761 2620">
    <p class='ocr_par' dir='ltr' id='par_1_19' title="bbox 211 2585 761 2620">
     <span class='ocr_line' id='line_1_43' title="bbox 211 2585 761 2620; baseline 0.005 -10"><span class='ocrx_word' id='word_1_244' title='bbox 211 2588 240 2610; x_wconf 91' lang='lat' dir='ltr'><strong>et</strong></span> <span class='ocrx_word' id='word_1_245' title='bbox 251 2585 325 2611; x_wconf 85' lang='lat' dir='ltr'><strong>flecti</strong></span> <span class='ocrx_word' id='word_1_246' title='bbox 335 2586 470 2612; x_wconf 68' lang='lat' dir='ltr'><strong>medicina</strong></span> <span class='ocrx_word' id='word_1_247' title='bbox 481 2594 524 2611; x_wconf 86' lang='lat' dir='ltr'><strong>am</strong></span> <span class='ocrx_word' id='word_1_248' title='bbox 537 2594 612 2620; x_wconf 86' lang='lat' dir='ltr'><strong>posse</strong></span> <span class='ocrx_word' id='word_1_249' title='bbox 623 2588 761 2613; x_wconf 85' lang='lat' dir='ltr'><strong>videmus:</strong></span> 
     </span>
    </p>
   </div>
   <div class='ocr_carea' id='block_1_18' title="bbox 61 2647 799 2951">
    <p class='ocr_par' dir='ltr' id='par_1_20' title="bbox 61 2647 795 2836">
     <span class='ocr_line' id='line_1_44' title="bbox 61 2647 795 2683; baseline 0.004 -5"><span class='ocrx_word' id='word_1_250' title='bbox 61 2647 137 2679; x_wconf 85' lang='lat' dir='ltr'><strong>hinc</strong></span> <span class='ocrx_word' id='word_1_251' title='bbox 148 2649 234 2679; x_wconf 89' lang='lat' dir='ltr'><strong>enim</strong></span> <span class='ocrx_word' id='word_1_252' title='bbox 249 2650 379 2680; x_wconf 88' lang='lat' dir='ltr'><strong>variatio</strong></span> <span class='ocrx_word' id='word_1_253' title='bbox 394 2656 568 2683; x_wconf 82' lang='lat' dir='ltr'><strong>memorata</strong></span> <span class='ocrx_word' id='word_1_254' title='bbox 583 2651 674 2682; x_wconf 87' lang='lat' dir='ltr'><strong>facile</strong></span> <span class='ocrx_word' id='word_1_255' title='bbox 688 2657 795 2682; x_wconf 84' lang='lat' dir='ltr'><strong>exorta</strong></span> 
     </span>
     <span class='ocr_line' id='line_1_45' title="bbox 62 2703 795 2742; baseline 0.005 -13"><span class='ocrx_word' id='word_1_256' title='bbox 62 2705 155 2738; x_wconf 81' lang='lat' dir='ltr'><strong>esset;</strong></span> <span class='ocrx_word' id='word_1_257' title='bbox 179 2710 213 2730; x_wconf 88' lang='lat' dir='ltr'><strong>re</strong></span> <span class='ocrx_word' id='word_1_258' title='bbox 228 2706 335 2731; x_wconf 86' lang='lat' dir='ltr'><strong>autem</strong></span> <span class='ocrx_word' id='word_1_259' title='bbox 356 2703 400 2732; x_wconf 85' lang='lat' dir='ltr'><strong>sic</strong></span> <span class='ocrx_word' id='word_1_260' title='bbox 426 2713 458 2732; x_wconf 90' lang='lat' dir='ltr'><strong>se</strong></span> <span class='ocrx_word' id='word_1_261' title='bbox 478 2703 622 2742; x_wconf 86' lang='lat' dir='ltr'><strong>habente,</strong></span> <span class='ocrx_word' id='word_1_262' title='bbox 648 2708 684 2733; x_wconf 89' lang='lat' dir='ltr'><strong>ut</strong></span> <span class='ocrx_word' id='word_1_263' title='bbox 709 2713 795 2733; x_wconf 90' lang='lat' dir='ltr'><strong>nunc</strong></span> 
     </span>
     <span class='ocr_line' id='line_1_46' title="bbox 63 2750 794 2795; baseline 0.008 -15"><span class='ocrx_word' id='word_1_264' title='bbox 63 2750 167 2790; x_wconf 81' lang='lat' dir='ltr'><strong>habet,</strong></span> <span class='ocrx_word' id='word_1_265' title='bbox 185 2751 224 2782; x_wconf 91' lang='lat' dir='ltr'><strong>de</strong></span> <span class='ocrx_word' id='word_1_266' title='bbox 238 2753 415 2784; x_wconf 87' lang='lat' dir='ltr'><strong>mutatione</strong></span> <span class='ocrx_word' id='word_1_267' title='bbox 431 2753 632 2785; x_wconf 88' lang='lat' dir='ltr'><strong>temerarium</strong></span> <span class='ocrx_word' id='word_1_268' title='bbox 648 2760 695 2786; x_wconf 90' lang='lat' dir='ltr'><strong>est</strong></span> <span class='ocrx_word' id='word_1_269' title='bbox 709 2755 794 2795; x_wconf 85' lang='lat' dir='ltr'><strong>cogi-</strong></span> 
     </span>
     <span class='ocr_line' id='line_1_47' title="bbox 65 2803 473 2836; baseline 0.015 -6"><span class='ocrx_word' id='word_1_270' title='bbox 65 2804 138 2831; x_wconf 79' lang='lat' dir='ltr'><strong>tare.</strong></span> <span class='ocrx_word' id='word_1_271' title='bbox 183 2803 260 2834; x_wconf 87' lang='lat' dir='ltr'><strong>Mox</strong></span> <span class='ocrx_word' id='word_1_272' title='bbox 279 2811 320 2835; x_wconf 89' lang='grc' dir='ltr'><strong>Π.</strong></span> <span class='ocrx_word' id='word_1_273' title='bbox 337 2808 473 2836; x_wconf 80' lang='lat' dir='ltr'><strong>mortale.</strong></span> 
     </span>
    </p>

    <p class='ocr_par' dir='ltr' id='par_1_21' title="bbox 65 2853 799 2951">
     <span class='ocr_line' id='line_1_48' title="bbox 111 2853 795 2900; baseline 0.01 -15"><span class='ocrx_word' id='word_1_274' title='bbox 111 2853 185 2886; x_wconf 83' lang='lat' dir='ltr'><strong>Ver.</strong></span> <span class='ocrx_word' id='word_1_275' title='bbox 203 2859 274 2888; x_wconf 81' lang='lat'><strong>512.</strong></span> <span class='ocrx_word' id='word_1_276' title='bbox 297 2861 422 2891; x_wconf 81' lang='lat' dir='ltr'><strong>ordine:</strong></span> <span class='ocrx_word' id='word_1_277' title='bbox 450 2867 491 2890; x_wconf 90' lang='grc' dir='ltr'><strong>Π.</strong></span> <span class='ocrx_word' id='word_1_278' title='bbox 513 2861 795 2900; x_wconf 71' lang='lat' dir='ltr'><strong>ordinem—traji-</strong></span> 
     </span>
     <span class='ocr_line' id='line_1_49' title="bbox 65 2906 799 2951; baseline 0.011 -17"><span class='ocrx_word' id='word_1_279' title='bbox 65 2914 147 2936; x_wconf 75' lang='lat' dir='ltr'><strong>cere:</strong></span> <span class='ocrx_word' id='word_1_280' title='bbox 187 2906 220 2937; x_wconf 89' lang='lat' dir='ltr'><strong>in</strong></span> <span class='ocrx_word' id='word_1_281' title='bbox 249 2910 391 2951; x_wconf 79' lang='lat' dir='ltr'><strong>margine</strong></span> <span class='ocrx_word' id='word_1_282' title='bbox 421 2911 614 2943; x_wconf 86' lang='lat' dir='ltr'><strong>Veronensis</strong></span> <span class='ocrx_word' id='word_1_283' title='bbox 653 2912 799 2944; x_wconf 81' lang='lat' dir='ltr'><strong>editionis</strong></span> 
     </span>
    </p>
   </div>
   <div class='ocr_carea' id='block_1_19' title="bbox 836 861 1573 2039">
    <p class='ocr_par' dir='ltr' id='par_1_22' title="bbox 836 861 1573 1566">
     <span class='ocr_line' id='line_1_50' title="bbox 840 861 1569 902; baseline 0.003 -10"><span class='ocrx_word' id='word_1_284' title='bbox 840 862 989 901; x_wconf 87' lang='lat' dir='ltr'><strong>scriptum</strong></span> <span class='ocrx_word' id='word_1_285' title='bbox 1010 867 1085 898; x_wconf 88' lang='lat' dir='ltr'><strong>erat,</strong></span> <span class='ocrx_word' id='word_1_286' title='bbox 1108 861 1261 891; x_wconf 88' lang='lat' dir='ltr'><strong>referente</strong></span> <span class='ocrx_word' id='word_1_287' title='bbox 1278 861 1508 902; x_wconf 57' lang='lat' dir='ltr'><strong>Hermi-campo,</strong></span> <span class='ocrx_word' id='word_1_288' title='bbox 1531 874 1569 894; x_wconf 76' lang='lat' dir='ltr'><strong>ex</strong></span> 
     </span>
     <span class='ocr_line' id='line_1_51' title="bbox 840 912 1571 955; baseline 0.004 -13"><span class='ocrx_word' id='word_1_289' title='bbox 840 914 951 944; x_wconf 85' lang='lat' dir='ltr'><strong>vetusti</strong></span> <span class='ocrx_word' id='word_1_290' title='bbox 974 913 1089 943; x_wconf 80' lang='lat' dir='ltr'><strong>codicis</strong></span> <span class='ocrx_word' id='word_1_291' title='bbox 1111 912 1290 949; x_wconf 88' lang='lat' dir='ltr'><strong>collatione,</strong></span> <span class='ocrx_word' id='word_1_292' title='bbox 1312 916 1442 945; x_wconf 79' lang='lat' dir='ltr'><strong>traicere</strong></span> <span class='ocrx_word' id='word_1_293' title='bbox 1447 929 1458 949; x_wconf 89' lang='grc'><strong>,·</strong></span> <span class='ocrx_word' id='word_1_294' title='bbox 1487 915 1571 955; x_wconf 91' lang='lat' dir='ltr'><strong>quod</strong></span> 
     </span>
     <span class='ocr_line' id='line_1_52' title="bbox 840 965 1571 1006; baseline 0.001 -10"><span class='ocrx_word' id='word_1_295' title='bbox 840 965 1000 1006; x_wconf 88' lang='lat' dir='ltr'><strong>antiquius</strong></span> <span class='ocrx_word' id='word_1_296' title='bbox 1015 971 1072 1003; x_wconf 87' lang='lat' dir='ltr'><strong>est,</strong></span> <span class='ocrx_word' id='word_1_297' title='bbox 1088 971 1193 1005; x_wconf 89' lang='lat' dir='ltr'><strong>atque,</strong></span> <span class='ocrx_word' id='word_1_298' title='bbox 1209 965 1280 995; x_wconf 71' lang='lat' dir='ltr'><strong>mea</strong></span> <span class='ocrx_word' id='word_1_299' title='bbox 1295 966 1454 1005; x_wconf 89' lang='lat' dir='ltr'><strong>opinione,</strong></span> <span class='ocrx_word' id='word_1_300' title='bbox 1471 977 1490 996; x_wconf 88' lang='lat' dir='ltr'><strong>a</strong></span> <span class='ocrx_word' id='word_1_301' title='bbox 1504 967 1571 997; x_wconf 85' lang='lat' dir='ltr'><strong>Lu-</strong></span> 
     </span>
     <span class='ocr_line' id='line_1_53' title="bbox 841 1016 1572 1058; baseline 0.003 -12"><span class='ocrx_word' id='word_1_302' title='bbox 841 1017 928 1047; x_wconf 81' lang='lat' dir='ltr'><strong>cretii</strong></span> <span class='ocrx_word' id='word_1_303' title='bbox 942 1027 1041 1047; x_wconf 89' lang='lat' dir='ltr'><strong>manu</strong></span> <span class='ocrx_word' id='word_1_304' title='bbox 1057 1016 1242 1056; x_wconf 87' lang='lat' dir='ltr'><strong>profectum.</strong></span> <span class='ocrx_word' id='word_1_305' title='bbox 1287 1017 1329 1047; x_wconf 87' lang='lat' dir='ltr'><strong>In</strong></span> <span class='ocrx_word' id='word_1_306' title='bbox 1346 1017 1497 1058; x_wconf 87' lang='lat' dir='ltr'><strong>glossario</strong></span> <span class='ocrx_word' id='word_1_307' title='bbox 1519 1028 1572 1048; x_wconf 89' lang='lat' dir='ltr'><strong>ve-</strong></span> 
     </span>
     <span class='ocr_line' id='line_1_54' title="bbox 841 1068 1096 1109; baseline -0.004 -10"><span class='ocrx_word' id='word_1_308' title='bbox 841 1075 906 1099; x_wconf 91' lang='lat' dir='ltr'><strong>tere</strong></span> <span class='ocrx_word' id='word_1_309' title='bbox 935 1068 1096 1109; x_wconf 83' lang='lat' dir='ltr'><strong>leguntur,</strong></span> 
     </span>
     <span class='ocr_line' id='line_1_55' title="bbox 839 1122 1572 1163; baseline -0.001 -9"><span class='ocrx_word' id='word_1_310' title='bbox 839 1125 1058 1160; x_wconf 76' lang='lat' dir='ltr'><strong>traiciendum,</strong></span> <span class='ocrx_word' id='word_1_311' title='bbox 1084 1124 1265 1153; x_wconf 73' lang='lat' dir='ltr'><strong>traiciendo.</strong></span> <span class='ocrx_word' id='word_1_312' title='bbox 1312 1122 1362 1152; x_wconf 90' lang='lat' dir='ltr'><strong>Sic</strong></span> <span class='ocrx_word' id='word_1_313' title='bbox 1391 1123 1432 1152; x_wconf 84' lang='lat' dir='ltr'><strong>ad</strong></span> <span class='ocrx_word' id='word_1_314' title='bbox 1460 1123 1572 1163; x_wconf 84' lang='lat' dir='ltr'><strong>Veget.</strong></span> 
     </span>
     <span class='ocr_line' id='line_1_56' title="bbox 839 1172 1573 1212; baseline -0.001 -9"><span class='ocrx_word' id='word_1_315' title='bbox 839 1179 894 1203; x_wconf 89' lang='lat' dir='ltr'><strong>art.</strong></span> <span class='ocrx_word' id='word_1_316' title='bbox 924 1179 1015 1203; x_wconf 85' lang='lat' dir='ltr'><strong>veter.</strong></span> <span class='ocrx_word' id='word_1_317' title='bbox 1042 1172 1084 1203; x_wconf 82' lang='lat' dir='ltr'><strong>iii.</strong></span> <span class='ocrx_word' id='word_1_318' title='bbox 1115 1176 1163 1203; x_wconf 90' lang='lat'><strong>18.</strong></span> <span class='ocrx_word' id='word_1_319' title='bbox 1193 1177 1224 1203; x_wconf 79' lang='lat'><strong>5.</strong></span> <span class='ocrx_word' id='word_1_320' title='bbox 1256 1173 1368 1212; x_wconf 86' lang='lat' dir='ltr'><strong>optimi</strong></span> <span class='ocrx_word' id='word_1_321' title='bbox 1389 1173 1573 1203; x_wconf 74' lang='lat' dir='ltr'><strong>codices:—</strong></span> 
     </span>
     <span class='ocr_line' id='line_1_57' title="bbox 840 1223 1571 1262; baseline 0.001 -9"><span class='ocrx_word' id='word_1_322' title='bbox 840 1227 862 1242; x_wconf 89' lang='lat'>“</span> <span class='ocrx_word' id='word_1_323' title='bbox 878 1234 934 1262; x_wconf 89' lang='lat' dir='ltr'><strong>per</strong></span> <span class='ocrx_word' id='word_1_324' title='bbox 954 1223 1064 1253; x_wconf 87' lang='lat' dir='ltr'><strong>eadem</strong></span> <span class='ocrx_word' id='word_1_325' title='bbox 1083 1223 1240 1253; x_wconf 86' lang='lat' dir='ltr'><strong>foramina</strong></span> <span class='ocrx_word' id='word_1_326' title='bbox 1261 1223 1459 1254; x_wconf 76' lang='lat' dir='ltr'><strong>traicies—.’‘</strong></span> <span class='ocrx_word' id='word_1_327' title='bbox 1506 1224 1571 1254; x_wconf 89' lang='lat' dir='ltr'><strong>Ne-</strong></span> 
     </span>
     <span class='ocr_line' id='line_1_58' title="bbox 837 1273 1572 1315; baseline -0.001 -10"><span class='ocrx_word' id='word_1_328' title='bbox 837 1284 898 1315; x_wconf 87' lang='lat' dir='ltr'><strong>que</strong></span> <span class='ocrx_word' id='word_1_329' title='bbox 922 1274 1011 1305; x_wconf 87' lang='lat' dir='ltr'><strong>aliter</strong></span> <span class='ocrx_word' id='word_1_330' title='bbox 1036 1274 1070 1303; x_wconf 89' lang='lat' dir='ltr'><strong>in</strong></span> <span class='ocrx_word' id='word_1_331' title='bbox 1095 1273 1230 1304; x_wconf 80' lang='lat' dir='ltr'><strong>aliorum</strong></span> <span class='ocrx_word' id='word_1_332' title='bbox 1257 1280 1423 1304; x_wconf 85' lang='lat' dir='ltr'><strong>auctorum</strong></span> <span class='ocrx_word' id='word_1_333' title='bbox 1452 1274 1572 1313; x_wconf 86' lang='lat' dir='ltr'><strong>scriptis</strong></span> 
     </span>
     <span class='ocr_line' id='line_1_59' title="bbox 836 1326 1569 1366; baseline -0.001 -9"><span class='ocrx_word' id='word_1_334' title='bbox 836 1326 1076 1366; x_wconf 80' lang='lat' dir='ltr'><strong>exemplaribus,</strong></span> <span class='ocrx_word' id='word_1_335' title='bbox 1122 1327 1206 1356; x_wconf 88' lang='lat' dir='ltr'><strong>Mihi</strong></span> <span class='ocrx_word' id='word_1_336' title='bbox 1224 1326 1496 1365; x_wconf 87' lang='lat' dir='ltr'><strong>persuasissimum</strong></span> <span class='ocrx_word' id='word_1_337' title='bbox 1513 1332 1569 1364; x_wconf 85' lang='lat' dir='ltr'><strong>est,</strong></span> 
     </span>
     <span class='ocr_line' id='line_1_60' title="bbox 836 1378 1570 1418; baseline 0 -10"><span class='ocrx_word' id='word_1_338' title='bbox 836 1388 888 1409; x_wconf 89' lang='lat' dir='ltr'><strong>me</strong></span> <span class='ocrx_word' id='word_1_339' title='bbox 903 1378 1022 1417; x_wconf 88' lang='lat' dir='ltr'><strong>optime</strong></span> <span class='ocrx_word' id='word_1_340' title='bbox 1037 1379 1195 1409; x_wconf 85' lang='lat' dir='ltr'><strong>facturum</strong></span> <span class='ocrx_word' id='word_1_341' title='bbox 1210 1378 1319 1415; x_wconf 86' lang='lat' dir='ltr'><strong>fuisse,</strong></span> <span class='ocrx_word' id='word_1_342' title='bbox 1341 1379 1366 1408; x_wconf 89' lang='lat' dir='ltr'><strong>si</strong></span> <span class='ocrx_word' id='word_1_343' title='bbox 1386 1379 1501 1418; x_wconf 83' lang='lat' dir='ltr'><strong>passim</strong></span> <span class='ocrx_word' id='word_1_344' title='bbox 1516 1389 1570 1418; x_wconf 89' lang='lat' dir='ltr'><strong>per</strong></span> 
     </span>
     <span class='ocr_line' id='line_1_61' title="bbox 837 1431 1569 1471; baseline 0 -10"><span class='ocrx_word' id='word_1_345' title='bbox 837 1431 976 1462; x_wconf 87' lang='lat' dir='ltr'><strong>Lucretii</strong></span> <span class='ocrx_word' id='word_1_346' title='bbox 994 1431 1134 1461; x_wconf 81' lang='lat' dir='ltr'><strong>carmina</strong></span> <span class='ocrx_word' id='word_1_347' title='bbox 1156 1431 1189 1461; x_wconf 93' lang='lat' dir='ltr'><strong>in</strong></span> <span class='ocrx_word' id='word_1_348' title='bbox 1213 1432 1360 1461; x_wconf 89' lang='lat' dir='ltr'><strong>omnibus</strong></span> <span class='ocrx_word' id='word_1_349' title='bbox 1375 1431 1505 1471; x_wconf 78' lang='lat' dir='ltr'><strong>hujusce</strong></span> <span class='ocrx_word' id='word_1_350' title='bbox 1521 1442 1569 1461; x_wconf 87' lang='lat' dir='ltr'><strong>ra-</strong></span> 
     </span>
     <span class='ocr_line' id='line_1_62' title="bbox 838 1482 1569 1522; baseline -0.001 -9"><span class='ocrx_word' id='word_1_351' title='bbox 838 1482 915 1513; x_wconf 90' lang='lat' dir='ltr'><strong>dicis</strong></span> <span class='ocrx_word' id='word_1_352' title='bbox 943 1482 1134 1513; x_wconf 87' lang='lat' dir='ltr'><strong>dictionibus</strong></span> <span class='ocrx_word' id='word_1_353' title='bbox 1159 1484 1240 1513; x_wconf 86' lang='lat' dir='ltr'><strong>hanc</strong></span> <span class='ocrx_word' id='word_1_354' title='bbox 1269 1482 1454 1522; x_wconf 84' lang='lat' dir='ltr'><strong>scripturam</strong></span> <span class='ocrx_word' id='word_1_355' title='bbox 1480 1494 1569 1513; x_wconf 81' lang='lat' dir='ltr'><strong>revo-</strong></span> 
     </span>
     <span class='ocr_line' id='line_1_63' title="bbox 839 1545 964 1566; baseline 0 0"><span class='ocrx_word' id='word_1_356' title='bbox 839 1545 964 1566; x_wconf 84' lang='lat' dir='ltr'><strong>cassem.</strong></span> 
     </span>
    </p>

    <p class='ocr_par' dir='ltr' id='par_1_23' title="bbox 838 1586 1571 2039">
     <span class='ocr_line' id='line_1_64' title="bbox 883 1586 1570 1618; baseline -0.001 -2"><span class='ocrx_word' id='word_1_357' title='bbox 883 1587 957 1617; x_wconf 90' lang='lat' dir='ltr'><strong>Ver.</strong></span> <span class='ocrx_word' id='word_1_358' title='bbox 975 1589 1047 1618; x_wconf 83' lang='lat'><strong>515.</strong></span> <span class='ocrx_word' id='word_1_359' title='bbox 1076 1588 1251 1618; x_wconf 76' lang='lat' dir='ltr'><strong>detrahere:</strong></span> <span class='ocrx_word' id='word_1_360' title='bbox 1286 1593 1326 1617; x_wconf 89' lang='grc' dir='ltr'><strong>Π.</strong></span> <span class='ocrx_word' id='word_1_361' title='bbox 1352 1586 1570 1618; x_wconf 54' lang='lat' dir='ltr'><strong>trahere—Et</strong></span> 
     </span>
     <span class='ocr_line' id='line_1_65' title="bbox 838 1640 1569 1678; baseline 0 -8"><span class='ocrx_word' id='word_1_362' title='bbox 838 1640 975 1678; x_wconf 87' lang='lat' dir='ltr'><strong>attende,</strong></span> <span class='ocrx_word' id='word_1_363' title='bbox 999 1640 1107 1678; x_wconf 90' lang='lat' dir='ltr'><strong>lector,</strong></span> <span class='ocrx_word' id='word_1_364' title='bbox 1130 1640 1208 1671; x_wconf 91' lang='lat' dir='ltr'><strong>dum</strong></span> <span class='ocrx_word' id='word_1_365' title='bbox 1224 1646 1255 1671; x_wconf 91' lang='lat' dir='ltr'><strong>te</strong></span> <span class='ocrx_word' id='word_1_366' title='bbox 1277 1641 1441 1671; x_wconf 84' lang='lat' dir='ltr'><strong>certiorem</strong></span> <span class='ocrx_word' id='word_1_367' title='bbox 1456 1641 1569 1671; x_wconf 87' lang='lat' dir='ltr'><strong>faciam</strong></span> 
     </span>
     <span class='ocr_line' id='line_1_66' title="bbox 839 1691 1570 1732; baseline 0 -11"><span class='ocrx_word' id='word_1_368' title='bbox 839 1691 878 1721; x_wconf 89' lang='lat' dir='ltr'><strong>de</strong></span> <span class='ocrx_word' id='word_1_369' title='bbox 907 1691 1039 1722; x_wconf 90' lang='lat' dir='ltr'><strong>maculis</strong></span> <span class='ocrx_word' id='word_1_370' title='bbox 1071 1692 1251 1730; x_wconf 81' lang='lat' dir='ltr'><strong>teterrimis,</strong></span> <span class='ocrx_word' id='word_1_371' title='bbox 1289 1692 1401 1732; x_wconf 88' lang='lat' dir='ltr'><strong>quibus</strong></span> <span class='ocrx_word' id='word_1_372' title='bbox 1427 1692 1570 1729; x_wconf 88' lang='lat' dir='ltr'><strong>editores,</strong></span> 
     </span>
     <span class='ocr_line' id='line_1_67' title="bbox 838 1742 1568 1784; baseline 0 -12"><span class='ocrx_word' id='word_1_373' title='bbox 838 1752 934 1781; x_wconf 90' lang='lat' dir='ltr'><strong>pecus</strong></span> <span class='ocrx_word' id='word_1_374' title='bbox 954 1743 1261 1773; x_wconf 88' lang='lat' dir='ltr'><strong>invenustissimum!</strong></span> <span class='ocrx_word' id='word_1_375' title='bbox 1289 1743 1344 1784; x_wconf 89' lang='lat' dir='ltr'><strong>(sit</strong></span> <span class='ocrx_word' id='word_1_376' title='bbox 1360 1744 1452 1772; x_wconf 89' lang='lat' dir='ltr'><strong>verbo</strong></span> <span class='ocrx_word' id='word_1_377' title='bbox 1466 1742 1568 1780; x_wconf 89' lang='lat' dir='ltr'><strong>venia,</strong></span> 
     </span>
     <span class='ocr_line' id='line_1_68' title="bbox 841 1793 1569 1836; baseline 0 -12"><span class='ocrx_word' id='word_1_378' title='bbox 841 1794 925 1834; x_wconf 90' lang='lat' dir='ltr'><strong>quod</strong></span> <span class='ocrx_word' id='word_1_379' title='bbox 946 1794 1032 1834; x_wconf 86' lang='lat' dir='ltr'><strong>justa</strong></span> <span class='ocrx_word' id='word_1_380' title='bbox 1051 1793 1227 1836; x_wconf 86' lang='lat' dir='ltr'><strong>indignatio</strong></span> <span class='ocrx_word' id='word_1_381' title='bbox 1249 1795 1288 1824; x_wconf 93' lang='lat' dir='ltr'><strong>ob</strong></span> <span class='ocrx_word' id='word_1_382' title='bbox 1304 1805 1466 1824; x_wconf 88' lang='lat' dir='ltr'><strong>summum</strong></span> <span class='ocrx_word' id='word_1_383' title='bbox 1481 1794 1569 1834; x_wconf 87' lang='lat' dir='ltr'><strong>inge-</strong></span> 
     </span>
     <span class='ocr_line' id='line_1_69' title="bbox 840 1844 1571 1884; baseline 0.003 -10"><span class='ocrx_word' id='word_1_384' title='bbox 840 1844 930 1875; x_wconf 88' lang='lat' dir='ltr'><strong>nium</strong></span> <span class='ocrx_word' id='word_1_385' title='bbox 946 1845 1058 1875; x_wconf 87' lang='lat' dir='ltr'><strong>misere</strong></span> <span class='ocrx_word' id='word_1_386' title='bbox 1070 1845 1273 1884; x_wconf 86' lang='lat' dir='ltr'><strong>deturpatum</strong></span> <span class='ocrx_word' id='word_1_387' title='bbox 1288 1846 1378 1876; x_wconf 88' lang='lat' dir='ltr'><strong>nobis</strong></span> <span class='ocrx_word' id='word_1_388' title='bbox 1392 1845 1571 1876; x_wconf 86' lang='lat' dir='ltr'><strong>nolentibus</strong></span> 
     </span>
     <span class='ocr_line' id='line_1_70' title="bbox 839 1896 1568 1936; baseline 0 -10"><span class='ocrx_word' id='word_1_389' title='bbox 839 1896 1037 1936; x_wconf 85' lang='lat' dir='ltr'><strong>expresserit)</strong></span> <span class='ocrx_word' id='word_1_390' title='bbox 1055 1906 1180 1926; x_wconf 87' lang='lat' dir='ltr'><strong>versum</strong></span> <span class='ocrx_word' id='word_1_391' title='bbox 1196 1906 1300 1926; x_wconf 85' lang='lat' dir='ltr'><strong>coram</strong></span> <span class='ocrx_word' id='word_1_392' title='bbox 1316 1896 1406 1926; x_wconf 90' lang='lat' dir='ltr'><strong>nobis</strong></span> <span class='ocrx_word' id='word_1_393' title='bbox 1420 1906 1568 1935; x_wconf 89' lang='lat' dir='ltr'><strong>conspur-</strong></span> 
     </span>
     <span class='ocr_line' id='line_1_71' title="bbox 839 1947 1568 1986; baseline -0.001 -8"><span class='ocrx_word' id='word_1_394' title='bbox 839 1949 990 1986; x_wconf 89' lang='lat' dir='ltr'><strong>caverint;</strong></span> <span class='ocrx_word' id='word_1_395' title='bbox 1014 1948 1058 1978; x_wconf 86' lang='lat' dir='ltr'><strong>ita</strong></span> <span class='ocrx_word' id='word_1_396' title='bbox 1074 1947 1189 1978; x_wconf 88' lang='lat' dir='ltr'><strong>scilicet</strong></span> <span class='ocrx_word' id='word_1_397' title='bbox 1215 1953 1323 1978; x_wconf 83' lang='lat' dir='ltr'><strong>contra</strong></span> <span class='ocrx_word' id='word_1_398' title='bbox 1349 1947 1444 1978; x_wconf 84' lang='lat' dir='ltr'><strong>fidem</strong></span> <span class='ocrx_word' id='word_1_399' title='bbox 1468 1954 1568 1978; x_wconf 92' lang='lat' dir='ltr'><strong>vetus-</strong></span> 
     </span>
     <span class='ocr_line' id='line_1_72' title="bbox 838 1999 1570 2039; baseline 0 -9"><span class='ocrx_word' id='word_1_400' title='bbox 838 2005 946 2030; x_wconf 85' lang='lat' dir='ltr'><strong>torum</strong></span> <span class='ocrx_word' id='word_1_401' title='bbox 983 1999 1211 2039; x_wconf 84' lang='lat' dir='ltr'><strong>exemplarium</strong></span> <span class='ocrx_word' id='word_1_402' title='bbox 1248 1999 1333 2030; x_wconf 87' lang='lat' dir='ltr'><strong>haud</strong></span> <span class='ocrx_word' id='word_1_403' title='bbox 1371 2000 1570 2031; x_wconf 86' lang='lat' dir='ltr'><strong>verecundati</strong></span> 
     </span>
    </p>
   </div>
   <div class='ocr_carea' id='block_1_20' title="bbox 838 2052 982 2083">
    <p class='ocr_par' dir='ltr' id='par_1_24' title="bbox 838 2052 982 2083">
     <span class='ocr_line' id='line_1_73' title="bbox 838 2052 982 2083; baseline 0 -1"><span class='ocrx_word' id='word_1_404' title='bbox 838 2052 968 2083; x_wconf 84' lang='lat' dir='ltr'><strong>scribere</strong></span> <span class='ocrx_word' id='word_1_405' title='bbox 976 2064 982 2082; x_wconf 73' lang='grc' dir='ltr'>ε</span> 
     </span>
    </p>
   </div>
   <div class='ocr_carea' id='block_1_21' title="bbox 1140 1071 1571 1107">
    <p class='ocr_par' dir='ltr' id='par_1_25' title="bbox 1140 1071 1571 1107">
     <span class='ocr_line' id='line_1_74' title="bbox 1140 1071 1571 1107; baseline 0.002 -7"><span class='ocrx_word' id='word_1_406' title='bbox 1140 1071 1264 1107; x_wconf 81' lang='lat' dir='ltr'><strong>Trat&#39;ce,</strong></span> <span class='ocrx_word' id='word_1_407' title='bbox 1297 1072 1424 1105; x_wconf 73' lang='grc' dir='ltr'><em>-τναὶεἰο,</em></span> <span class='ocrx_word' id='word_1_408' title='bbox 1453 1072 1571 1106; x_wconf 77' lang='lat' dir='ltr'><strong>traicit,</strong></span> 
     </span>
    </p>
   </div>
   <div class='ocr_carea' id='block_1_22' title="bbox 869 2118 1552 2150">
    <p class='ocr_par' dir='ltr' id='par_1_26' title="bbox 869 2118 1552 2150">
     <span class='ocr_line' id='line_1_75' title="bbox 869 2118 1552 2150; baseline 0.001 -7"><span class='ocrx_word' id='word_1_409' title='bbox 869 2119 925 2144; x_wconf 85' lang='lat' dir='ltr'><strong>Aut</strong></span> <span class='ocrx_word' id='word_1_410' title='bbox 936 2118 1009 2143; x_wconf 82' lang='lat' dir='ltr'><strong>aliud</strong></span> <span class='ocrx_word' id='word_1_411' title='bbox 1019 2125 1146 2150; x_wconf 87' lang='lat' dir='ltr'><strong>prorsum</strong></span> <span class='ocrx_word' id='word_1_412' title='bbox 1156 2120 1189 2144; x_wconf 88' lang='lat' dir='ltr'><strong>de</strong></span> <span class='ocrx_word' id='word_1_413' title='bbox 1199 2119 1307 2143; x_wconf 63' lang='lat' dir='ltr'><strong>summa</strong></span> <span class='ocrx_word' id='word_1_414' title='bbox 1317 2119 1460 2144; x_wconf 80' lang='lat' dir='ltr'><strong>detrahere</strong></span> <span class='ocrx_word' id='word_1_415' title='bbox 1470 2119 1552 2144; x_wconf 81' lang='lat' dir='ltr'><strong>illum.</strong></span> 
     </span>
    </p>
   </div>
   <div class='ocr_carea' id='block_1_23' title="bbox 837 2168 1572 2786">
    <p class='ocr_par' dir='ltr' id='par_1_27' title="bbox 837 2168 1570 2311">
     <span class='ocr_line' id='line_1_76' title="bbox 837 2168 1570 2217; baseline 0.001 -11"><span class='ocrx_word' id='word_1_416' title='bbox 837 2175 998 2206; x_wconf 86' lang='lat' dir='ltr'><strong>Vidistine</strong></span> <span class='ocrx_word' id='word_1_417' title='bbox 1016 2186 1160 2217; x_wconf 87' lang='lat' dir='ltr'><strong>unquam</strong></span> <span class='ocrx_word' id='word_1_418' title='bbox 1174 2176 1276 2206; x_wconf 88' lang='lat' dir='ltr'><strong>fedius</strong></span> <span class='ocrx_word' id='word_1_419' title='bbox 1289 2176 1417 2217; x_wconf 82' lang='lat' dir='ltr'><strong>aliquid,</strong></span> <span class='ocrx_word' id='word_1_420' title='bbox 1433 2168 1488 2207; x_wconf 80' lang='lat' dir='ltr'><strong>aut</strong></span> <span class='ocrx_word' id='word_1_421' title='bbox 1502 2177 1570 2207; x_wconf 85' lang='lat' dir='ltr'><strong>vul-</strong></span> 
     </span>
     <span class='ocr_line' id='line_1_77' title="bbox 839 2227 1570 2270; baseline 0.001 -12"><span class='ocrx_word' id='word_1_422' title='bbox 839 2227 964 2269; x_wconf 81' lang='lat' dir='ltr'><strong>garius?</strong></span> <span class='ocrx_word' id='word_1_423' title='bbox 991 2228 1071 2259; x_wconf 76' lang='lat' dir='ltr'>1111ae</span> <span class='ocrx_word' id='word_1_424' title='bbox 1086 2229 1241 2259; x_wconf 76' lang='lat' dir='ltr'><strong>cathedrae</strong></span> <span class='ocrx_word' id='word_1_425' title='bbox 1255 2239 1352 2268; x_wconf 87' lang='lat' dir='ltr'><strong>puero</strong></span> <span class='ocrx_word' id='word_1_426' title='bbox 1371 2230 1420 2258; x_wconf 85' lang='lat' dir='ltr'><strong>vix</strong></span> <span class='ocrx_word' id='word_1_427' title='bbox 1436 2229 1570 2270; x_wconf 88' lang='lat' dir='ltr'><strong>dignum</strong></span> 
     </span>
     <span class='ocr_line' id='line_1_78' title="bbox 837 2280 1375 2311; baseline 0 -1"><span class='ocrx_word' id='word_1_428' title='bbox 837 2290 904 2310; x_wconf 86' lang='lat' dir='ltr'><strong>esse</strong></span> <span class='ocrx_word' id='word_1_429' title='bbox 918 2281 979 2310; x_wconf 83' lang='lat' dir='ltr'><strong>hoe</strong></span> <span class='ocrx_word' id='word_1_430' title='bbox 994 2286 1155 2310; x_wconf 89' lang='lat' dir='ltr'><strong>tentamen</strong></span> <span class='ocrx_word' id='word_1_431' title='bbox 1171 2280 1375 2311; x_wconf 80' lang='lat' dir='ltr'><strong>confiteberis.</strong></span> 
     </span>
    </p>

    <p class='ocr_par' dir='ltr' id='par_1_28' title="bbox 839 2331 1572 2786">
     <span class='ocr_line' id='line_1_79' title="bbox 883 2331 1569 2372; baseline 0 -11"><span class='ocrx_word' id='word_1_432' title='bbox 883 2331 965 2362; x_wconf 90' lang='lat' dir='ltr'><strong>Ibid.</strong></span> <span class='ocrx_word' id='word_1_433' title='bbox 988 2333 1085 2362; x_wconf 74' lang='lat' dir='ltr'><strong>hilum</strong></span> <span class='ocrx_word' id='word_1_434' title='bbox 1098 2345 1108 2362; x_wconf 89' lang='lat'><em>:</em></span> <span class='ocrx_word' id='word_1_435' title='bbox 1140 2331 1161 2361; x_wconf 89' lang='lat' dir='ltr'><strong>i.</strong></span> <span class='ocrx_word' id='word_1_436' title='bbox 1176 2342 1202 2362; x_wconf 89' lang='lat' dir='ltr'><strong>e.</strong></span> <span class='ocrx_word' id='word_1_437' title='bbox 1227 2335 1248 2350; x_wconf 91' lang='lat'><strong>“</strong></span> <span class='ocrx_word' id='word_1_438' title='bbox 1265 2333 1356 2362; x_wconf 85' lang='lat' dir='ltr'><strong>breve</strong></span> <span class='ocrx_word' id='word_1_439' title='bbox 1375 2331 1569 2372; x_wconf 82' lang='lat' dir='ltr'><strong>quoddam,&#39;&#39;</strong></span> 
     </span>
     <span class='ocr_line' id='line_1_80' title="bbox 839 2383 1571 2424; baseline 0 -10"><span class='ocrx_word' id='word_1_440' title='bbox 839 2383 886 2414; x_wconf 87' lang='lat' dir='ltr'><strong>uti</strong></span> <span class='ocrx_word' id='word_1_441' title='bbox 898 2383 1025 2414; x_wconf 84' lang='lat' dir='ltr'><strong>Nonius</strong></span> <span class='ocrx_word' id='word_1_442' title='bbox 1040 2383 1227 2424; x_wconf 86' lang='lat' dir='ltr'><strong>generaliter</strong></span> <span class='ocrx_word' id='word_1_443' title='bbox 1242 2384 1380 2423; x_wconf 83' lang='lat' dir='ltr'><strong>exponit,</strong></span> <span class='ocrx_word' id='word_1_444' title='bbox 1397 2383 1435 2413; x_wconf 89' lang='lat' dir='ltr'><strong>ad</strong></span> <span class='ocrx_word' id='word_1_445' title='bbox 1450 2384 1482 2413; x_wconf 92' lang='lat' dir='ltr'><strong>ii.</strong></span> <span class='ocrx_word' id='word_1_446' title='bbox 1498 2387 1571 2415; x_wconf 79' lang='lat'><strong>402.</strong></span> 
     </span>
     <span class='ocr_line' id='line_1_81' title="bbox 839 2435 1572 2475; baseline 0.001 -10"><span class='ocrx_word' id='word_1_447' title='bbox 839 2435 1032 2475; x_wconf 87' lang='lat' dir='ltr'><strong>Explicatior</strong></span> <span class='ocrx_word' id='word_1_448' title='bbox 1063 2441 1109 2466; x_wconf 86' lang='lat' dir='ltr'><strong>est</strong></span> <span class='ocrx_word' id='word_1_449' title='bbox 1135 2437 1259 2466; x_wconf 81' lang='lat' dir='ltr'><strong>Festus:</strong></span> <span class='ocrx_word' id='word_1_450' title='bbox 1287 2439 1309 2454; x_wconf 87' lang='lat'>“</span> <span class='ocrx_word' id='word_1_451' title='bbox 1327 2437 1437 2465; x_wconf 75' lang='lat' dir='ltr'><strong>Hz&#39;lum</strong></span> <span class='ocrx_word' id='word_1_452' title='bbox 1460 2440 1572 2474; x_wconf 87' lang='lat' dir='ltr'><strong>putant</strong></span> 
     </span>
     <span class='ocr_line' id='line_1_82' title="bbox 841 2487 1571 2528; baseline 0.001 -11"><span class='ocrx_word' id='word_1_453' title='bbox 841 2491 863 2505; x_wconf 85' lang='lat'>“</span> <span class='ocrx_word' id='word_1_454' title='bbox 879 2497 956 2525; x_wconf 88' lang='lat' dir='ltr'><strong>esse,</strong></span> <span class='ocrx_word' id='word_1_455' title='bbox 971 2487 1056 2528; x_wconf 91' lang='lat' dir='ltr'><strong>quod</strong></span> <span class='ocrx_word' id='word_1_456' title='bbox 1070 2498 1170 2528; x_wconf 87' lang='lat' dir='ltr'><strong>grano</strong></span> <span class='ocrx_word' id='word_1_457' title='bbox 1186 2489 1266 2518; x_wconf 85' lang='lat' dir='ltr'><strong>fabae</strong></span> <span class='ocrx_word' id='word_1_458' title='bbox 1281 2487 1431 2517; x_wconf 72' lang='lat' dir='ltr'><strong>adhaeret:</strong></span> <span class='ocrx_word' id='word_1_459' title='bbox 1459 2497 1495 2516; x_wconf 89' lang='lat' dir='ltr'><strong>ex</strong></span> <span class='ocrx_word' id='word_1_460' title='bbox 1507 2498 1571 2528; x_wconf 93' lang='lat' dir='ltr'><strong>quo</strong></span> 
     </span>
     <span class='ocr_line' id='line_1_83' title="bbox 839 2537 1571 2576; baseline 0 -8"><span class='ocrx_word' id='word_1_461' title='bbox 839 2542 860 2556; x_wconf 89' lang='lat'><strong>“</strong></span> <span class='ocrx_word' id='word_1_462' title='bbox 876 2541 967 2576; x_wconf 79' lang='lat' dir='ltr'><strong>m&#39;lzz&#39;l,</strong></span> <span class='ocrx_word' id='word_1_463' title='bbox 999 2545 1030 2569; x_wconf 88' lang='lat' dir='ltr'><strong>et</strong></span> <span class='ocrx_word' id='word_1_464' title='bbox 1066 2538 1230 2570; x_wconf 77' lang='lat' dir='ltr'><strong>nilzz&#39;lum.”</strong></span> <span class='ocrx_word' id='word_1_465' title='bbox 1293 2537 1571 2573; x_wconf 81' lang='lat' dir='ltr'><strong>Quemadmodum</strong></span> 
     </span>
     <span class='ocr_line' id='line_1_84' title="bbox 841 2589 1571 2631; baseline -0.001 -11"><span class='ocrx_word' id='word_1_466' title='bbox 841 2589 945 2620; x_wconf 86' lang='lat' dir='ltr'><strong>Graeci</strong></span> <span class='ocrx_word' id='word_1_467' title='bbox 961 2590 1142 2620; x_wconf 91' lang='lat' dir='ltr'><strong>nominibus</strong></span> <span class='ocrx_word' id='word_1_468' title='bbox 1158 2603 1222 2630; x_wconf 67' lang='lat' dir='ltr'><strong>rypu,</strong></span> <span class='ocrx_word' id='word_1_469' title='bbox 1240 2602 1350 2631; x_wconf 75' lang='grc' dir='ltr'><strong>κεραια,</strong></span> <span class='ocrx_word' id='word_1_470' title='bbox 1366 2594 1397 2619; x_wconf 88' lang='lat' dir='ltr'><strong>et</strong></span> <span class='ocrx_word' id='word_1_471' title='bbox 1410 2603 1494 2626; x_wconf 71' lang='lat' dir='ltr'><strong>mm,</strong></span> <span class='ocrx_word' id='word_1_472' title='bbox 1514 2600 1571 2628; x_wconf 89' lang='lat' dir='ltr'><strong>pro</strong></span> 
     </span>
     <span class='ocr_line' id='line_1_85' title="bbox 839 2643 1571 2684; baseline 0.003 -11"><span class='ocrx_word' id='word_1_473' title='bbox 839 2644 932 2673; x_wconf 90' lang='lat' dir='ltr'><strong>rebus</strong></span> <span class='ocrx_word' id='word_1_474' title='bbox 961 2644 1107 2674; x_wconf 89' lang='lat' dir='ltr'><strong>omnium</strong></span> <span class='ocrx_word' id='word_1_475' title='bbox 1144 2643 1374 2682; x_wconf 79' lang='lat' dir='ltr'><strong>minutissimis,</strong></span> <span class='ocrx_word' id='word_1_476' title='bbox 1411 2651 1571 2684; x_wconf 87' lang='lat' dir='ltr'><strong>usurpant.</strong></span> 
     </span>
     <span class='ocr_line' id='line_1_86' title="bbox 839 2695 1570 2734; baseline 0 -8"><span class='ocrx_word' id='word_1_477' title='bbox 839 2695 939 2726; x_wconf 86' lang='lat' dir='ltr'><strong>Po&#39;e&#39;ta</strong></span> <span class='ocrx_word' id='word_1_478' title='bbox 975 2701 1063 2725; x_wconf 72' lang='lat' dir='ltr'><strong>vetut</strong></span> <span class='ocrx_word' id='word_1_479' title='bbox 1091 2695 1175 2734; x_wconf 87' lang='lat' dir='ltr'><strong>apud</strong></span> <span class='ocrx_word' id='word_1_480' title='bbox 1211 2696 1259 2726; x_wconf 87' lang='lat' dir='ltr'><strong>M.</strong></span> <span class='ocrx_word' id='word_1_481' title='bbox 1290 2695 1445 2732; x_wconf 85' lang='lat' dir='ltr'><strong>Tullium,</strong></span> <span class='ocrx_word' id='word_1_482' title='bbox 1476 2696 1570 2727; x_wconf 82' lang='lat' dir='ltr'><strong>Tusc.</strong></span> 
     </span>
     <span class='ocr_line' id='line_1_87' title="bbox 839 2746 1018 2786; baseline -0.006 -9"><span class='ocrx_word' id='word_1_483' title='bbox 839 2746 937 2786; x_wconf 90' lang='lat' dir='ltr'><strong>dispp.</strong></span> <span class='ocrx_word' id='word_1_484' title='bbox 953 2746 972 2776; x_wconf 88' lang='lat' dir='ltr'><strong>i.</strong></span> <span class='ocrx_word' id='word_1_485' title='bbox 989 2749 1018 2777; x_wconf 87' lang='lat'><strong>5.</strong></span> 
     </span>
    </p>
   </div>
   <div class='ocr_carea' id='block_1_24' title="bbox 872 2805 1554 2879">
    <p class='ocr_par' dir='ltr' id='par_1_29' title="bbox 872 2805 1554 2879">
     <span class='ocr_line' id='line_1_88' title="bbox 1189 2805 1506 2838; baseline 0.006 -9"><span class='ocrx_word' id='word_1_486' title='bbox 1189 2805 1269 2837; x_wconf 78' lang='lat' dir='ltr'><strong>Quod</strong></span> <span class='ocrx_word' id='word_1_487' title='bbox 1283 2806 1407 2838; x_wconf 86' lang='lat' dir='ltr'><strong>Sisyphus</strong></span> <span class='ocrx_word' id='word_1_488' title='bbox 1419 2810 1506 2831; x_wconf 82' lang='lat' dir='ltr'><strong>versat</strong></span> 
     </span>
     <span class='ocr_line' id='line_1_89' title="bbox 872 2845 1554 2879; baseline 0.001 -10"><span class='ocrx_word' id='word_1_489' title='bbox 872 2847 986 2875; x_wconf 85' lang='lat' dir='ltr'><strong>Saxum,</strong></span> <span class='ocrx_word' id='word_1_490' title='bbox 996 2845 1094 2870; x_wconf 86' lang='lat' dir='ltr'><strong>sudans</strong></span> <span class='ocrx_word' id='word_1_491' title='bbox 1104 2845 1215 2871; x_wconf 87' lang='lat' dir='ltr'><strong>nitendo</strong></span> <span class='ocrx_word' id='word_1_492' title='bbox 1225 2854 1233 2877; x_wconf 69' lang='grc' dir='ltr'><strong>ς</strong></span> <span class='ocrx_word' id='word_1_493' title='bbox 1251 2853 1338 2878; x_wconf 88' lang='lat' dir='ltr'><strong>neque</strong></span> <span class='ocrx_word' id='word_1_494' title='bbox 1349 2846 1455 2879; x_wconf 85' lang='lat' dir='ltr'><strong>proficit</strong></span> <span class='ocrx_word' id='word_1_495' title='bbox 1466 2847 1554 2871; x_wconf 79' lang='lat' dir='ltr'><strong>hilum.</strong></span> 
     </span>
    </p>
   </div>
   <div class='ocr_carea' id='block_1_25' title="bbox 844 2911 1570 2951">
    <p class='ocr_par' dir='ltr' id='par_1_30' title="bbox 844 2911 1570 2951">
     <span class='ocr_line' id='line_1_90' title="bbox 844 2911 1570 2951; baseline 0 -9"><span class='ocrx_word' id='word_1_496' title='bbox 844 2911 910 2942; x_wconf 91' lang='lat' dir='ltr'><strong>Ubi</strong></span> <span class='ocrx_word' id='word_1_497' title='bbox 926 2911 1072 2942; x_wconf 86' lang='lat' dir='ltr'><strong>nonnulli</strong></span> <span class='ocrx_word' id='word_1_498' title='bbox 1088 2911 1218 2950; x_wconf 84' lang='lat' dir='ltr'><strong>codices,</strong></span> <span class='ocrx_word' id='word_1_499' title='bbox 1238 2914 1342 2951; x_wconf 80' lang='lat' dir='ltr'><strong>illum,·</strong></span> <span class='ocrx_word' id='word_1_500' title='bbox 1366 2913 1385 2943; x_wconf 89' lang='lat' dir='ltr'><strong>i.</strong></span> <span class='ocrx_word' id='word_1_501' title='bbox 1402 2924 1427 2943; x_wconf 81' lang='lat' dir='ltr'><strong>e.</strong></span> <span class='ocrx_word' id='word_1_502' title='bbox 1444 2914 1549 2943; x_wconf 67' lang='lat' dir='ltr'><strong>nillum</strong></span> <span class='ocrx_word' id='word_1_503' title='bbox 1560 2926 1570 2942; x_wconf 93' lang='grc'><strong>.-</strong></span> 
     </span>
    </p>
   </div>
  </div>
 </body>
</html>
