1912 3292
353 216 449 256 :340

808 206 813 209 ’
859 204 920 252 Τ.
963 203 1341 254 LUCRETII

497 338 652 380 Omnia
671 337 862 394 pervorsa
882 347 1133 393 praepostera
1153 346 1247 379 sunt
1267 338 1439 378 ratione:

497 412 614 454 Nihil
633 411 726 453 ideo
745 413 939 468 quoniam
959 420 1103 454 natum
1123 420 1182 453 est
1201 413 1244 452 in
1265 426 1452 466 corpore,
1474 419 1519 452 ut
1539 412 1599 453 uti

494 486 729 536 Possemus3
762 487 847 537 sed,
869 487 982 542 quod
1001 496 1145 528 natum
1166 496 1239 537 est,
1261 486 1304 527 id
1324 494 1513 541 procreat
1539 501 1670 528 usum.

494 560 583 602 Nec
604 560 680 602 fuit
700 568 795 602 ante
815 561 952 602 videre
972 561 1183 602 oculorum
1204 560 1359 601 lumina
1382 569 1476 602 nata
1484 579 1496 610 ;

381 640 462 676 835
493 635 583 677 Nec
602 635 721 675 dictis
742 649 860 675 orare
879 635 1008 688 prius,
1029 648 1152 689 quam
1173 634 1313 690 lingua
1333 644 1468 676 creata
1487 642 1562 676 est:

494 708 575 750 Sed
596 708 731 762 potius
750 707 872 763 longe
890 707 1043 763 linguae
1062 708 1269 761 praecessit
1287 709 1405 764 origo

493 782 734 823 Sermonem
741 797 753 828 3
785 779 994 835 multoque
1014 789 1161 821 creatae
1181 789 1275 822 sunt
1293 782 1406 836 prius
1426 797 1558 834 aures,

491 854 630 903 Quam
651 867 773 894 sonus
793 861 853 894 est
869 853 1048 904 auditus;
1081 863 1121 896 et
1141 855 1280 896 omnia
1300 855 1478 913 denique
1497 859 1680 901 membra

434 1027 689 1062 Culpantis'cupiam
700 1028 852 1054 sustinuisse
853 1028 953 1060 femen.

344 1086 389 1118 Et
415 1087 474 1117 hac
497 1087 635 1118 dictione
666 1086 795 1126 plurimi
824 1085 986 1125 scriptores
1021 1086 1069 1116 usi

342 1147 432 1170 sunt:
456 1139 526 1170 vide
543 1139 669 1170 Sueton.
696 1139 730 1168 in
757 1138 819 1168 Tit.
841 1142 869 1168 4.
896 1137 951 1168 fin.
973 1144 1004 1168 et
1027 1138 1069 1168 ibi

344 1190 622 1230 Oudendorpium;
641 1190 761 1231 Hygin.
777 1195 809 1220 et
825 1190 864 1226 Q.
882 1190 969 1221 Curt.
985 1190 1069 1221 mul·

340 1242 380 1272 tis
397 1243 430 1272 in
445 1242 536 1280 locis;
562 1242 651 1273 Oros
667 1242 737 1272 hist.
753 1242 786 1272 ii.
804 1246 834 1273 6.
857 1243 916 1272 sub
930 1242 996 1273 init.
1021 1249 1066 1272 at-

341 1303 404 1334 que
418 1304 496 1334 quos
512 1294 644 1335 longum
659 1293 739 1324 foret
754 1293 937 1334 singillatim
960 1304 1068 1325 recen-

341 1355 416 1376 sere.
461 1345 600 1376 Accedat
616 1351 722 1375 tamen
738 1344 821 1385 vulg.
845 1355 919 1375 vers.
942 1345 1014 1375 bibl.
1029 1345 1069 1375 ad

340 1395 439 1426 Levit.
456 1396 495 1426 vi.
516 1399 563 1427 10.
588 1399 610 1414 “
626 1396 786 1426 Vestietur
801 1395 907 1427 tunica
920 1396 1068 1432 sacerdos,

339 1450 363 1465 “
381 1453 412 1478 et
414 1447 621 1488 feminalibus
635 1447 803 1478 lineis—3⁹

383 1498 632 1539 Ibid.sunc1ata.-
661 1505 696 1528 ut
710 1509 737 1529 v.
755 1502 827 1530 9526.
851 1509 946 1540 quem
967 1499 1067 1529 adeas.

341 1550 507 1581 Minucius
521 1550 624 1588 Felix,
649 1556 720 1580 sect.
736 1551 876 1581 xvii.—“
891 1550 967 1580 alias
984 1550 1066 1591 (ani-

339 1604 363 1620 “
379 1601 515 1641 mantes)
528 1606 664 1631 armatas
672 1601 826 1636 cornibus,
838 1600 914 1630 alias
923 1600 1067 1630 dentibus

339 1655 363 1671 “
379 1658 499 1691 saeptas,
515 1652 730 1692 autfundmm
742 1651 882 1691 ungulis,
899 1657 954 1680 aut
968 1651 1066 1690 spica-

337 1707 360 1722 “
377 1710 424 1733 tas
441 1703 567 1740 aculeis,
584 1708 639 1732 aut
650 1702 766 1741 pedum
779 1702 932 1732 celeritate
944 1702 1066 1739 liberas,

337 1758 360 1774 “
376 1761 431 1786 aut
447 1755 581 1785 elatione
596 1753 783 1794 pinnarum?
789 1754 807 1765 ”

380 1806 455 1836 Ver.
477 1809 548 1837 827.
571 1812 654 1837 tum:
680 1805 834 1836 eruderati
860 1805 980 1835 codices
1004 1805 1064 1841 Pii,

333 1869 408 1894 πει-,-
428 1868 479 1888 me
494 1859 657 1897 probante:
679 1857 715 1887 P.
733 1856 830 1886 Vind.
843 1857 883 1886 V.
900 1856 948 1886 ed.
968 1857 1005 1886 B.
1023 1857 1062 1888 O.

335 1915 370 1941 Σ.
389 1917 433 1940 Ω.
457 1921 541 1946 cunm
568 1915 602 1940 Δ.
629 1915 669 1939 Π.
694 1915 933 1949 qzmm.-—ap!a.·
962 1909 1001 1939 Ο.
1027 1913 1063 1938 Δ.

335 1968 376 1992 Π.
401 1968 445 1992 Ω.
467 1968 554 1997 acla‚·
578 1970 674 2001 quam
702 1960 869 1990 lectionem
899 1960 1062 1999 amplexus

333 2021 443 2049 essem,
453 2011 478 2041 si
490 2011 668 2042 dicerentur
678 2010 815 2041 vicissim
826 2022 860 2041 ez·
872 2013 1006 2042 brachiis
1017 2011 1060 2041 la-

335 2068 435 2092 certos
448 2068 534 2101 aptos
541 2076 551 2097 ;
567 2061 641 2102 quia
655 2060 854 2091 credidissem
869 2061 1059 2092 locutionem

333 2112 374 2143 ad
388 2112 581 2143 Hesiodeam
595 2111 753 2152 quandam
763 2111 960 2148 conformari,
974 2112 1058 2143 The-

332 2175 382 2206 og.
398 2167 471 2195 671.

371 2252 429 2276 Tm
443 2249 533 2276 ἕκατον
547 2259 592 2283 μιν
603 2259 679 2285 χειρες
691 2249 736 2275 aer’
745 2260 816 2283 ωμων
831 2239 1026 2281 A'l'zonTo,

372 2300 457 2324 noto-w
469 2297 542 2332 ὅμως.

334 2373 396 2404 Sed
409 2379 482 2413 apta
499 2378 544 2402 est
548 2373 672 2413 juncta.
709 2373 738 2404 S.
758 2374 958 2413 Apollinaris,
971 2374 990 2404 i.
1008 2377 1056 2405 13.

360 2448 441 2471 Tunc
453 2445 550 2470 Faunis
560 2445 690 2477 Dryades,
709 2447 861 2478 satyrisque
880 2447 1058 2478 Mimallones,

452 2492 468 2509 α
486 2488 520 2508 tae

389 2488 527 2550 Fuderpimt
537 2525 668 2557 lepidum,
679 2526 777 2550 rustica
787 2527 876 2557 turba,
884 2527 968 2553 melos
978 2535 984 2552 2

328 2599 398 2630 quae
414 2589 584 2628 respiciunt
599 2588 784 2627 Horatium,
801 2590 851 2620 od.
866 2590 885 2620 i.
902 2594 931 2621 4.
950 2595 978 2622 6.

388 2666 544 2695 Junctaeque
555 2663 686 2695 Nymphis
698 2664 801 2688 Gratiae
813 2665 980 2690 decentes—.

330 2731 482 2769 Lepidum
498 2741 571 2761 vero
584 2733 671 2762 melos
680 2731 846 2771 respondet
855 2734 926 2763 ludo
932 2732 1057 2772 jocanti

328 2782 476 2818 Lucretii,
492 2794 551 2813 ver.
568 2788 639 2815 586.
661 2784 680 2815 i.
698 2795 724 2815 e.
746 2786 867 2821 lascivo,
884 2785 932 2814 his
947 2784 1052 2814 numi-

328 2834 420 2863 nibus
434 2834 643 2865 conveniente.

369 2884 443 2915 Ver.
464 2887 535 2914 8528.
561 2887 665 2916 datas:
693 2886 734 2916 V.
758 2885 806 2918 ed.
830 2889 1050 2927 elatasque.—a

1114 1031 1199 1063 deest
1213 1032 1358 1064 omnibus
1382 1038 1492 1072 praeter
1515 1033 1553 1064 P.
1581 1039 1612 1064 et
1627 1033 1723 1065 Vind.
1749 1035 1840 1076 cujus

1113 1084 1240 1115 collator
1256 1095 1319 1115 non
1335 1095 1456 1124 semper
1469 1085 1653 1126 diligentem
1662 1085 1734 1126 egit.
1762 1087 1839 1117 For-
1880 1123 1883 1127 Α

1114 1142 1155 1174 te,
1170 1148 1186 1167 e
1197 1143 1295 1176 parte.

1157 1189 1239 1220 Ibid.
1262 1201 1371 1221 manus
1385 1191 1551 1220 ministras.
1596 1189 1684 1219 Hinc
1699 1189 1839 1220 Arnobi-

1111 1253 1162 1281 υς,
1183 1242 1237 1273 lib.
1262 1242 1293 1272 ii.
1316 1252 1345 1281 p.
1362 1244 1480 1273 55.—“
1496 1241 1522 1270 si
1543 1242 1700 1272 ministras
1729 1251 1839 1272 manus
1880 1264 1881 1269 ,

1113 1300 1136 1315 “
1151 1294 1212 1325 illis
1228 1294 1322 1324 etiam
1337 1292 1453 1323 donare
1467 1302 1578 1331 parens
1592 1292 1714 1322 Natura
1722 1291 1837 1322 voluis-

1114 1351 1136 1366 “
1153 1345 1276 1377 set—.''
1321 1344 1424 1380 Idem,
1452 1343 1504 1374 lib.
1531 1343 1575 1375 iii.
1604 1354 1633 1383 p.
1662 1346 1734 1374 107.
1764 1353 1838 1374 cum

1113 1397 1270 1439 elegantia,
1297 1396 1430 1427 minime
1461 1395 1595 1436 vulgari:
1638 1398 1837 1432 “—manus,

1113 1455 1136 1469 “
1150 1451 1308 1481 ministras
1323 1458 1467 1487 operum,
1491 1446 1641 1485 articulis,
1664 1446 1781 1488 digitis,
1807 1452 1838 1477 et

1112 1505 1134 1520 “
1150 1501 1328 1531 cubitorum
1371 1498 1553 1534 mobilitate,
1590 1497 1836 1528 tractabiles—f

1112 1552 1206 1583 Adde
1238 1551 1376 1582 Genesin
1403 1549 1528 1585 Hilarii,
1554 1559 1616 1579 ver.
1644 1552 1713 1580 155.
1743 1559 1837 1590 quem

1110 1604 1282 1644 pleniorem
1298 1602 1390 1640 dabo,
1404 1608 1441 1632 ut
1455 1601 1620 1632 emendem
1635 1601 1709 1632 satis
1722 1611 1835 1632 venus-

1110 1661 1158 1685 tos
1169 1664 1286 1684 versus:

1140 1735 1221 1759 Tunc
1230 1734 1330 1760 alacres
1340 1738 1533 1766 promptasque
1543 1741 1646 1764 manus,
1655 1734 1777 1765 vitaeque
1787 1733 1835 1758 mi-

1230 1773 1338 1802 nistra-¹,-

1139 1814 1229 1845 Atque
1240 1814 1354 1839 domum
1366 1814 1443 1838 Divae
1455 1817 1549 1846 pectus
1561 1814 1680 1844 rationis,
1690 1817 1718 1839 et
1729 1813 1777 1838 alti

1140 1853 1235 1878 sedem
1247 1853 1348 1878 consilii
1355 1862 1364 1884 ς
1381 1853 1530 1879 fundendae
1541 1857 1565 1878 et
1575 1854 1648 1879 vocis
1659 1853 1801 1879 honorem.

1138 1893 1204 1917 Haec
1213 1892 1261 1917 soli
1272 1899 1395 1918 concessa
1406 1893 1524 1918 homini:
1537 1900 1599 1918 nam
1611 1897 1722 1924 caetera,
1732 1896 1830 1918 mutum

1137 1933 1176 1956 Ut
1183 1939 1274 1964 pecus,
1281 1933 1408 1964 obtinuit3
1418 1938 1554 1964 ventrem,
1561 1933 1720 1966 praecordia,
1726 1939 1831 1962 nervos,

1136 1973 1271 1998 Venarum
1282 1973 1362 2003 rivos,
1373 1977 1401 1999 et
1410 1981 1529 2006 sparsum
1540 1980 1653 2006 corpore
1661 1979 1790 2005 sanguen.

1105 2043 1225 2084 Vulgo,
1256 2044 1342 2074 deest
1362 2051 1391 2075 et
1417 2045 1451 2074 in
1477 2055 1537 2075 ver.
1565 2048 1594 2076 5.
1627 2052 1658 2075 et
1686 2044 1830 2075 scribitur

1103 2101 1215 2126 motum
1231 2095 1265 2125 in
1280 2105 1340 2125 ver.
1356 2099 1385 2126 4.
1429 2095 1592 2126 Dictiones
1606 2102 1702 2127 motus
1717 2103 1749 2126 et
1760 2108 1827 2127 mn-

1104 2153 1153 2178 tus
1168 2147 1308 2177 confusae
1320 2152 1393 2177 sunt
1404 2147 1536 2178 librariis
1547 2147 1586 2178 ad
1601 2147 1692 2178 Ovid.
1702 2154 1758 2179 art.
1767 2159 1827 2179 am.

1102 2198 1146 2229 iii.
1164 2201 1234 2230 702.
1257 2199 1311 2229 ubi
1338 2199 1441 2229 videas
1457 2199 1639 2236 Heinsium,
1663 2199 1755 2231 latius
1770 2201 1829 2232 hoc

1102 2257 1349 2292 persequentem,
1379 2261 1454 2282 cum
1490 2252 1686 2284 Burmanno.
1741 2253 1829 2284 Bene

1102 2310 1208 2334 autem
1223 2314 1258 2334 ac
1273 2304 1427 2344 sapienter
1443 2305 1588 2336 Hilarius
1601 2317 1710 2338 manus
1725 2307 1828 2338 nomi-

1100 2357 1186 2387 navit
1207 2359 1366 2388 ministras
1390 2360 1472 2397 vicae,
1498 2359 1681 2390 Lucretium
1703 2366 1827 2391 secutus

1102 2409 1160 2438 hac
1176 2409 1271 2439 etiam
1286 2415 1396 2447 tenus3
1411 2420 1509 2450 quum
1524 2421 1681 2442 manuum
1696 2412 1827 2452 agilitati

1103 2466 1195 2501 atque
1210 2461 1420 2493 tractabilitati
1442 2473 1500 2494 nos
1520 2464 1662 2495 homines
1676 2475 1756 2504 pene
1770 2465 1825 2496 de-

1098 2513 1208 2544 bemus
1224 2514 1378 2552 universa,
1388 2525 1459 2555 quae
1468 2515 1508 2545 ad
1517 2516 1588 2546 vitae
1599 2515 1720 2547 cultum
1732 2524 1825 2558 atque

1098 2565 1352 2596 commoditatem
1378 2568 1542 2606 pertinent.
1595 2568 1693 2606 Hinc,
1714 2569 1822 2608 Angli,

1098 2615 1266 2656 vulgariter
1295 2616 1465 2658 loquenteS‚
1496 2628 1559 2649 non
1583 2619 1665 2649 male
1689 2618 1823 2650 dicimus

1098 2679 1218 2706 manus,
1235 2678 1291 2708 pro
1307 2670 1389 2708 ipsos
1403 2672 1546 2701 homines.
1580 2670 1677 2708 Naso,
1689 2670 1736 2702 Ib.
1750 2675 1821 2704 261.

1131 2740 1171 2770 ld,
1183 2741 1256 2772 quod
1267 2742 1469 2774 Amyntorides,
1479 2742 1568 2768 videas
1575 2750 1584 2772 ;
1596 2743 1769 2776 trepidusque
1776 2743 1822 2768 mi-

1220 2783 1298 2808 nistra

1158 2824 1305 2848 Praetentoe
1313 2823 1409 2854 baculo,
1421 2823 1528 2849 luminis
1537 2825 1627 2856 orbus,
1635 2826 1696 2852 iter.

1096 2885 1177 2921 Quae
1205 2885 1239 2916 in
1263 2886 1346 2918 notis
1370 2886 1411 2918 ad
1424 2888 1509 2920 hunc
1526 2899 1650 2921 versum
1665 2889 1819 2927 dedimus
