1912 3292
525 233 758 281 LIBER
818 235 1170 285 TERTIUS.

1494 251 1575 292 191

233 362 402 404 Pondus
420 363 550 402 inesse
569 363 724 413 animo,
745 364 858 419 quod
879 379 920 405 se
939 367 1140 422 gravitate
1158 368 1315 426 fatiget,

234 436 272 477 E
292 436 437 492 quibus
457 434 500 476 id
520 435 593 476 fiat
612 438 762 478 caussis
782 453 946 495 quoque
965 455 1149 492 noscere,
1172 451 1211 484 et
1232 443 1343 484 unde

86 595 121 620 To
138 603 196 631 γαρ
210 603 307 624 naxus
325 590 382 632 ζῃν,
406 603 458 622 και
470 604 514 631 μη
530 600 662 635 φρονιμως
689 609 740 626 και
755 609 810 627 σω-

83 650 180 684 epona&
197 657 246 673 nm
262 644 351 681 ὅπως,
369 649 546 686 Δῆμοκριτος
559 654 657 687 ελεγεν
671 660 688 679 Β
702 662 810 685 κακως,

82 699 137 724 OT
154 699 228 740 lelN
243 707 318 730 ειναι,
344 702 431 726 αλλα
447 704 539 728 πολυν
563 712 660 740 χρονον
674 706 809 732 ΑΠΟΘ-

81 758 262 788 ΝΗΣΚΕΙΝ.
307 753 426 794 Vulgo,
453 762 561 796 ελεγεν,
587 771 617 788 ou
643 772 742 795 κακως
760 762 811 804 ζῃν

78 817 155 845 strat,
171 813 309 838 αλλα--.
357 807 437 838 Satis
451 808 565 850 frigide
580 817 612 841 et
625 811 749 845 insulse.

125 859 206 889 Ibid.
236 861 364 891 Mortua
401 863 466 892 vivo
494 870 538 894 est
563 870 655 905 atque
683 869 808 898 videnti.

77 911 183 949 Bene3
205 921 281 942 narn
295 914 358 943 vita
371 922 436 943 non
448 920 494 944 est
508 917 614 953 vivere,
630 917 685 948 sed
699 921 806 955 valere,

76 968 152 992 teste
169 962 326 994 Martiale.
372 964 434 995 Sed
454 965 549 1007 longe
563 968 807 1007 appositissimus

77 1020 121 1045 est
135 1014 222 1045 locus
238 1015 411 1054 Sophoclis,
428 1017 539 1059 Antig.
557 1022 650 1051 1167.

400 1089 449 1107 τοις
461 1090 513 1115 γαρ
526 1080 624 1112 Rome,

153 1127 211 1153 ‘Or'
222 1138 253 1154 on
267 1128 383 1163 προδωσιν
395 1128 498 1164 ανδρως,
515 1139 530 1156 8
542 1130 628 1164 τιθηιί
641 1141 689 1163 εγω

151 1175 200 1210 Ζῃι
215 1184 297 1205 τες-ον,
313 1175 372 1201 αλλ’
388 1176 508 1210 εμψυχον
519 1177 624 1211 *hyemes
639 1187 725 1213 νεκρον.

75 1235 124 1264 Ita
148 1235 331 1266 scribendus
360 1242 406 1266 est
435 1237 591 1268 secundus
620 1249 740 1278 versuS‚
764 1240 804 1270 ad

71 1286 204 1316 candem
219 1287 247 1317 ei
263 1288 536 1325 constructionem,
561 1300 658 1330 quam
681 1297 804 1322 nosmet

72 1337 261 1367 asseruimus
274 1337 436 1376 Lucretio,
451 1338 491 1369 ad
505 1349 567 1369 ver.
584 1343 676 1371 1052.

115 1387 186 1418 Ver.
204 1391 296 1419 1060.
320 1390 467 1419 conteris:
496 1389 536 1420 Ο.
555 1393 708 1430 congeris;
731 1402 802 1433 quae

71 1439 150 1469 mihi
164 1438 286 1470 videtur
299 1449 364 1470 non
381 1440 546 1481 inelegans
560 1443 722 1474 aberratio.

113 1491 186 1521 Ver.
202 1495 295 1522 1061.
324 1494 457 1532 vigilans
482 1495 591 1525 stertis.
637 1495 798 1531 Quemad-

70 1541 201 1572 modum
215 1548 246 1572 et
261 1542 401 1580 Plautus,
420 1543 562 1584 Amphit.
576 1545 608 1576 ii.
625 1549 653 1576 2.
672 1548 724 1578 65.

389 1606 432 1630 So.
450 1605 592 1638 paullisper
603 1613 695 1637 mane,

97 1644 170 1668 Dum
187 1643 348 1669 edormiscat
367 1651 454 1669 unum
473 1651 611 1673 somnum.
645 1647 709 1672 Am.
728 1647 798 1679 Quae

221 1690 255 1709 ne
266 1683 383 1716 vigilans
393 1684 503 1710 somniat
510 1685 524 1710 3

65 1741 226 1780 Julianus,
248 1748 326 1773 orat.
343 1742 375 1773 ii.
397 1753 427 1783 p.
444 1746 495 1774 87.
518 1745 638 1779 Αληθως
656 1758 715 1786 ’γαρ
730 1744 798 1779 εδεις

65 1792 151 1827 εδενος
168 1806 202 1827 εις
220 1793 278 1825 εἶεν
293 1796 367 1833 αξιος
384 1794 523 1826 καέενδων
538 1808 615 1838 oevnp,
634 1810 650 1829 n
667 1809 717 1827 και
734 1802 797 1827 ΕΓ-

66 1850 258 1881 Pul-opat,
282 1858 338 1879 ταις
357 1850 656 1879 ΚΑΘΕΤΔΟΤΣῙΝ
672 1855 798 1890 εμφερης.

71 1896 278 1935 Opportunus
303 1897 362 1926 erit
384 1897 557 1936 Arnobius,
584 1898 638 1929 lib.
654 1899 687 1929 ii.
702 1909 732 1938 p.
746 1902 798 1930 46.

70 1951 92 1966 “
110 1948 255 1988 Ambigit
276 1948 310 1978 in
325 1949 488 1980 Theaetem
506 1950 610 1988 Plato,
634 1950 799 1991 vigilemus

67 2002 89 2017 “
106 1998 284 2039 aliquando,
327 2010 367 2030 an
397 2000 501 2039 ipsum
531 2000 670 2041 vigilare,
712 2001 797 2042 quod

67 2053 90 2069 “
105 2049 228 2086 dicitur,
245 2050 347 2080 somni
363 2051 403 2081 sit
417 2052 558 2091 perpetui
573 2051 716 2091 portio?'’

109 2101 182 2132 Ver.
201 2105 290 2133 1062.
311 2105 394 2142 geris
418 2110 564 2135 mentem:
594 2105 614 2135 i.
631 2115 657 2136 e.
684 2106 793 2144 habes3

67 2152 170 2183 Graeci
199 2153 345 2184 similiter
374 2164 439 2184 non
467 2155 591 2194 parcius
620 2163 714 2199 φερειν,
737 2167 796 2197 pro

68 2216 152 2244 εχειν.
179 2204 341 2245 Virgilius,
358 2206 432 2236 AEn.
448 2206 489 2236 iX.
505 2209 578 2237 511.

384 2265 439 2289 Nec
451 2272 505 2289 non
517 2268 545 2290 et
557 2265 669 2297 pulcher
680 2266 764 2297 Iulus.

65 2301 136 2325 Ante
145 2307 228 2326 annos
237 2302 407 2334 animumque
414 2311 505 2336 gerens
515 2311 665 2336 curamque
675 2306 790 2332 virilem.

65 2358 154 2389 Hinc
177 2359 308 2390 Orosius
328 2361 456 2392 fortasse
477 2362 715 2394 concinnandus
735 2369 792 2402 est,

64 2409 119 2440 ubi
155 2410 226 2440 libri
264 2412 404 2443 multum
438 2415 567 2450 variant,
605 2415 676 2446 hist.
709 2415 730 2446 i.
761 2419 792 2448 4.

61 2464 84 2480 “
102 2461 191 2493 Huic
205 2470 331 2495 mortuo
345 2465 528 2496 Semiramis
544 2477 622 2497 uxor
636 2467 787 2504 successit,

62 2516 85 2532 “
101 2513 158 2543 viri
172 2517 323 2554 animum,
340 2518 475 2550 habitum
480 2520 562 2559 filii,
576 2530 699 2558 gerens‚·
723 2520 787 2550 avi-

60 2566 84 2593 ‘.‘
99 2564 226 2605 desque,
243 2565 311 2606 jam
328 2577 399 2606 usu,
414 2570 576 2609 sanguinis
590 2571 721 2611 populos
734 2582 788 2612 per

58 2616 83 2634 “
98 2614 178 2646 duos
214 2622 245 2647 ct
283 2618 487 2660 quadraginta
523 2631 623 2653 annos
653 2622 789 2653 caedibus

60 2667 84 2684 “
99 2667 245 2707 gentIum
284 2671 456 2701 exercuit.”
514 2673 658 2704 Catullus
694 2674 789 2705 etiam

56 2723 250 2756 annectatur,
272 2718 344 2752 lxiv.
361 2724 410 2752 54.

86 2776 233 2804 Indomitos
244 2779 271 2804 in
282 2781 364 2806 corde
372 2789 461 2814 gerens
472 2783 587 2808 An‘adna
596 2784 711 2816 furores.

100 2824 176 2857 Ver.
199 2831 290 2860 1063.
316 2834 351 2861 Δ.
366 2830 460 2861 habet
473 2833 528 2862 ubi
542 2839 610 2871 post
632 2840 726 2874 poles,
754 2844 788 2865 ο-

58 2875 153 2906 misso
166 2880 239 2911 tibi.-
265 2887 305 2912 rr.
321 2885 409 2923 quod,
430 2883 499 2915 loco
514 2887 607 2924 qum,-
631 2891 661 2915 et
678 2891 712 2918 Σ.
728 2888 783 2925 ibi,

58 2936 113 2965 pro
128 2929 192 2959 lz'be'.

899 597 972 628 Ver.
991 601 1082 629 1064.
1104 601 1214 630 miser:
1243 599 1281 630 V.
1312 600 1359 630 ed.
1389 602 1498 634 inseris
1503 619 1514 640 ,·
1551 611 1587 635 ut

854 648 888 678 in
904 659 963 679 ver.
984 653 1076 680 1061.
1099 653 1248 690 vz'gilaris,
1265 651 1330 681 vice
1345 653 1484 692 vigilans.

900 700 981 731 Ibid.
1006 702 1122 732 Ebrius
1139 704 1279 741 argueris
1295 705 1394 734 curis:
1419 704 1439 734 i.
1455 714 1482 734 e.
1504 708 1526 723 “
1540 706 1584 736 ita

855 754 878 769 “
893 761 1040 782 curarum
1055 752 1177 791 plenus,
1200 759 1237 783 ut
1258 753 1464 794 vertiginosus
1483 757 1582 796 quasi,

855 805 876 820 ‘⁴
893 808 925 832 et
952 808 1127 833 commotus
1163 804 1302 834 sensibus
1339 806 1481 836 evadas.”
1528 808 1582 838 Ad

853 853 990 884 eundem
1012 854 1145 884 modum
1173 855 1284 886 Graeca
1306 857 1495 896 exemplaria
1516 869 1582 889 non

852 915 930 936 raro.
980 905 1155 945 Oppianus,
1171 907 1235 938 hal.
1251 918 1277 938 v.
1295 911 1367 939 227.

871 984 923 1009 Tou
937 982 959 1008 δ’
973 983 1012 1009 ὅτε
1022 991 1203 1016 ’.ταιςοισσοντω
1215 983 1286 1020 λαέῃ
1296 996 1375 1021 καρος,
1387 995 1415 1012 εκ
1427 986 1449 1012 τ’
1461 987 1566 1014 οδωοιων

870 1037 924 1070 Θηρ
938 1040 1004 1064 υλοος
1020 1038 1192 1079 ΜΕΘΥῌ-.

850 1113 996 1150 Nonnus,
1014 1114 1147 1154 Dionys.
1165 1115 1266 1145 xxxvi.
1285 1125 1314 1154 p.
1328 1119 1402 1147 899..
1424 1116 1579 1147 similiter:

887 1193 942 1220 Tm
957 1191 990 1221 δε,
1004 1189 1068 1224 φοὲῳ
1084 1192 1315 1221 ΜΕΘΥΟΥΣΑΝ,
1335 1202 1385 1217 ατο
1399 1192 1521 1223 elom-Coto
1535 1204 1578 1220 κο-

1040 1238 1128 1272 μίζων.

885 1291 1021 1319 Αμφοτερῳ
1034 1294 1126 1319 π’κχυνε
1139 1287 1250 1318 κατηφεῖ
1262 1284 1350 1314 Φοιῖσς
1364 1297 1476 1320 onyae-rgo.

847 1352 992 1388 Mattius,
1007 1351 1093 1391 apud
1110 1351 1262 1389 Gellium,
1278 1363 1328 1384 xx.
1345 1358 1373 1385 9.

967 1415 1027 1445 Jam
1037 1413 1145 1439 tonsiles
1156 1417 1269 1446 tapetae,
1280 1415 1341 1440 ebrii
1351 1415 1426 1442 fuco.

845 1460 913 1491 Nec
927 1461 976 1492 fas
1001 1467 1046 1492 est
1069 1463 1296 1501 pulcherrimos
1314 1466 1431 1496 Avieni
1458 1477 1574 1506 versuS,

843 1512 934 1542 Arat.
953 1516 1025 1544 272.
1047 1513 1173 1544 silentio
1187 1517 1383 1554 praetervehi:

842 1585 930 1611 Aurea
941 1586 994 1617 qua
1004 1593 1125 1613 summos
1135 1589 1308 1622 adstringunt
1318 1591 1426 1623 cingula
1436 1592 1562 1624 amictus,

843 1626 921 1651 Ebria
932 1626 1085 1653 flammanti
1095 1630 1233 1662 consurgit
1242 1631 1318 1656 stella
1329 1633 1443 1658 rubore:

842 1689 862 1719 i.
878 1699 904 1720 e.
927 1689 1136 1721 refertissima.
1180 1691 1274 1722 Libet
1295 1692 1391 1723 etiam
1417 1703 1572 1733 apponere

842 1741 999 1772 ferculum
1026 1742 1238 1773 lautissimum
1263 1744 1417 1782 Platonis,
1447 1751 1522 1776 tom.
1538 1747 1573 1778 ii.

841 1803 871 1832 p.
892 1797 964 1825 639.
989 1794 1111 1824 Serran.
1134 1793 1301 1833 interprete
1323 1805 1389 1825 non
1404 1796 1567 1827 intellecti:

844 1850 876 1875 Tt
891 1843 912 1874 δ’
930 1858 1028 1887 αρχων
1050 1844 1265 1887 στρατοπεδωη
1288 1847 1336 1888 Αρ’
1352 1860 1399 1877 sav
1413 1861 1464 1880 την
1482 1855 1571 1880 πολε·

842 1910 928 1930 umnv
958 1910 1015 1939 εχῃ
1046 1909 1218 1937 ετιστημην,
1244 1899 1337 1932 imma&
1364 1912 1473 1941 αρχειν,
1504 1903 1570 1941 κᾷν,

842 1947 930 1981 δειλσς
955 1962 998 1983 ων,
1025 1961 1050 1978 εν
1080 1962 1137 1983 τοι,-
1162 1948 1250 1983 &mm
1279 1950 1334 1980 ὑπο
1364 1955 1506 1982 ΜΕΘΗΣ
1535 1964 1572 1982 τε

842 2005 975 2030 ΦΟΒΟΊ·
1004 2014 1122 2041 ναυτιᾳ,·
1150 2000 1281 2031 Addam
1306 2002 1433 2041 insuper
1458 2002 1568 2033 Philo-

839 2056 984 2088 stratum‚
1000 2051 1079 2082 icon.
1094 2051 1114 2082 i.
1134 2055 1183 2083 15.
1209 2059 1396 2084 ΜΕΘὙΩΝ
1410 2067 1452 2094 τῳ
1468 2059 1568 2085 Epo.-

840 2107 890 2139 Tr,
918 2109 985 2141 φησι
1011 2114 1070 2142 περι
1096 2116 1151 2133 των
1175 2117 1309 2146 ακρατως
1333 2118 1450 2147 epona-w
1478 2107 1569 2140 Tni'o5.

841 2152 940 2183 Illum
966 2153 1135 2190 Avienum,
1160 2154 1234 2186 ibid.
1260 2166 1324 2186 ver.
1345 2159 1434 2188 1651.
1462 2155 1567 2187 leviter

838 2203 982 2235 vitiatum
998 2205 1194 2237 emaculabo:

1155 2284 1203 2305 aut
1214 2280 1257 2305 ubi
1267 2288 1385 2312 rursum,

868 2319 939 2343 Cum
951 2319 1100 2344 matutinos
1111 2321 1223 2345 molitur
1234 2322 1343 2347 Lucifer
1354 2325 1439 2352 ortus,

867 2358 944 2383 Ebria
954 2359 1109 2391 sanguineae
1122 2361 1286 2386 subvolvant
1301 2362 1398 2387 vellera
1409 2363 1501 2388 nubes.

835 2420 932 2457 Libri,
959 2423 1031 2459 tibi,·
1055 2423 1120 2462 sed,
1147 2424 1265 2464 opinor,
1287 2425 1444 2456 mendose.
1487 2426 1563 2457 Jam

834 2482 906 2503 vero
921 2473 1094 2507 locutiones
1107 2479 1214 2515 μεέυειν
1229 2485 1349 2518 πλε-τῳ,
1368 2484 1398 2507 et
1413 2477 1563 2518 quasdam

833 2525 958 2563 similes,
986 2533 1022 2558 ut
1050 2528 1194 2567 tritiores,
1234 2529 1371 2569 prudens
1399 2537 1558 2569 praetereo.

833 2577 951 2608 Confer
974 2578 1073 2611 Hom.
1100 2580 1140 2611 Il.
1165 2587 1194 2612 Ρ.
1218 2585 1290 2612 590.
1316 2581 1454 2621 Philippi
1481 2584 1561 2624 epig.

830 2629 917 2660 xxiii.
934 2634 962 2661 2.
978 2631 1106 2663 analect.
1141 2633 1305 2663 Brunckii.

876 2681 950 2711 Ver.
968 2685 1059 2714 1065.
1082 2686 1204 2715 animo.-
1230 2685 1382 2716 editiones
1404 2685 1562 2718 hodiernae

833 2742 870 2763 ex
886 2733 1013 2767 arbitrio
1024 2735 1263 2767 emendantium
1275 2736 1429 2768 dederunt
1443 2741 1544 2770 animi
1556 2755 1566 2774 ,·

833 2789 864 2814 et
879 2783 921 2814 sic
936 2795 1000 2824 prae
1015 2796 1047 2816 se
1061 2786 1121 2816 fert
1136 2787 1234 2818 Vind.
1250 2788 1304 2819 sed
1318 2789 1439 2820 incuria
1453 2790 1564 2829 procul

833 2835 931 2868 dubio
946 2836 1084 2868 editoris:
1111 2849 1186 2869 nam
1208 2849 1317 2870 omnes
1338 2839 1393 2871 alii
1410 2841 1506 2872 MSS.
1530 2848 1563 2871 ct

828 2886 970 2925 impressi
1000 2894 1116 2920 veteres
1146 2891 1347 2922 consentiunt
1376 2892 1410 2922 in
1447 2895 1559 2922 animo.

830 2937 918 2967 Nihil
938 2938 1018 2969 ultra
1038 2941 1134 2980 quaeri
1153 2940 1258 2979 debct;
1282 2942 1370 2973 aliter
1385 2942 1422 2973 de
1438 2943 1492 2973 illo
1513 2953 1562 2973 co—
