1912 3292
209 315 388 372 Desipit,
410 319 594 354 extentat
613 326 776 362 nervos,
798 317 1028 366 torquetur,
1052 308 1215 351 anhelat

95 394 176 431 490
209 390 508 436 Inconstanter,
532 394 572 426 et
590 386 635 426 in
647 384 847 440 jactando
866 383 1053 425 membra
1071 383 1227 440 fatigat.

208 463 431 510 Nimirum,
453 459 534 515 quai
555 460 614 500 vis
634 459 786 509 morbi,
807 458 1002 499 distracta
1020 472 1094 512 per
1114 465 1242 507 artuS,

0 0 20 72 Η

14 69 19 115 Ι

0 74 9 516 ι
505 180 738 231 LIBER
790 178 1141 228 TERTIUS.
1483 184 1557 229 ‘⁸77

207 537 249 578 Τ
250 536 368 577 urbat
387 549 512 591 agens
532 535 728 584 animam,
751 533 978 589 spumantis
997 532 1042 572 in
1062 546 1230 587 aequore
1249 530 1352 571 salso

207 610 439 651 Ventorum
459 608 601 649 validis
621 608 851 649 fervescunt
869 607 1023 648 viribus
1043 605 1179 648 undae.

205 684 466 740 Exprimitur
479 698 610 739 ,porro
630 683 822 740 gemitus,
845 682 942 738 quia
959 680 1147 723 membra
1165 679 1307 721 dolore

33 851 35 855 “
63 844 244 877 amram-05:
270 851 366 883 quam
395 851 504 872 vocem
533 840 568 871 in
594 842 656 872 hoc
681 842 792 871 morbo
835 841 855 871 i.
886 851 911 871 e.
945 843 967 859 “
998 849 1110 870 omnes
1145 837 1227 868 vires
1263 843 1334 868 tuas
1369 835 1571 876 experiaris,‘’

64 893 259 935 designando
296 894 440 923 Aretaeus
476 892 628 929 adhibuit,
665 892 686 922 i.
720 895 793 924 5.-
836 893 976 933 adeoque
993 892 1143 933 proferas.
1204 891 1256 921 Sic
1286 890 1373 920 idem
1403 889 1500 920 etiam
1531 888 1571 919 ad

62 949 335 976 ΑΝΑΙΣΘΗΤΩΣ
352 956 402 983 μεν
418 956 515 974 mewa
531 945 682 985 ανθρωπος,
702 956 793 985 χειρες
840 945 936 976 Most.
959 945 1003 975 iii.
1024 948 1049 975 1.
1073 948 1122 975 66.
1156 943 1211 983 qui
1232 942 1320 973 locus
1341 941 1571 972 commentitias

62 995 92 1028 δε
107 997 132 1027 οἱ
154 1008 282 1036 σπασμῳ
298 1000 572 1027 ΞΎΝΕΧΟΝΤΑΙ.
619 994 670 1024 Sic
690 993 794 1033 conje-
840 996 1020 1027 criticorum
1035 994 1244 1025 divinationes
1259 994 1379 1024 affatim
1395 992 1545 1024 evocavit:

63 1057 168 1078 ceram
182 1045 415 1078 rescribendum
438 1056 504 1076 esse
519 1055 576 1084 pro
597 1044 726 1085 vulgato
747 1045 796 1083 ξυ-

67 1112 230 1140 νερχανται.·
256 1104 287 1128 et
307 1103 425 1136 postea,
446 1106 515 1126 non
538 1096 605 1126 sine
627 1096 795 1135 voluptate,

68 1150 103 1180 in
118 1150 210 1181 variis
225 1150 409 1180 lectionibus
423 1148 539 1178 inveni.

873 1080 943 1112 Quid
955 1085 997 1110 tu,
1008 1081 1092 1106 homo
1105 1080 1251 1105 hominum
1262 1080 1387 1105 omnium
1397 1080 1549 1109 teterrime,

871 1121 972 1145 Venisti
989 1121 1042 1145 huc
1053 1121 1232 1145 extentorum?

840 1184 860 1214 i.
877 1194 904 1214 e.
929 1184 1096 1224 cujusnam
1122 1183 1167 1212 rei
1192 1183 1238 1212 vis
1267 1182 1369 1213 facere
1398 1182 1573 1222 periculum

110 1204 185 1234 Ver.
202 1208 274 1235 488.
308 1204 796 1242 Concidit—spumas—ingemit.
985 1235 992 1240 Ι

840 1241 906 1265 tarn
921 1234 1042 1264 fortiter
1057 1240 1089 1264 et
1103 1233 1288 1266 efficaciter?

67 1255 225 1297 Virgilius
235 1255 311 1285 hinc
323 1255 430 1285 oculos
444 1264 565 1284 aversos
575 1263 641 1283 non
652 1255 796 1291 habebat,

65 1308 110 1339 ad
131 1318 199 1349 geo,
214 1307 258 1337 iii,
274 1310 345 1338 516,
885 1296 960 1327 Ver.
976 1300 1048 1327 490.
1072 1297 1105 1326 in
1115 1296 1269 1336 jactando
1275 1309 1286 1330 ;
1315 1293 1414 1325 Vind.
1429 1295 1576 1325 invalido.

59 1375 138 1400 LEcce
149 1378 253 1406 autem,
265 1375 333 1400 duro
345 1374 453 1400 fumans
464 1375 512 1400 sub
523 1381 644 1405 vomere,
655 1378 748 1400 taurus
844 1347 901 1378 An
916 1347 1125 1383 Scrlbendum,
1144 1358 1179 1378 ιη’
1193 1348 1332 1378 vomendo
1342 1347 1358 1376 ?

69 1413 260 1445 concidit;et‚
272 1414 393 1439 mixtum
401 1415 504 1446 spumis,
513 1413 600 1439 vom‘it
609 1421 655 1440 ore
663 1421 800 1446 cruorem,
889 1408 972 1439 Ibid.
992 1410 1208 1439 Inconstanter
1233 1409 1367 1438 anhelat.
1414 1406 1465 1436 Ita
1487 1415 1578 1436 voces

71 1455 272 1486 m‘emosque
282 1455 336 1479 ciet
344 1454 523 1486 gemitus—...
846 1460 1068 1492 connectendae
1087 1465 1177 1498 sunt;
1200 1460 1286 1501 quod
1305 1464 1414 1499 postea
1436 1457 1579 1488 intellexi

62 1524 66 1525 ⁷
117 1519 199 1550 ibid.
214 1531 336 1560 spumas
347 1521 422 1560 agit.
447 1519 549 1558 Idem,
565 1519 638 1553 ibid.
654 1532 715 1553 ver.
729 1526 800 1555 205.
844 1522 902 1543 nec
940 1513 968 1543 P
969 1513 1091 1553 reigero
1127 1511 1225 1542 etiam
1260 1510 1468 1551 diSPHCUiSSffl
1505 1509 1526 1539 i·
1553 1518 1580 1538 e·

846 1568 869 1584 “
884 1574 951 1595 non
965 1574 1031 1594 uno
1047 1570 1166 1600 tenore,
1189 1562 1244 1593 sed
1259 1561 1443 1600 identidem,
1466 1566 1497 1591 et
1511 1565 1582 1599 post

847 1620 870 1635 “
885 1615 1086 1656 interjectum
1101 1614 1262 1654 temporis,
1281 1612 1437 1644 anhelat.’'
1483 1611 1580 1651 Legi-

846 1674 899 1699 tur
928 1674 1036 1698 autem
1064 1668 1098 1697 in
1122 1665 1202 1706 Fayi
1231 1665 1369 1696 editione
1399 1661 1581 1698 Parisiensi,

848 1722 1090 1751 Incunctanter:
1117 1717 1137 1748 i.
1152 1727 1178 1747 e.
1195 1719 1411 1751 Incontanter5
1435 1713 1521 1755 quod
1534 1713 1581 1743 fa-

850 1771 911 1801 cile
925 1770 1083 1809 corrumpi
1099 1774 1220 1808 poterat
1240 1768 1275 1798 in
1296 1767 1458 1808 vulgatam
1473 1765 1583 1796 lectio-

304 1837 387 1864 micat
399 1839 517 1870 auribus,
528 1842 550 1864 et
561 1839 645 1864 tremit
655 1842 736 1864 artur.
850 1833 937 1861 nem,
959 1823 1007 1852 Uti
1023 1821 1192 1862 Preigefus
1207 1820 1293 1851 idem
1304 1819 1392 1859 Prior
1406 1818 1584 1857 suspicabfl·

850 1881 910 1906 tur.
957 1874 1019 1905 Sed
1047 1873 1168 1911 dubito,
1200 1883 1242 1903 an
1272 1874 1466 1902 incuntanter
1494 1869 1585 1901 aliud

852 1931 946 1967 queat
961 1924 1137 1965 significare
1151 1929 1264 1963 praeter
1271 1923 1442 1964 confestim,
1457 1920 1505 1951 vel
1520 1922 1587 1952 sine

852 1975 937 2008 τηονᾶ
946 1990 956 2007 .·
981 1975 1035 2016 qui
1051 1985 1159 2005 sensus
1173 1984 1239 2004 non
1256 1973 1367 2013 implet
1380 1973 1480 2012 po'etae
1494 1982 1586 2002 men-

854 2034 928 2059 tem.
975 2027 1007 2057 Si
1022 2037 1079 2065 pro
1098 2027 1200 2057 crebro
1225 2031 1306 2056 stare
1320 2030 1434 2064 posset,
1460 2025 1494 2054 in
1518 2029 1586 2054 tex-

358 1592 386 1613 et
396 1591 500 1620 spumas
511 1593 567 1622 aget
578 1597 624 1616 ore
635 1593 768 1616 cruentas.

117 1653 200 1684 Ibid.
223 1660 253 1685 et
279 1656 381 1685 tremit
407 1660 504 1685 artus.
552 1654 613 1685 Ille
639 1666 746 1686 rursus
769 1656 803 1686 iu

64 1706 189 1738 'eodem
203 1707 352 1743 carmine,
376 1717 502 1738 summo
519 1718 605 1747 sane,
627 1715 720 1750 atque
735 1719 802 1739 om-

75 1759 169 1789 nium
184 1758 420 1798 perfectissimo,
436 1760 647 1799 Mantuanus,
663 1771 724 1791 ver.
741 1764 791 1791 84.

79 1905 189 1947 Usque
203 1907 281 1938 adeo
303 1918 343 1938 ne
368 1910 499 1939 verbum
526 1908 655 1950 quidem
670 1908 810 1940 Lucretii

76 1957 236 1998 singulare
261 1959 432 1989 cultissimo
460 1960 508 1990 illi
534 1961 664 2001 ingenio
683 1966 808 1999 praeter-

78 2009 260 2040 mittebatur
275 2011 516 2042 inobservatum.
539 2012 701 2042 Arnobius
715 2012 810 2042 etiam

77 2064 142 2094 huc
156 2064 279 2095 videtur
293 2065 473 2105 respexisse,
496 2065 552 2096 lib.
567 2065 587 2096 i.
604 2076 634 2105 p.
653 2069 700 2096 11.
716 2075 811 2106 quem

78 2115 123 2146 sic
136 2117 338 2148 constituam:
366 2122 386 2136 “
402 2118 446 2148 Et
468 2117 545 2158 quid
570 2128 646 2158 ergo
671 2118 812 2158 sequitur

81 2170 104 2186 ‘⁸
119 2169 303 2207 necessario,
327 2169 387 2199 nisi
403 2175 439 2199 ut
452 2180 492 2199 ex
509 2180 621 2200 eorum
636 2170 811 2201 luminibus

80 2224 103 2239 “
119 2221 261 2251 scintillae
275 2222 422 2260 emicent,
440 2222 575 2253 flammis
589 2228 700 2253 aestuet
713 2224 809 2253 anhe-
886 2224 1133 2256 ’‘f——
1143 2213 1203 2256 ‘qm
1215 2209 1299 2235 θεῶν
1309 2208 1436 2234 anhelum
1445 2210 1530 2238 ³¹t¹²⁵⁹

78 2275 104 2290 ‘⁶
118 2271 188 2301 lum
208 2279 326 2312 pectus,
342 2283 454 2312 spuma
473 2273 608 2314 jaciatur
622 2284 660 2304 ex
675 2284 743 2311 ore;
767 2280 810 2313 et,
885 2251 1021 2282 Andaque
1033 2258 1090 2281 ω’
1101 2254 1231 2282 quatit-.

83 2326 106 2342 ‘⁸
121 2333 160 2353 ex
175 2324 275 2355 verbis
289 2325 482 2364 ardentibus,
504 2325 665 2356 labrorum
691 2318 812 2357 siccitas
855 2324 1053 2355 Lucretianis
1072 2330 1179 2354 autem
1199 2323 1306 2354 lucem
1324 2321 1434 2353 Celsus
1451 2319 1589 2361 injiciet,

83 2378 106 2393 “
121 2375 330 2407 inalbescat?’'
855 2375 894 2406 de
905 2375 987 2405 med.
998 2374 1041 2405 iii.
1054 2379 1103 2405 25.
1127 2380 1148 2393 ‘⁶
1166 2375 1258 2405 Inter
1268 2373 1449 2404 notissimos
1463 2372 1589 2401 morbos

126 2426 200 2458 Ver.
216 2431 290 2460 489.
315 2430 458 2469 Desipit:
484 2429 519 2460 P.
538 2431 673 2470 Disipit;
701 2430 742 2460 V.
764 2429 812 2461 ed.
856 2430 878 2447 “
894 2433 940 2459 est
954 2428 1051 2458 etiam
1065 2427 1103 2466 is,
1132 2427 1184 2468 qui
1208 2425 1386 2463 comitialis,
1413 2424 1462 2454 vel
1477 2424 1590 2464 major,

83 2479 236 2519 Dissz'pist
264 2486 304 2510 Π.
331 2481 677 2520 Descipit.—eoetentat:
704 2486 740 2512 Δ.
766 2493 812 2513 os·
857 2483 880 2498 “
895 2471 1088 2510 nominatur.
1133 2480 1246 2510 Homo
1268 2479 1364 2509 subito
1387 2477 1533 2513 concidit,
1556 2486 1592 2506 ex

83 2537 196 2567 tentam
222 2536 257 2563 Σ.
278 2534 429 2563 extendat.
859 2534 881 2549 “
897 2542 945 2562 ore
959 2542 1076 2571 spumae
1087 2536 1260 2562 moventur:
1285 2527 1412 2566 deinde,
1428 2526 1591 2566 interposi-

127 2583 208 2614 Ibid.
231 2590 379 2615 extentat:
405 2584 424 2615 i.
441 2595 468 2616 e.
492 2589 512 2604 ‘⁴
527 2585 568 2616 ad
580 2585 745 2626 plenum,'‘
766 2585 816 2616 vel
858 2584 882 2600 “
898 2587 931 2612 to
945 2588 1098 2622 tempore,
1115 2581 1201 2623 (vide
1215 2590 1294 2610 verr.
1312 2582 1383 2611 501.
1400 2578 1487 2617 504.)
1503 2577 1544 2608 ad
1559 2588 1592 2607 se

84 2636 124 2667 ad
139 2636 299 2675 ultimum,
321 2642 339 2656 “
352 2643 449 2668 tentat
454 2637 486 2674 ;‘'
510 2643 602 2678 atque
624 2638 713 2674 adeo,
732 2638 817 2679 quod
861 2637 883 2652 “
899 2633 991 2672 redit,
1006 2640 1106 2673 erc-per
1121 2633 1258 2672 seipsum
1271 2629 1592 2671 consurgit—Modo

85 2687 296 2728 consequitur,
332 2689 418 2719 valde
458 2690 564 2719 tendit.
617 2689 692 2720 Non
730 2690 818 2721 aliter
862 2688 884 2703 “
900 2695 975 2715 cum
994 2687 1177 2716 distentione
1200 2685 1425 2718 membrorum,
1453 2688 1508 2712 aut
1523 2693 1592 2712 ner-

89 2738 221 2770 Plautus
235 2739 327 2771 debet
341 2740 450 2779 accipi,
470 2741 586 2771 Bacch.
603 2741 642 2772 iv.
659 2745 709 2773 25.
862 2740 884 2755 ‘⁴
899 2748 1014 2774 vorum,
1039 2736 1213 2776 prolabitur
1241 2735 1368 2776 aliquis;
1402 2734 1497 2764 modo
1526 2733 1593 2763 sine

904 2789 911 2795 .
942 2788 953 2797 Α
968 2788 987 2800 ‚,

106 2821 175 2852 Quae
186 2825 214 2847 te
225 2823 296 2847 mala
307 2829 377 2848 cmx
388 2823 484 2856 agitat,
503 2824 536 2848 ad
548 2824 636 2850 istunc
648 2824 695 2857 qui
704 2824 817 2849 modum
864 2792 886 2808 ις
903 2788 965 2819 lua’
1146 2838 1156 2848 a
1204 2839 1211 2845 ·
1288 2842 1310 2857 ‘a
1374 2837 1385 2847 fl
1531 2848 1536 2852 ,

108 2860 199 2886 Alieno
210 2862 278 2888 vires
292 2867 350 2889 tuas
360 2867 472 2889 extem&
486 2865 569 2890 ostio?
909 2839 983 2870 Ver.
998 2843 1073 2872 491.
1097 2851 1176 2880 qua:
1201 2850 1221 2870 1.
1237 2850 1262 2869 e.
1326 2850 1387 2880 qua
1403 2849 1451 2869 vm
1468 2838 1597 2866 morbus

110 2901 189 2927 Fores
200 2909 268 2934 pene
277 2903 416 2937 effregisti:
870 2895 892 2912 “
910 2892 1017 2933 utique
1045 2903 1077 2923 sc
1102 2890 1309 2922 diversimode
1324 2895 1489 2930 p1·opaget;
1512 2897 1598 2918 nune

855 2087 925 2111 tum
939 2081 1073 2111 libenter
1087 2079 1284 2119 recepissem.
1324 2077 1493 2119 Virgilius,
1509 2077 1586 2107 AEn.

854 2144 883 2164 v.
901 2137 972 2165 199.
