1912 3292
352 182 448 222 238

854 173 914 222 T.
967 174 1347 225 LUCRETII

389 308 467 345 185
501 303 755 359 Corporibus
773 306 955 357 stanteis,
977 306 1138 349 celereis
1156 306 1249 348 licet
1267 321 1352 348 esse
1370 306 1520 347 videre.

497 377 549 419 In
568 393 651 434 quo
663 379 752 434 jam
770 394 921 437 genere
940 389 1000 422 est
1021 380 1113 423 solis
1131 381 1221 431 lux,
1243 389 1284 422 et
1302 395 1430 436 vapor
1449 380 1532 435 ejus
1538 396 1552 428 3

355 549 500 580 omnibus
515 550 600 590 sequi
611 550 688 581 solet
698 551 800 587 Silius,
816 551 856 582 ad
867 553 939 582 AEn.
953 553 992 582 ix.
1002 556 1075 584 558.

352 609 382 630 x.
395 604 468 632 587.
506 601 598 632 Idem
613 612 729 641 rursus,
744 603 805 633 viii.
820 607 870 635 51.
886 603 975 634 terna
990 614 1074 634 mac-

353 651 468 682 tandus
482 659 528 683 est
541 654 730 684 correctione
744 664 890 684 versuum
905 654 986 684 intra
995 654 1074 684 duo·

353 713 426 734 rum
439 704 587 743 spatium:

385 789 465 814 Iliaco
474 793 533 821 post
547 796 630 821 quam
640 790 745 815 deserta
755 796 791 814 ex
799 790 904 823 hospite
914 790 994 820 Dido,

383 829 416 852 Et
426 835 484 859 spes
493 829 607 860 abrupta
618 832 653 853 est
663 829 765 859 medio,
772 830 799 854 in
810 830 988 862 penetralibus
995 830 1076 855 altam

382 866 501 891 Festinat
510 866 655 892 furibunda
665 874 803 900 pyram—.

349 945 467 987 Vulgo,
489 953 542 983 est,
564 959 590 984 e,
611 955 729 979 atram:
756 949 863 980 confer
881 949 974 990 Virg.
1000 950 1075 980 AEu.

350 998 389 1029 iv.
413 1003 485 1030 504.
500 1003 572 1031 645.
589 1003 660 1031 684.
705 1002 828 1032 Eadem
850 1002 932 1032 salus
958 1002 1077 1033 ibidem

349 1050 551 1088 desideratur,
572 1052 613 1082 ad
627 1062 688 1084 ver.
707 1056 777 1084 102.

378 1146 751 1155 ——-—
760 1134 892 1167 congessit
902 1134 930 1159 in
940 1135 1022 1160 aleam

379 1173 486 1197 cuncta
497 1173 537 1196 tui
548 1177 728 1199 monumenta
735 1177 836 1206 pyram,
847 1178 874 1200 et
885 1181 940 1200 non
950 1181 1075 1207 prospera

471 1212 552 1238 dona.

350 1283 416 1315 Hic
446 1294 570 1325 quoque
593 1285 725 1324 codices,
751 1293 861 1317 aeram.
907 1285 974 1317 Nos
1004 1297 1074 1318 vere

349 1336 500 1373 statuisse,
525 1347 583 1367 suo
604 1347 659 1368 ore
681 1337 776 1368 Silius
798 1339 1010 1378 comprobabit
1023 1339 1072 1370 in-

347 1388 454 1426 ferius,
477 1388 517 1420 ad
531 1399 592 1420 ver.
611 1392 680 1421 155.
703 1396 734 1421 et
749 1393 820 1421 131.
843 1391 897 1421 ubi
910 1397 1074 1431 peccatum

347 1449 394 1474 ost
408 1442 529 1474 diverso
542 1453 672 1484 genere:

362 1535 438 1559 Tum
450 1534 537 1560 rabido
547 1541 668 1567 praeceps
678 1542 768 1566 cursu,
778 1535 948 1567 resolutaque
957 1535 1071 1567 crinem,

362 1575 452 1600 Evasit
463 1582 575 1607 propere
585 1575 612 1600 in
623 1575 724 1606 celsam,
735 1583 816 1607 quam
827 1579 964 1602 struxerat
973 1579 1047 1606 ante,

361 1614 461 1646 Magni
471 1614 554 1644 mole,
561 1618 661 1646 pyram.

347 1692 491 1723 Sentisne
505 1702 586 1728 vero,
597 1692 694 1723 lector
702 1692 815 1732 lepide,
827 1703 885 1724 nos
895 1693 1072 1724 felicissime

344 1744 528 1783 protrusisse
541 1744 725 1782 scripturam
740 1744 857 1775 librarii
876 1745 982 1775 minus
1003 1745 1070 1775 effi·

346 1804 462 1831 cacem,
477 1796 611 1834 rapido?
629 1795 711 1826 Vide
725 1795 832 1826 locum
850 1795 919 1826 Silii
935 1796 1070 1836 penulti-

346 1855 445 1881 mum,
461 1852 555 1886 atque
571 1846 658 1888 Virg.
676 1847 754 1878 AEn.
770 1847 809 1878 iv.
825 1851 875 1880 69.
892 1847 946 1889 qui
957 1847 1000 1878 sic
1011 1847 1070 1878 ibi-

344 1896 427 1933 dem,
443 1907 502 1927 ver.
520 1901 592 1929 646.

407 1979 537 2004 interiora
547 1980 645 2006 domnis
654 1981 785 2012 inrumpit
795 1980 898 2010 limina,
908 1984 935 2006 et
945 1981 1008 2006 altos

406 2020 568 2044 Conscendit
571 2019 719 2051 furibunda
730 2028 809 2051 rogos.

345 2097 407 2130 Sed
421 2109 459 2129 ex
478 2099 537 2129 hoc
551 2099 732 2129 diverticulo
748 2099 788 2129 ad
804 2099 998 2137 Lucretium,
1011 2110 1068 2130 nos

342 2157 530 2190 poscentem,
541 2151 611 2191 jam
622 2150 748 2181 tandem
759 2157 958 2181 revertamur.
984 2151 1066 2181 Nos-

343 2208 391 2232 ter
404 2202 518 2243 itaque,
534 2203 618 2243 quod
633 2204 808 2234 Lambinus
819 2203 913 2233 etiam
924 2203 1066 2233 animad-

343 2254 445 2292 vertit,
460 2264 534 2285 suos
549 2265 653 2285 versus
667 2265 705 2285 ex
723 2255 947 2295 epigrammate
971 2254 1065 2285 Anti-

343 2305 438 2345 patris
468 2306 589 2336 Sidonii
618 2306 780 2343 coloraiiss
812 2306 870 2342 vel,
899 2313 936 2337 ut
964 2306 1066 2337 dicam

342 2357 503 2396 sincerius,
519 2360 647 2389 verbum
659 2360 763 2395 verbo,
776 2358 941 2389 transtulit.
987 2358 1064 2390 Pul-

341 2411 454 2441 chrum
470 2417 515 2441 est
530 2411 715 2450 poEmation,
732 2421 832 2451 neque
847 2410 1028 2450 displicebit,
1039 2410 1065 2441 si

342 2461 501 2502 integrum
516 2461 716 2498 adscribatur,
740 2468 770 2492 et
784 2462 944 2503 aliquanto
958 2472 1064 2492 emen·

340 2511 453 2543 datius:

379 2607 523 2640 Πωροεης
537 2608 636 2641 Ηριηα,
651 2617 698 2632 zm
711 2616 727 2632 υ
738 2606 874 2640 multa-thos
887 2606 993 2637 σιοιδωις,

419 2651 487 2678 Αλλ’
499 2652 606 2679 EAAx'
617 2655 660 2679 El(
677 2656 771 2682 Mumf
785 2664 848 2679 ruvo
860 2664 888 2679 το
898 2656 969 2685 fluor
980 2663 1040 2681 eres.

380 2701 429 2725 Tu
444 2710 494 2734 γαρ
508 2711 544 2726 τοι
557 2711 659 2734 fornitus
670 2711 704 2727 ει
718 2699 846 2736 ημέροτιν,
859 2701 901 2727 υδε
911 2706 1030 2735 primvm

416 2748 513 2775 Num-05
524 2747 569 2774 bero
581 2758 665 2784 σκιερῃ
678 2753 801 2775 κωλυεται
812 2758 920 2783 trs-epum.

377 2791 413 2819 A}
426 2791 447 2818 δ’
458 2794 618 2827 αναριθμητοι
630 2805 713 2830 ιεοιρων
725 2796 827 2830 capnon
839 2795 924 2822 aab„

416 2840 539 2875 Μυριιδες
552 2841 622 2876 ληθῃ,
635 2844 699 2874 gunt.
711 2842 894 2878 μιρωιομεθι.

1157 555 1339 593 liniri-:902
1355 565 1494 589 urm-or
1509 562 1639 588 ΜικΡοΣ
1652 562 1777 592 ΘΡοοΣ,
1792 563 1838 587 ΗΕ

1273 613 1428 637 κοΛοιΩκ

1197 661 1375 689 marmot,
1400 662 1442 685 EN
1464 659 1642 685 mmmm
1665 658 1842 683 izi-imm.-

1274 708 1342 733 κοΣ
1361 708 1548 732 semmam.

1119 786 1314 826 Αναριθμητοι·
1332 794 1367 813 εκ
1385 795 1410 812 εν
1425 784 1538 823 αριέμῳ·
1563 780 1651 811 nullo
1666 779 1698 809 in
1713 789 1838 810 numero
1882 785 1889 789 '

1119 839 1150 864 et
1174 834 1300 864 honore.
1345 833 1456 863 Minus
1478 838 1619 863 accurate
1641 831 1835 870 interpretes:

1118 886 1196 916 etin
1217 886 1322 925 primo
1345 895 1434 915 versu
1457 885 1553 925 vulgo
1578 883 1700 924 legitur,
1728 889 1839 922 ελαχεν

1120 944 1232 971 Mem?
1248 936 1408 974 mendose,
1423 936 1483 966 nisi
1497 936 1644 966 fallimur.
1669 935 1780 974 Neque
1792 933 1840 963 in-

1119 988 1319 1027 tempestivus
1328 991 1374 1016 est
1386 986 1556 1023 Hesiodus,
1568 997 1639 1025 opp.
1654 991 1686 1016 et
1695 984 1749 1015 dd.
1765 987 1839 1014 446.

1118 1040 1192 1070 huic
1207 1039 1275 1070 loco
1286 1037 1435 1075 Lucretii,
1445 1047 1503 1068 nec
1513 1046 1640 1076 operam
1650 1035 1771 1067 nullam
1782 1044 1838 1065 na-

1119 1097 1171 1122 vat
1184 1096 1296 1121 nostrae
1312 1089 1454 1120 Maronis
1467 1086 1692 1118 emendationi:

1158 1175 1300 1211 Φραζεσ-θαυ
1312 1174 1344 1206 δ’,
1358 1173 1405 1201 ευτ’
1418 1185 1450 1200 αι
1459 1181 1534 1207 φωνην
1546 1182 1638 1208 mauu
1651 1180 1782 1206 επακυᾳς

1153 1224 1312 1250 ’ΥὙΟΘΕΝ
1332 1225 1377 1249 ΕΚ
1398 1223 1547 1248 ΝΕΦΕΩΝ.

1118 1300 1191 1331 Hoc
1207 1299 1281 1330 facit
1297 1297 1453 1330 Martialis
1466 1297 1573 1334 etiam,
1588 1295 1629 1326 ix.
1649 1297 1698 1326 14.

1147 1368 1227 1400 Quod
1237 1366 1325 1400 penna
1335 1367 1468 1392 scribente
1478 1372 1555 1397 grues
1566 1364 1601 1389 ad
1610 1363 1694 1388 sidera
1706 1362 1803 1388 tollant
1814 1369 1822 1386 ι

1116 1437 1189 1458 cum
1207 1425 1332 1456 Seneca.
1356 1425 1431 1455 OEd.
1446 1426 1517 1455 605.

1145 1501 1199 1525 Nec
1210 1502 1297 1529 tanta,
1307 1498 1388 1531 gelidi
1399 1496 1548 1530 Strymonis
1555 1496 1660 1529 fugiens
1670 1493 1768 1523 minas,

1143 1542 1283 1565 Permutat
1295 1538 1396 1563 hiemes
1407 1538 1460 1562 ales
1467 1546 1475 1568 ;
1493 1536 1627 1567 et‚coe!um
1638 1542 1735 1564 secans,

1144 1581 1270 1612 'repente
1280 1578 1340 1604 Nilo
1349 1581 1443 1610 pensat
1452 1578 1564 1603 Arctoas
1574 1576 1658 1601 nives.

1158 1642 1242 1673 Ibid.
1265 1644 1439 1682 disparsus:
1464 1640 1556 1671 adeas
1572 1639 1645 1670 Silv.
1663 1637 1736 1669 Crit.
1759 1646 1786 1668 v.
1809 1647 1839 1676 p.

1115 1696 1186 1724 107.
1214 1692 1264 1723 Sic
1280 1692 1479 1727 Prudentius,
1494 1691 1660 1731 peristeph.
1676 1690 1697 1720 i.
1709 1693 1759 1720 76.
1772 1694 1838 1719 tro·

1114 1744 1227 1776 cha'icis
1270 1743 1510 1785 castigatissimis
1545 1741 1674 1774 annales
1710 1740 1839 1772 amissos

1114 1796 1334 1837 martyriorum
1348 1794 1478 1826 deflens:

1144 1871 1193 1900 Ne,
1204 1869 1341 1895 tenacibus
1351 1868 1443 1894 libellis
1452 1867 1568 1898 erudita,
1578 1866 1667 1892 secula

1143 1910 1283 1940 Ordinem,
1298 1914 1416 1942 tempus,
1431 1908 1601 1939 modumque
1615 1905 1740 1939 passion&
1748 1905 1838 1938 prodi-

1235 1953 1296 1973 tum

1143 1988 1270 2013 Dulcibus
1276 1987 1369 2020 linguis
1374 1991 1420 2020 per
1427 1994 1501 2011 aures
1507 1989 1674 2018 posterorum
1681 1986 1835 2017 spargerent.

1153 2059 1227 2089 Ver.
1248 2061 1316 2088 184.
1333 2068 1486 2098 per-sape:
1514 2063 1559 2087 Ω.
1569 2067 1626 2096 per
1640 2067 1680 2087 se.

1154 2111 1226 2141 Ver.
1246 2114 1314 2142 185.
1337 2112 1478 2141 stanteis:
1497 2109 1541 2139 sic
1557 2109 1592 2139 P.
1607 2115 1637 2138 et
1655 2107 1834 2138 incredibile

1110 2173 1233 2202 prorsus
1248 2168 1303 2199 est,
1325 2161 1508 2201 scripturam
1533 2159 1749 2200 hujuscemodi
1773 2159 1833 2190 ali-

1110 2215 1194 2246 unde
1208 2214 1353 2254 primitus
1367 2213 1500 2244 derivari
1514 2211 1661 2252 potuisse,
1685 2221 1779 2252 quam
1795 2220 1834 2242 ex

1110 2266 1205 2305 ipsius
1219 2266 1317 2304 po’etae
1332 2275 1438 2295 manu.
1482 2265 1614 2295 Stanceis
1634 2269 1751 2299 autem,
1777 2272 1834 2303 pro

1109 2323 1296 2355 constantes,
1326 2316 1374 2347 vel
1402 2315 1620 2352 consistentes3
1641 2314 1683 2344 ad
1711 2323 1834 2344 morem

1108 2368 1245 2408 profecto
1260 2367 1404 2403 Lucretii,
1420 2366 1572 2406 simplicia
1586 2367 1676 2396 verba
1685 2365 1724 2396 de
1734 2365 1832 2406 signi-

1109 2420 1201 2451 ficatu
1222 2420 1462 2460 compositorum
1485 2417 1718 2459 frequentantis.
1762 2417 1832 2448 No-

1108 2472 1155 2502 bis
1169 2478 1274 2502 autem
1290 2471 1421 2512 contigit
1434 2469 1548 2500 alicubi
1561 2469 1633 2509 plus
1653 2468 1749 2500 semel
1774 2469 1829 2499 ob-

1109 2534 1238 2560 servare,
1271 2523 1422 2554 dictiones
1443 2523 1527 2560 istas,
1556 2532 1627 2562 quae
1650 2520 1831 2562 quampiam

1105 2577 1241 2615 corporis
1262 2576 1447 2615 positionem
1468 2575 1603 2615 signant,
1614 2573 1723 2614 jacere
1743 2577 1829 2611 pum,

1104 2630 1215 2664 sedere,
1241 2634 1270 2658 et
1294 2634 1373 2658 stare
1394 2627 1539 2667 denique,
1562 2625 1645 2665 apud
1665 2623 1828 2664 utriusque

1105 2679 1223 2720 linguae
1238 2679 1409 2718 scriptores,
1431 2677 1614 2709 substantivi
1627 2675 1710 2706 verbi
1726 2681 1828 2715 potes-

1108 2737 1204 2761 tatem
1221 2730 1394 2769 simplicem
1409 2730 1466 2760 sibi
1488 2728 1650 2767 vindicare.
1696 2728 1829 2758 Stanteis

1106 2781 1202 2822 igitur
1217 2781 1296 2811 valet
1312 2794 1392 2816 εσας,
1409 2782 1596 2821 ὑπαρχκσας,
1610 2778 1660 2809 vel
1672 2790 1830 2819 τυγχαη·

1107 2846 1158 2867 σας
1167 2846 1178 2864 .·
1196 2831 1285 2873 cujus
1300 2831 1504 2872 exquisitioris
1514 2829 1656 2862 vocabuli
1668 2829 1828 2872 vulgatam
