1912 3292
461 215 692 263 LIBER
740 211 1094 260 TERTIUS.

34 352 140 388 1055

1435 222 1453 259 1
1461 221 1490 261 ,S
1497 223 1524 260 :3

232 347 325 403 Ipse
347 346 549 401 Epicurus
569 343 685 393 obiit,
708 342 880 382 decurso
899 340 1055 381 lumine
1074 340 1188 391 vitae;

174 422 260 471 Qui
280 435 407 478 genus
423 419 656 458 *humanum
675 415 843 473 ingenio
864 415 1084 470 superavit,
1117 424 1157 456 et
1177 417 1333 457 omneis

32 578 82 608 ΒΕ
90 588 111 608 N
117 589 138 608 T
145 588 162 608 L
168 588 185 608 t
191 588 201 608 1
207 588 246 608 us
253 600 260 607 .

33 629 216 669 Perperam:
244 628 268 658 si
283 638 356 658 vero
380 628 556 659 mutatione
573 639 651 668 opus
668 629 756 664 foret,

34 682 409 723 mutata‘interpungendi
424 683 502 713 ratio
517 682 640 712 facilius
662 692 754 721 expe-

32 734 114 764 diret
129 744 208 764 rem:

6 825 10 828 .
32 807 163 838 Denique,
173 807 360 831 Democritum
368 810 428 839 post
435 813 517 837 quam
527 810 632 831 matura
639 808 758 831 vetustas

0 2790 10 2852 l

0 2859 10 2910 l

31 847 250 873 Admonuit—.

34 919 95 949 Sed
118 918 206 949 locus
230 929 296 949 non
323 925 369 949 est
396 919 611 949 solicitandus:
645 919 757 958 optimi

31 970 118 1000 enim
131 971 292 1009 scriptores
307 970 439 1001 subinde
454 970 555 1000 solent
565 971 599 1000 in
614 981 756 1011 progres-

33 1032 71 1051 su
95 1021 248 1052 sermonis
269 1022 546 1059 constructionem,
570 1021 631 1062 quii
656 1021 756 1052 exorsi

33 1078 132 1111 erant,
148 1073 332 1110 immutare3
347 1078 378 1099 e*
387 1073 559 1112 szxsertim
571 1072 692 1113 quoties
707 1073 755 1102 in-

33 1124 179 1163 terposita.
192 1125 346 1155 sententia
359 1135 488 1155 cursum
504 1124 690 1154 narrationis
704 1135 757 1155 ru·

33 1175 126 1214 perit:
152 1186 205 1206 me
219 1176 324 1206 videas
342 1176 381 1206 ad
395 1176 415 1206 i.
434 1179 481 1207 16.
493 1176 531 1206 de
543 1175 680 1206 formula
694 1186 758 1206 non

32 1226 185 1257 dissimili.
230 1226 331 1257 Haud
356 1227 445 1257 aliter
471 1227 646 1266 Homerus,
672 1227 702 1256 Il
718 1234 757 1257 «Β.

32 1282 104 1310 6Ὲ1.

66 1359 114 1383 Nou
130 1356 151 1382 δ’
170 1368 205 1383 ow
216 1358 326 1388 ΤΟΥΣ,
350 1358 416 1384 ὅσσοι
437 1367 466 1383 το
487 1358 649 1389 Πελασγικον
673 1358 756 1392 Αργος

167 1412 292 1434 evector,—

73 1452 151 1476 ΤΩΝ
164 1462 197 1476 οιυ
210 1460 363 1480 πεντήκοντα
374 1460 425 1477 vem
436 1462 462 1480 κν
473 1461 552 1486 αρχος
567 1452 702 1485 Αχιλλευς.

36 1513 146 1553 Neque
161 1512 280 1543 diversa
294 1519 340 1544 est
361 1513 500 1554 ejusdem
520 1514 599 1544 ratio
620 1514 653 1544 in
669 1515 757 1545 nobi-

34 1563 152 1594 lissimo
166 1574 256 1594 versu
269 1564 342 1595 ibid.
357 1571 388 1595 E.
406 1568 461 1596 85.
476 1565 520 1595 sic
529 1565 758 1606 *interpungen-

37 1615 88 1652 do,
111 1616 195 1656 quod
209 1616 342 1647 editores
355 1616 458 1648 latuit:

73 1677 193 1708 Τυδειδην
206 1678 238 1709 δ’,
259 1689 293 1706 εκ
306 1689 336 1705 xv
348 1690 427 1711 γνοιης
442 1689 558 1715 iras-§pomi
569 1689 660 1714 μετειη.

36 1730 161 1761 Centies
175 1733 465 1764 hancstructuram
487 1733 520 1763 in
535 1733 682 1764 Lucretio
703 1735 758 1763 ha-

34 1782 169 1813 buimus.
215 1784 299 1813 Cum
329 1784 535 1823 interpretum
557 1784 646 1823 plebe
669 1784 760 1814 video

35 1834 124 1864 aliter
138 1835 341 1865 Eustathium
355 1835 488 1873 dictare;
513 1836 567 1866 sed
582 1836 686 1866 virum
709 1848 761 1866 vro-

38 1888 259 1925 λυμαθεστατον
284 1886 414 1916 omnino
442 1886 553 1916 fefellit
582 1885 762 1927 exquisitior

36 1937 190 1967 scribendi
206 1938 352 1968 formula.
383 1938 451 1967 Nos
464 1948 557 1977 super
568 1939 627 1968 hac
642 1949 675 1968 re
690 1937 760 1977 plu-

36 1999 71 2019 ra
86 1989 222 2019 diximus
245 1989 286 2019 ad
311 1989 385 2019 silv,
414 1989 489 2019 Crit.
505 1989 549 2019 iii.
566 2000 594 2028 p.
613 1993 662 2020 92.
678 1990 716 2019 iv.
732 2000 760 2028 p.

40 2042 111 2071 176.
129 2045 160 2070 et
174 2039 256 2070 alibi.
302 2040 394 2070 Idem
417 2041 542 2070 schema
556 2040 677 2079 decepit
693 2040 761 2069 Ou-

38 2091 255 2131 dendorpium,
278 2091 317 2121 ad
339 2091 420 2122 Julii
448 2091 669 2132 Obsequentis,
696 2101 760 2130 cap.

39 2143 138 2173 cxxix.
171 2146 193 2161 “
212 2145 314 2174 Caesar
343 2152 418 2172 cum
447 2142 480 2172 in
503 2152 651 2182 campum
673 2143 761 2172 Mar-

37 2196 60 2212 “
77 2193 157 2224 tium
172 2194 342 2224 exercitum
358 2193 532 2230 deduceret,
556 2204 608 2224 sex
623 2193 762 2224 vultures

37 2247 59 2263 “
75 2245 511 2284 apparuerunt:’'—-reponere
523 2244 678 2276 volentem
697 2248 760 2276 Cae-

37 2298 110 2328 sari.

83 2347 164 2377 Ibid.
179 2355 300 2379 matura
316 2355 463 2381 vetustas:
492 2354 528 2379 ut
539 2354 611 2388 pote
627 2348 681 2389 qui
697 2348 763 2378 vix-

40 2399 99 2428 erit
121 2411 194 2429 εννεα
218 2411 282 2442 προς
310 2414 366 2434 τοις
391 2401 494 2431 ἕκατον
517 2414 578 2438 εφη,
601 2406 677 2430 teste
701 2400 763 2430 La-

37 2449 116 2479 'e'rtio
131 2450 165 2479 in
179 2449 240 2481 vita
256 2450 332 2491 ejus,
348 2461 443 2492 segm.
465 2455 515 2482 43.
539 2451 655 2482 Paullo
675 2451 765 2481 aliter

37 2500 107 2538 alii3
132 2501 217 2542 (vide
245 2501 375 2532 Stanleii
393 2502 472 2532 vitas
492 2502 762 2543 philosophorum)

37 2552 91 2583 sed
114 2563 223 2584 omnes
243 2554 453 2590 consentiunt,
481 2565 555 2585 eum
569 2554 609 2584 ad
624 2561 763 2585 senectu-

39 2610 103 2634 tem
117 2603 333 2645 longissimam
345 2605 530 2644 pervenisse.

77 2659 152 2689 Ver.
179 2662 269 2690 1055.
292 2671 453 2691 memores:
480 2661 523 2691 sic
548 2671 657 2692 omnes
681 2661 762 2698 libri,

37 2710 147 2750 quibus
161 2711 285 2742 obviam
300 2712 345 2742 ire
360 2722 425 2742 non
440 2723 536 2743 ausus
550 2724 630 2749 sum,
653 2724 763 2753 excep-

38 2766 70 2789 to
82 2762 250 2793 recentiore
266 2767 304 2794 Σ.
325 2775 483 2794 memorem
500 2764 673 2801 exhibente,
690 2776 761 2806 quae

36 2811 184 2844 Lambini
209 2821 256 2845 est
283 2816 446 2848 arbitraria
474 2817 631 2849 correctio.
678 2819 760 2849 Sane

36 2862 155 2900 phrasis
185 2866 353 2898 Admonuit
380 2879 538 2900 memorem
563 2869 763 2900 Homereum

0 2921 11 2965 Ἰ
32 2911 119 2944 illud
133 2913 261 2954 pulchre
275 2918 482 2959 expressisset,
507 2919 546 2951 11.
561 2926 595 2952 N.
612 2924 662 2952 46.

0 3120 16 3292 ,ι’-..ι-
9 3094 12 3112 -
0 3063 3 3071 “
6 2976 11 3055 ..-.,-..

801 578 895 604 Anam
909 586 996 613 xpum
1007 583 1116 613 προςεφπ,
1131 576 1317 602 ΜΕΜΑΩΤΕ
1331 576 1390 601 ΚΑΙ
1407 576 1526 603 ΑΥΤΩ;

801 631 855 661 sed
878 631 1029 661 librorum
1057 631 1176 660 sincera
1210 629 1361 669 scriptura
1390 635 1528 660 vetusto-

800 694 873 713 rum
882 684 1065 724 conjecturis
1080 682 1302 714 commentitiis
1315 683 1462 722 anteponi
1473 683 1528 713 de-

798 736 859 765 bet.
904 735 993 765 Nihil
1017 736 1113 776 igitur
1134 735 1333 765 mutandum.
1379 736 1530 766 Memores

800 793 906 817 autem
920 794 1016 818 motus
1030 793 1105 818 sunt
1119 787 1152 818 id
1174 787 1313 817 officium
1327 787 1451 822 mentis,
1475 797 1530 826 per

799 839 883 880 quod
897 841 948 870 sui
968 842 1114 876 meminit,
1141 845 1172 869 ot
1192 839 1338 880 ,agnoscit
1361 849 1405 877 se,
1427 849 1531 879 neque

800 892 878 922 adeo
893 893 932 922 ab
948 891 1036 921 omni
1052 902 1144 921 sensu
1161 890 1399 930 derelinquitur,
1428 895 1464 919 ut
1478 899 1529 919 ac-

801 943 923 974 tionum
950 953 1079 974 suarum
1106 943 1145 973 sit
1167 952 1279 982 parum
1306 941 1459 980 conscius,
1482 946 1530 971 at-

801 1006 862 1036 que
876 996 910 1026 in
928 996 1081 1026 fatuitatis
1102 995 1297 1035 torpedinem
1319 995 1527 1034 demergatur.

802 1047 877 1077 Hoc
891 1047 931 1077 ad
944 1048 1029 1076 hunc
1052 1046 1184 1077 modum
1206 1046 1295 1076 aliter
1315 1045 1427 1076 extulit
1441 1045 1475 1075 in
1490 1044 1529 1074 iv.
1570 1080 1572 1083 Ι

802 1100 873 1129 769.
896 1097 987 1137 po‘eta
1003 1103 1121 1128 noster:

832 1158 974 1187 Praeterea,
985 1156 1124 1181 meminisse
1127 1156 1209 1188 jacet,
1226 1156 1376 1187 languetque
1387 1158 1479 1187 sopore.

805 1206 973 1241 Caeterum,
997 1215 1053 1244 pro
1071 1211 1177 1240 motus,
1195 1211 1236 1234 Π.
1252 1210 1357 1234 metus.

845 1257 919 1286 Ver.
937 1259 1029 1286 1054.
1052 1255 1226 1285 Notionem
1242 1254 1285 1285 sic
1300 1253 1442 1284 exhibuit
1462 1263 1529 1284 ver-

801 1308 887 1338 sibus
901 1307 1019 1337 limatis
1030 1306 1179 1337 Valerius
1194 1305 1337 1343 Flaccus,
1360 1305 1399 1335 vi.
1414 1308 1489 1335 510.

825 1399 828 1402 -
1024 1379 1150 1409 Genitor,
1166 1379 1237 1411 turpi
1247 1380 1343 1403 durare
1354 1378 1463 1403 senecta

831 1423 919 1453 Quem
940 1421 1006 1445 mihi
1028 1420 1091 1446 reris
1109 1420 1209 1449 adhuc,
1225 1419 1276 1451 ipse
1296 1419 1346 1444 hac
1369 1419 1530 1444 occumbere

911 1460 1010 1485 dextra

832 1500 938 1530 Maluit,
948 1502 1031 1530 atque
1047 1499 1112 1523 ultro
1123 1505 1215 1531 segnes
1222 1501 1384 1530 perrumpere
1394 1500 1491 1522 metas.

804 1564 855 1594 Ita
870 1562 1102 1594 rescribendum
1117 1562 1201 1593 dico:
1229 1561 1324 1602 vulgo
1335 1560 1461 1602 legitur,
1477 1571 1532 1599 pa-

802 1626 876 1645 rum
890 1615 1014 1653 Latine,
1041 1616 1227 1654 abrumpere.
1273 1613 1345 1642 Nisi
1368 1611 1437 1652 quis
1462 1610 1535 1641 velit

802 1676 901 1696 neaeus-
912 1676 968 1705 pro
982 1671 1085 1700 metas,
1107 1663 1192 1704 quod
1206 1663 1312 1693 minus
1335 1663 1397 1692 veri
1413 1661 1536 1692 videtur

803 1717 913 1747 simile.
942 1717 999 1748 Ex
1015 1718 1074 1746 hoc
1089 1722 1196 1746 autem
1210 1714 1350 1745 Lucretii
1364 1714 1446 1751 loco,
1463 1713 1537 1743 satis

804 1767 923 1808 liquido
953 1772 1084 1803 constat,
1112 1766 1165 1806 qui
1191 1775 1301 1795 sensus
1325 1765 1365 1794 sit
1389 1766 1536 1804 phraseos

805 1819 959 1859 Diogenis
974 1818 1104 1856 La'ertii,
1127 1818 1166 1847 de
1192 1816 1387 1852 Democrito,
1416 1815 1458 1845 ix.
1485 1819 1536 1845 45.

804 1872 838 1901 in
868 1870 964 1901 Suida
985 1870 1080 1900 etiam
1106 1875 1137 1899 et
1170 1868 1343 1898 Anecdotis
1367 1867 1536 1898 Villoisoni

808 1924 926 1954 Graecis
941 1923 1099 1961 exstantis,
1123 1922 1295 1952 editoribus
1316 1932 1381 1951 non
1394 1920 1534 1950 intellec-

805 1981 863 2005 tae:
888 1975 945 2008 HBn
963 1976 1121 2017 ὑπέργηρων
1137 1987 1216 2009 ον-τα,
1234 1986 1299 2015 προς
1311 1986 1351 2013 τῳ
1370 1985 1536 2014 καταστρε-

806 2035 862 2067 <om
892 2041 966 2057 ειναι·
990 2029 1023 2057 z'n
1044 2028 1199 2056 moriendo
1226 2036 1305 2055 esse:
1331 2024 1351 2054 i.
1378 2035 1403 2053 c.
1428 2027 1450 2041 “⁵
1467 2023 1534 2053 ani-

806 2081 934 2108 “mum
970 2078 1103 2107 habebat
1138 2076 1179 2107 ad
1207 2082 1342 2106 mortem
1373 2075 1534 2112 versun1·‚''

805 2130 910 2160 —sive
934 2133 954 2148 “
971 2129 1011 2160 ad
1037 2128 1218 2160 obeundam
1242 2133 1377 2158 mortem
1393 2127 1535 2167 accinge-

806 2186 828 2200 “
845 2182 965 2212 batur.”
1012 2181 1148 2217 Deinde,
1164 2180 1272 2220 paucis
1287 2179 1467 2219 interjectis,
1483 2179 1538 2209 ad-

807 2234 864 2272 dit,
880 2244 950 2274 quae
971 2233 1156 2264 Lucretium
1173 2232 1342 2270 illustrant,
1359 2230 1538 2274 διεκριτησεν

807 2286 893 2317 aba-ov
909 2300 960 2320 την
976 2287 1078 2328 ἑορτήν·
1105 2298 1163 2317 ewa
1179 2285 1206 2316 δε
1223 2286 1365 2327 παρῆλθον
1381 2284 1414 2314 αἱ
1428 2285 1536 2325 hyspani,

809 2350 876 2379 τρεις
906 2336 933 2367 δε
961 2349 1042 2375 nean,
1066 2342 1312 2367 ΑΛτΠοτΑτΑ
1345 2341 1418 2365 ToN
1453 2340 1538 2364 ΒιοΝ

809 2393 1025 2419 ΠΡΟΗΚΑΤΟ.
1070 2386 1124 2417 Ad
1148 2397 1244 2427 quam
1259 2396 1403 2416 normam
1423 2384 1537 2414 Suidas

808 2439 921 2478 pariter
935 2438 1108 2479 exigendus
1122 2445 1179 2477 est,
1196 2445 1227 2469 et
1241 2436 1450 2478 corrigendus.

852 2489 934 2520 Ibid.
958 2492 1067 2530 Sponte
1093 2489 1148 2521 sud
1171 2492 1243 2530 ipse.
1267 2490 1311 2519 Et
1325 2487 1480 2529 Virgilius
1496 2487 1537 2517 si-

807 2541 935 2580 militer,
958 2542 998 2572 ad
1013 2552 1080 2582 geo.
1096 2542 1128 2573 ii.
1147 2545 1193 2573 lO.

823 2617 946 2646 Namque
956 2615 1027 2645 allaz,
1038 2614 1115 2639 nullis
1125 2614 1268 2639 hominum
1281 2612 1449 2645 cogentibus,
1465 2613 1527 2645 ipsae

822 2657 911 2686 Sponte
922 2654 971 2678 suci
984 2655 1167 2679 veniunt—.

808 2726 894 2756 Nam
920 2725 1065 2756 nonnulli
1090 2725 1123 2755 in
1151 2723 1301 2755 Lucretio
1322 2723 1417 2753 aliam
1440 2723 1535 2753 inter-

804 2776 965 2817 pungendi
980 2776 1063 2806 viam
1078 2776 1269 2813 institerunt,
1292 2776 1351 2806 hoc
1366 2780 1458 2815 pacto
1473 2774 1530 2804 sci-

805 2828 892 2859 licet:

837 2904 939 2934 Sponte
950 2902 996 2926 sua
1008 2902 1062 2927 leto
1073 2905 1155 2934 caput
1166 2902 1258 2928 obvius
1269 2901 1377 2928 obtulit.
1411 2902 1479 2933 Ipse,

840 2944 897 2976 Ipse
909 2943 1036 2976 Epicurus
1050 2942 1186 2968 obiit—.

775 2992 843 3026 Ni.)
