1912 3292
846 162 906 210 T.
957 156 1338 207 LUCRETII

494 301 550 343 Et
568 298 721 358 gelidas
741 295 859 338 citius
877 307 953 348 per
972 291 1126 332 viscera
1145 290 1324 332 concitat
1343 305 1483 342 auras;

493 375 604 425 Quae
623 371 843 415 tremulum
862 367 1018 409 faciunt
1037 364 1232 406 membris
1251 367 1444 408 exsistere
1464 374 1640 409 motum.

493 450 553 491 At
571 457 720 491 natura
737 446 865 487 boum
884 439 1047 498 placido
1065 439 1196 496 magis
1216 440 1310 481 aere
1329 440 1448 491 vivit;

352 578 376 613 ὲ*
392 591 482 623 audit
504 588 702 621 inimicum.’‘
749 587 842 618 Idem
872 591 977 615 tamen
1007 581 1079 613 Cari

351 643 523 684 discipulus
533 642 730 682 ipsissimam,
746 634 785 670 de
797 637 860 680 qua
872 637 1079 676 disputamus

351 694 551 726 antecessoris
565 693 728 724 audaciam
739 688 992 722 manifestissima
1006 687 1077 717 imi-

350 747 470 779 tatione
485 745 626 776 aemulari
641 754 706 775 non
721 743 853 783 expavit,
876 742 917 772 ad
932 741 1006 772 AEn.
1027 739 1079 770 xii.

351 794 425 823 527.

351 869 692 877 ——-——
701 861 756 880 non
766 854 871 886 segnius
880 854 972 881 ambo,

350 896 449 922 AEneas
459 897 633 926 Turnusque,
645 898 729 919 ruunt
739 900 786 925 per
797 893 905 925 praelia:
925 897 996 916 nunc
1008 898 1080 916 nunc

351 939 469 963 fluctuat
478 937 519 962 ira
529 937 598 962 intus
605 945 620 966 ‚·
636 939 801 968 rumpuntur,
817 935 905 960 nescia
916 933 998 963 vinci,

352 980 469 1003 Pectora.

350 1041 465 1077 Minus
478 1043 630 1077 audacem
644 1054 709 1076 non
724 1044 790 1085 egit
802 1042 842 1073 ad
856 1051 924 1083 geo.
940 1040 984 1071 iii.
999 1043 1071 1071 528.

380 1106 415 1130 Et
422 1107 502 1129 cantu
512 1103 633 1135 querula*¹
645 1105 762 1135 rumpent
772 1101 876 1126 arbusta
889 1100 1007 1125 cicadae:

349 1164 427 1185 nam
452 1153 564 1184 fuisset
588 1151 740 1187 naturale,
773 1150 799 1180 si
824 1149 960 1185 dixisset,
991 1151 1016 1166 “
1038 1147 1082 1178 Et

350 1209 374 1225 “
389 1211 499 1236 cantus
513 1203 690 1234 cicadarum
701 1206 899 1241 rumpentur,
917 1199 965 1230 vel
977 1199 1080 1231 effun-

351 1260 375 1275 “
390 1256 513 1292 dentur,
536 1265 575 1286 ex
600 1253 762 1285 arbustis”
809 1252 876 1282 Nec
903 1252 1022 1282 interea
1048 1260 1082 1282 se

349 1308 504 1339 nobilium
519 1308 683 1347 po'etarum
697 1304 845 1336 comitem
860 1303 976 1334 Statius
985 1304 1080 1334 abne-

351 1365 416 1402 gat,
441 1359 508 1390 silv.
522 1359 566 1390 iii.
581 1362 612 1390 5.
632 1361 659 1390 7.

514 1426 655 1458 inexpleto
665 1427 819 1457 rumpentem
829 1427 928 1456 pectora
940 1425 1028 1456 questu
1039 1431 1049 1448 .-

351 1485 464 1526 Neque
478 1484 606 1523 insuper
616 1481 869 1514 accommodatus
880 1491 946 1512 non
958 1487 1004 1511 est
1013 1481 1079 1511 Va-

351 1536 446 1567 lerius
461 1535 603 1573 Flaccus,
626 1535 747 1575 Argon.
764 1542 791 1564 v.
806 1536 881 1563 341.

365 1617 644 1626 ——-———
653 1610 723 1628 mox
733 1606 802 1628 stare
813 1606 942 1635 paventes

365 1645 474 1670 Viderat
485 1644 589 1669 intenti
601 1650 696 1675 pueros
705 1649 788 1672 nece3
805 1649 898 1674 seque,
910 1640 1084 1666 tremendum!

366 1686 493 1716 spargere
503 1683 581 1708 caede
591 1689 697 1712 manus,
714 1685 742 1707 et
751 1681 852 1706 Iumina
863 1685 978 1714 rumpere
981 1680 1060 1711 fietu.

352 1744 406 1775 Ita
418 1743 588 1785 castigandi
614 1748 689 1774 sunt
710 1742 989 1783 praecellentissimi
1010 1753 1078 1773 ver·

349 1807 409 1827 sus..
435 1795 554 1836 Vulgo,
569 1801 760 1826 trementum.
798 1794 975 1832 Nonnulla,
991 1794 1031 1825 ad
1046 1794 1078 1826 ii.

352 1851 424 1880 799.
439 1847 560 1884 collata,
586 1847 680 1878 fidem
694 1846 811 1877 facient
833 1846 907 1877 huic
929 1846 1079 1877 emenda-

351 1900 440 1931 tioni.

394 1951 471 1982 Ver.
487 1954 558 1983 299.
581 1953 701 1981 irarum
706 1952 836 1992 fluctus.
865 1951 1082 1990 Componatur

350 2003 466 2034 iterum
481 2002 648 2044 Virgilius,
673 2002 749 2032 AEn.
764 2002 802 2032 iv.
820 2005 891 2034 532.

612 2069 767 2095 magnoque
777 2061 877 2087 irarum
880 2061 993 2093 fluctuat
1004 2065 1077 2087 aesm.

351 2114 458 2151 Quem
483 2113 589 2144 locum
614 2113 791 2144 Lambinus
815 2113 913 2143 etiam
942 2112 1081 2144 admovit

350 2175 425 2197 cum
438 2176 529 2196 versu
545 2165 735 2203 Catulliano,
757 2165 798 2196 ad
812 2165 884 2196 lxiv.
899 2168 952 2196 62.

547 2226 652 2258 magnis
662 2232 788 2250 curarum
800 2225 914 2250 fluctuat
925 2226 1017 2250 undis:

352 2273 408 2304 ubi
423 2283 561 2313 nuperus
575 2274 677 2304 editor
694 2274 875 2313 Lipsiensis,
899 2275 933 2306 F.
952 2275 992 2306 G.
1011 2275 1079 2305 Do-

349 2325 444 2366 ering
457 2332 631 2366 opportune
639 2325 798 2357 commisit
811 2325 1006 2365 Oppianum,
1022 2327 1079 2356 ha-

353 2375 441 2407 lieut.
456 2376 500 2408 iii.
516 2379 588 2408 505.

713 2460 760 2479 roos
773 2450 797 2477 δε
807 2450 836 2481 οἱ,
858 2453 916 2481 ἐὖτε
928 2461 1013 2485 xum,

468 2498 578 2524 Ea'Mm-oea
585 2504 597 2523 .·

352 2566 385 2590 et
398 2571 456 2590 nos
469 2562 549 2592 bene
564 2561 695 2592 remittit
709 2562 748 2593 ad
764 2562 1012 2593 Drakenborchii
1023 2573 1079 2593 no-

353 2617 400 2641 tas
417 2611 561 2650 Silianas,
585 2613 668 2644 Pun.
695 2614 734 2644 ix.
762 2616 835 2646 527.
880 2614 947 2644 Nec
973 2615 1081 2645 minus

353 2664 512 2703 appositus
534 2671 580 2696 est
596 2666 736 2697 Achilles
759 2666 881 2705 Tatius,
904 2667 936 2698 ii.
953 2671 1002 2700 29.
1030 2674 1080 2698 Αι-

346 2714 406 2749 ’ὂως
436 2714 475 2753 δε,
508 2730 557 2747 και
587 2724 681 2756 amn,
713 2733 763 2750 και
791 2725 897 2756 ΟΡΓΗ,
936 2733 998 2762 τρια
1029 2734 1080 2754 της

355 2772 502 2798 ΨΎΧΗΣ
522 2774 705 2800 KTMATA:
734 2771 786 2801 ubi
809 2778 912 2802 noster
934 2772 1020 2802 haud
1035 2772 1079 2802 la-

356 2817 418 2847 tuit
433 2818 611 2850 Bodenum.
658 2821 701 2851 Et
716 2822 811 2852 modo
833 2823 927 2852 simili
941 2823 1084 2863 depinxit

357 2869 418 2900 vivi
439 2870 553 2901 calami
572 2870 727 2903 coloribus
751 2875 866 2905 iratum
894 2874 1022 2912 Seneca,
1046 2875 1085 2907 de

1124 582 1189 620 Ira,
1212 583 1244 614 ii.
1261 585 1312 614 55.
1337 586 1359 602 “
1375 583 1574 614 Tumescunt
1586 593 1686 622 venae,
1709 581 1851 615 concuti-
1867 606 1871 610 -

1124 638 1146 653 “
1162 640 1214 665 tur
1235 636 1342 666 crebro
1367 634 1476 675 spiritu
1499 640 1616 674 pectus,
1639 635 1747 666 rabida
1768 636 1856 667 vocis
1902 648 1904 654 ’

1124 689 1148 704 “
1163 686 1286 726 eruptio
1300 685 1379 716 colla
1393 685 1555 716 distendit:
1584 692 1660 717 tunc
1682 693 1768 717 artus
1788 690 1853 718 tre-
1905 685 1908 733 J

1131 737 1243 777 “pidi,
1267 738 1414 778 inquietae
1439 747 1564 774 manus,
1597 738 1692 768 totius
1717 738 1855 778 corporis
1883 774 1886 779 ,

1124 792 1147 808 “
1165 789 1355 820 fluctuatio.”
1402 790 1513 831 Neque
1538 790 1646 820 minus
1666 800 1736 821 vere
1756 791 1797 821 ad
1810 792 1853 822 ti·

1123 852 1233 872 morem
1251 838 1411 872 transtulit
1424 843 1639 881 metaphoram
1655 841 1693 878 Q.
1712 842 1852 881 Curtius,
1876 868 1880 873 .
1903 832 1907 867 ,¹

1124 892 1169 924 iii.
1187 897 1237 925 10.
1253 898 1281 926 6.
1299 898 1321 912 “
1336 894 1452 925 Totam
1464 895 1574 932 aciem,
1588 905 1645 924 suo
1651 905 1763 934 pavore
1763 895 1853 936 fluc-
1905 917 1906 922 ,

1126 947 1149 962 ‘⁸
1164 950 1313 982 mantem,
1335 945 1526 976 umbonibus
1540 955 1628 985 posse
1643 944 1809 985 propelli?⁴

1127 995 1296 1032 Caeterum,
1312 995 1380 1026 loco
1395 997 1480 1027 haud
1496 996 1618 1028 alienus
1633 996 1794 1028 accesserit
1803 995 1854 1027 in-
1902 1016 1905 1022 -

1124 1058 1218 1088 super
1234 1048 1378 1087 Ovidius,
1400 1056 1474 1080 met.
1489 1060 1536 1080 xv.
1554 1053 1603 1081 86.

1186 1108 1378 1140 Amneniaeque
1389 1108 1480 1141 tigres,
1496 1108 1670 1141 iracundique
1681 1109 1771 1135 teones.

1126 1157 1292 1198 Oppianus
1306 1157 1413 1196 etiam,
1429 1168 1496 1198 eyn.
1513 1159 1551 1189 iv.
1570 1161 1640 1190 162.
1656 1158 1696 1189 de
1709 1160 1812 1190 leone.-

1164 1235 1272 1275 ΘΥΜῼ
1285 1234 1434 1267 ταφλαζων,
1454 1234 1535 1262 12⁶2»,-
1547 1234 1634 1263 δηῖωη
1644 1243 1776 1270 κεραυνοκ.

1168 1301 1243 1332 Ver.
1269 1305 1342 1332 500.
1368 1308 1507 1332 ventosa:
1547 1301 1680 1342 ideoque
1701 1301 1799 1342 fugax
1823 1306 1856 1333 et

1125 1353 1244 1393 rapida,
1267 1360 1303 1384 ut
1317 1360 1440 1388 ventus,-
1466 1353 1551 1384 unde
1572 1353 1611 1384 de
1625 1355 1756 1394 tigribus
1772 1354 1856 1394 pari·
1902 1363 1903 1369 ¹

1125 1412 1174 1436 ter
1190 1405 1368 1445 Oppianus,
1391 1415 1499 1446 cyneg.
1517 1405 1561 1435 iii.
1581 1409 1632 1437 98.

1142 1477 1287 1513 Παρδαλιες
1301 1476 1323 1503 τ’
1336 1482 1415 1507 ozam,
1435 1487 1482 1503 zm
1497 1486 1585 1512 τιγριες
1598 1451 1841 1504 ΗΝΕὶνιῐΟΕΣΣΔῙ.

1168 1544 1241 1576 Ver.
1257 1549 1330 1576 501.
1348 1544 1439 1575 Nihil
1449 1554 1506 1584 pro
1521 1544 1653 1584 imperio
1664 1544 1716 1575 hic
1725 1543 1786 1575 loci
1796 1554 1852 1575 no-
1900 1576 1903 1582 ,

1125 1608 1196 1629 vare
1214 1598 1303 1628 nobis
1317 1598 1476 1628 decretum
1493 1604 1554 1633 est;
1576 1597 1631 1628 sed
1645 1598 1791 1637 dicimus,
1806 1603 1853 1628 at-
1901 1609 1903 1614 ·

1125 1661 1186 1692 que
1206 1651 1301 1682 etiam
1325 1651 1486 1687 edicimus,
1510 1650 1557 1681 vel
1572 1650 1672 1689 libris,
1703 1656 1856 1692 quotquot
1900 1669 1901 1672 =

1126 1703 1197 1740 sint,
1213 1703 1465 1741 reclamantibus,
1482 1703 1665 1734 Lucretium
1677 1703 1842 1742 scripsisse:

1155 1764 1189 1788 Et
1199 1763 1298 1795 gelidas
1309 1763 1386 1787 citius
1397 1770 1444 1794 per
1455 1762 1556 1788 viscera
1567 1762 1672 1795 concipit
1682 1769 1773 1787 auras:

1124 1811 1144 1842 i.
1161 1822 1186 1843 e.
1203 1811 1312 1842 sumit:
1338 1817 1374 1842 ut
1395 1811 1501 1847 modo,
1524 1810 1564 1842 ad
1589 1821 1651 1842 ver.
1677 1814 1748 1843 289.
1772 1812 1854 1842 calo·

1124 1876 1188 1895 rem
1203 1866 1312 1895 sumit:
1332 1870 1363 1894 et
1377 1863 1557 1894 committas
1567 1863 1669 1903 ipsum
1683 1863 1807 1903 poetam
1819 1863 1853 1894 in
1895 1851 1899 1861 ³

1125 1916 1164 1947 η’.
1178 1919 1252 1947 507.
1267 1920 1340 1947 880.
1375 1915 1521 1947 Gemella
1539 1922 1586 1946 est
1607 1915 1666 1946 loci
1682 1915 1853 1957 virgiliani

1125 1969 1215 2006 ratio,
1238 1968 1279 1999 ad
1292 1978 1362 2009 geo.
1376 1968 1395 1998 i.
1413 1971 1487 1999 420.

1155 2037 1304 2061 Vertuntur
1314 2035 1413 2068 species
1424 2035 1590 2066 animorum,
1606 2039 1635 2061 et
1643 2039 1744 2068 pectora
1755 2039 1837 2061 motus

1155 2080 1232 2103 Nunc
1243 2078 1317 2108 aiios,
1333 2078 1397 2103 alios
1408 2079 1474 2103 dum
1489 2078 1581 2103 nubila
1592 2082 1689 2103 ventus
1699 2079 1809 2111 agebat,

1156 2119 1311 2151 Concipiunt.

1127 2177 1260 2210 Ovidius
1275 2177 1319 2208 ita
1333 2177 1456 2208 locutus
1471 2185 1528 2216 est,
1551 2177 1590 2209 ad
1604 2183 1676 2208 met.
1692 2177 1712 2208 i.
1726 2179 1811 2208 557.-

1356 2238 1445 2262 medio
1455 2242 1564 2270 concept!
1575 2241 1605 2262 ut
1615 2239 1678 2263 ak'ra
1688 2241 1788 2269 ponto:

1123 2296 1216 2330 atque
1231 2288 1356 2326 iterum,
1380 2288 1449 2318 fast.
1465 2287 1506 2317 vi.
1525 2290 1596 2319 705.

1139 2351 1172 2374 Et
1185 2349 1268 2374 modo
1279 2347 1394 2373 dimittit
1405 2347 1504 2379 digitis,
1520 2347 1604 2371 modo
1614 2346 1731 2379 concipit,
1746 2353 1835 2371 auras.
1893 2376 1897 2388 n

1129 2401 1190 2432 Sed
1206 2400 1367 2432 fastidium
1383 2409 1505 2437 moveo,
1528 2397 1604 2429 dum
1621 2398 1661 2429 de
1682 2398 1787 2438 phrasi
1800 2407 1851 2429 ac-
1894 2394 1896 2428 ἶ

1126 2452 1313 2494 ςυρῑίςςίῐηέι,
1336 2458 1367 2482 et
1392 2450 1574 2492 pervulgata
1598 2451 1704 2487 etiam,
1731 2450 1853 2481 adstru-
1894 2456 1895 2469 ¹

1125 2505 1207 2536 enda
1231 2510 1352 2544 satago;
1378 2510 1471 2543 atque
1493 2503 1704 2543 conjecturam
1728 2501 1854 2533 indubi-
1891 2507 1895 2519 ¹

1125 2558 1251 2591 tabilem
1273 2557 1424 2588 solicitius
1450 2556 1666 2596 exemplorum
1689 2556 1719 2586 vi
1741 2555 1855 2586 confir-

1124 2617 1246 2642 matum
1262 2621 1307 2641 eo.
1892 2603 1894 2605 ¹

1167 2663 1241 2693 Ver.
1257 2665 1329 2693 302.
1346 2663 1500 2693 membris:
1520 2659 1618 2690 vind.
1633 2659 1831 2691 membrorum
1837 2671 1850 2694 ,·

1126 2717 1168 2747 V.
1186 2715 1233 2746 cd.
1250 2721 1367 2753 autem,
1384 2715 1518 2745 membri.

1170 2767 1244 2799 Ver.
1261 2772 1334 2799 503.
1356 2775 1470 2799 natura
1485 2768 1589 2797 boum:
1609 2766 1628 2797 i.
1644 2777 1669 2797 e.
1685 2768 1746 2806 ipsi
1755 2767 1852 2806 bove-55

1127 2826 1163 2851 ut
1177 2820 1196 2851 i.
1215 2823 1263 2851 16.
1287 2825 1429 2859 suspecto
1445 2828 1546 2857 versu,
1572 2824 1687 2848 natura
1710 2819 1852 2848 animan-

1128 2883 1213 2908 μω,-
1240 2870 1324 2902 unde
1349 2869 1523 2906 Sallustius,
1545 2868 1622 2909 Jug.
1639 2872 1688 2900 89.
1705 2872 1734 2899 5.
1761 2872 1783 2886 ‘⁶
1803 2863 1854 2897 Ad
1886 2907 1889 2915 Ι
