1912 3292
534 253 770 304 LIBER
818 253 1206 312 QUARTUS.

1476 257 1573 302 399

221 387 359 438 Quem
380 386 428 438 si,
451 385 539 441 jam
559 386 788 436 inmissum,
815 385 982 426 veniens
1001 382 1234 426 obfenderit
1254 399 1355 427 aura

221 462 322 504 Una
339 459 480 510 modo,
511 474 671 500 caussas
691 457 871 500 abeundi
891 464 1052 513 quaerat
1071 457 1288 509 honestas3

82 539 100 574 1
113 536 190 577 175
222 535 280 577 Et
298 534 494 576 meditata
512 533 586 574 diu
606 532 742 583 cadat,
765 532 847 574 alte
867 540 1045 587 sumpta,
1068 533 1246 587 querela:

224 607 484 664 stultitiaque
503 607 561 648 ibi
581 622 623 649 se
642 607 828 660 damnet,
849 606 1042 649 tribuisse
1061 605 1175 662 quod
1194 604 1251 646 illi

110 772 144 796 Et
153 770 222 796 mihi
231 776 288 796 non
298 771 396 796 desunt
406 773 498 803 turpes
508 771 627 803 pendere
637 769 743 796 corollae.

82 845 212 876 Amator
227 843 267 874 ad
280 843 304 875 J
305 853 432 880 anuam,
448 853 510 874 ver.
526 847 576 875 42.

143 925 291 956 Osculaque
300 925 434 958 impressis
443 925 510 951 nixa
520 925 583 951 dedi
590 925 724 958 gradibus.

86 997 235 1029 Tibullus
249 998 355 1034 etiam,
378 997 398 1029 i.
416 1001 445 1029 2.
463 1001 513 1028 14.

309 1085 375 1105 cum
384 1078 549 1112 postiflorida
558 1082 625 1105 serta
637 1079 739 1106 darem.

583 1130 633 1160 ΒΕ
640 1139 780 1160 Ντιεω
787 1139 812 1160 s.

128 1213 204 1245 Ver.
222 1217 236 1244 1
246 1216 317 1245 171.
340 1215 487 1246 Floribus
496 1220 525 1246 et
540 1216 636 1246 sertis.
660 1215 723 1246 Per
734 1215 812 1245 hen-

85 1265 221 1306 dyaden,
247 1275 304 1305 pro
321 1267 463 1306 floridis,
493 1265 543 1296 vel
559 1267 680 1306 floreis,
710 1267 810 1301 sertim

85 1317 171 1357 quod
196 1317 325 1348 Tibullo
346 1317 447 1359 magis
471 1316 600 1357 placuit,
623 1323 655 1348 et
679 1316 815 1354 Catullo,

87 1369 164 1400 lxiii.
179 1373 231 1400 66.

150 1441 323 1472 Mihifioridis
332 1442 429 1468 corollis
439 1442 564 1469 redimita
576 1443 673 1469 domus
685 1446 753 1469 erat.

132 1512 214 1544 Ibid.
236 1514 342 1554 operit.
374 1513 459 1544 Rem
481 1519 629 1554 aggravat
650 1519 766 1553 noster,
789 1520 820 1545 et

90 1564 244 1603 accendit,
268 1574 331 1605 quo
344 1563 477 1595 vividius
491 1564 638 1595 amatoris
661 1571 821 1604 stuporem

91 1615 236 1653 declaret,
259 1616 347 1655 quasi
361 1620 483 1645 tantam
497 1615 561 1646 vim
576 1615 691 1646 florum
705 1626 820 1657 conge-

91 1672 182 1703 reret,
197 1671 234 1696 ut
244 1665 342 1696 limen
357 1667 530 1696 obstrueret
543 1666 675 1697 transire
690 1667 818 1707 cupien-

92 1718 183 1750 tibus.
208 1717 352 1755 Ovidius,
366 1718 434 1748 fast.
450 1717 482 1749 ii.
498 1721 570 1749 565.

103 1799 151 1826 Dii
161 1806 270 1831 quoque
279 1799 445 1831 templorum
449 1799 554 1831 fim'bus
563 1798 687 1825 celentur
697 1801 797 1833 opertis.

139 1870 221 1902 Ibid.
238 1873 351 1911 posteis
375 1872 525 1911 superbos.
561 1872 666 1908 Maro,
693 1873 769 1904 AEn.
792 1872 824 1903 ii.

98 1927 170 1956 504.

159 1998 300 2023 Barbarico
308 2001 388 2030 postes
401 2005 477 2028 auro,
492 1998 635 2031 spoliisque,
654 1998 762 2031 superbi.

141 2069 216 2100 Ver.
234 2072 326 2100 1172.
351 2072 550 2100 amaracino:
585 2069 681 2100 Vind.
708 2070 754 2101 V.
777 2069 824 2101 ed.

102 2127 146 2151 Ω.
162 2122 363 2156 amaracina,·
389 2127 430 2151 Π.
445 2123 662 2157 απιαναίΙιίηα,·
688 2125 723 2153 Σ.
738 2133 825 2151 ama-

98 2171 364 2213 raca.—fbribus:
392 2172 432 2203 O.
448 2177 483 2204 Σ.
501 2174 823 2216 n.floribus.—figit:

103 2222 141 2253 V.
157 2223 205 2253 ed.
215 2223 314 2264 fugit.

145 2283 227 2313 Ibid.
232 2283 357 2323 foribus
366 2284 467 2314 oscula
473 2285 561 2324 figit.
591 2282 742 2314 Similiter
753 2282 827 2314 Vir-

103 2334 205 2376 gilius,
224 2335 298 2364 ?En.
312 2334 343 2364 ii.
358 2337 430 2365 490.

123 2416 324 2449 Amplexaeque
334 2419 429 2441 tenent
438 2419 529 2448 postes,
539 2420 621 2448 atque
631 2418 715 2442 oscula
717 2417 818 2450 figunt.

107 2488 184 2519 Post
200 2487 417 2527 Apollonium,
432 2493 581 2518 monente
599 2488 715 2526 Servio,
730 2489 832 2521 iv.26.

145 2573 261 2599 ΚΥΣΣΕ
276 2572 296 2599 δ’
311 2572 346 2600 ἔον
359 2582 387 2600 ’τε
398 2578 480 2608 λεχος,
492 2584 539 2601 και
556 2574 734 2602 ΔΙΚΛῙΔΑΣ
749 2583 832 2610 weo-

225 2621 308 2656 τερωθε

147 2669 362 2700 ΣΤΑΘΜΟΥΣ,
374 2680 421 2696 και
433 2680 522 2704 τοιχων
532 2678 765 2705 mancare—m

151 2744 227 2776 Ver.
252 2747 348 2776 1175.
376 2747 553 2777 inmissum:
580 2747 622 2777 sic
647 2747 765 2787 optime
794 2747 834 2778 P.

111 2795 224 2837 reliqui
239 2807 358 2834 omnes,
381 2800 505 2829 missum
512 2812 522 2835 ‚-
547 2798 600 2829 sed
621 2799 701 2830 illud
724 2801 766 2835 in,
789 2798 838 2829 vel

107 2851 133 2884 ἶ,
154 2848 238 2879 inter
252 2855 299 2879 tot
317 2850 492 2880 consimilia
506 2851 667 2882 literarum
682 2851 838 2882 elementa

111 2898 264 2930 facillime
277 2901 380 2941 potuit
394 2901 544 2933 excidere.
589 2903 641 2933 De
662 2914 720 2933 suo
745 2903 838 2934 dede-

112 2958 187 2984 runt
201 2954 344 2992 editores,
358 2958 539 2995 admissum,-
555 2956 664 2989 minus
671 2956 836 2997 probabili-

850 764 1088 794 ter.—vem'ens:
1112 762 1157 792 ita
1178 761 1216 792 P.
1239 760 1386 792 Bentleio
1399 760 1493 792 etiam
1509 772 1579 802 pro-

851 816 957 853 bante,
973 820 1005 844 et
1021 824 1078 844 nos
1094 813 1133 844 ad
1148 813 1187 844 vi.
1203 815 1276 844 265.
1313 813 1368 844 An
1385 813 1582 845 scribendum

854 867 1008 909 denique?

856 954 918 962 -—-
927 942 949 966 si
955 942 1023 973 jam,
1034 941 1110 966 rm'ssa
1121 941 1148 966 in
1160 941 1327 972 venientem,
1339 941 1490 967 obfenderit
1501 948 1582 967 aura:

857 1016 933 1036 nam
947 1005 1054 1036 omnia
1069 1005 1131 1035 alia
1146 1005 1335 1045 exemplaria
1348 1007 1514 1037 venientem
1529 1007 1584 1036 ha-

856 1058 939 1088 bent.
978 1058 1030 1088 Sic
1044 1063 1147 1087 noster
1161 1057 1194 1087 in
1210 1057 1432 1097 superioribus,
1454 1057 1486 1087 ii.
1512 1060 1586 1088 854.

859 1112 882 1127 ‘⁵
896 1111 1016 1139 mittere
1040 1108 1199 1139 odorem.”
1237 1109 1384 1139 Lectores
1409 1108 1587 1139 decernant.

857 1159 1015 1200 Denique,
1038 1170 1094 1199 pro
1116 1159 1294 1201 offenderit,
1327 1159 1369 1190 Ο.
1401 1161 1564 1191 ostenderit
1571 1173 1584 1196 ,-

857 1210 942 1251 quod
956 1210 1082 1240 fluxerit
1096 1210 1176 1241 forte
1191 1221 1210 1240 a
1224 1210 1335 1241 veteris
1349 1210 1509 1250 scripturae
1523 1210 1588 1240 for-

858 1261 924 1300 ma,
954 1264 1131 1298 obtenderit,
1160 1262 1209 1293 vel
1235 1261 1589 1293 obstenderz·t.—Statim

860 1323 953 1354 porro
969 1320 1011 1344 Π.
1029 1315 1150 1354 quaerit.

904 1366 986 1397 Ibid.
1009 1378 1099 1398 aura.
1124 1367 1292 1405 Martialis,
1309 1367 1349 1399 xi.
1365 1372 1395 1399 8.
1410 1372 1439 1399 2.
1457 1367 1501 1399 sic
1516 1368 1590 1400 scri-

861 1418 996 1450 bandus:

861 1493 948 1523 Lapsa
958 1492 1031 1522 quod
1043 1492 1164 1518 externis
1173 1493 1275 1525 spirant
1287 1493 1459 1525 opobalsama
1469 1493 1583 1524 truncis3

894 1531 998 1556 Ultima
1008 1531 1074 1563 quod
1076 1531 1164 1563 fulvo
1176 1538 1238 1563 quae
1250 1533 1322 1557 cadit
1333 1540 1400 1557 aura
1412 1539 1534 1558 croco—.

864 1600 983 1642 Vulgo,
997 1604 1121 1643 Corycio
1128 1619 1138 1639 ;
1153 1602 1208 1635 sed
1217 1602 1364 1634 nonnulli
1374 1603 1505 1640 codices,
1515 1605 1595 1644 quod

865 1663 964 1684 curvo.
1008 1653 1143 1692 Nempe,
1177 1654 1355 1694 genuinum
1381 1655 1472 1696 fulvo
1505 1655 1596 1686 facile

862 1705 980 1735 abierat
994 1704 1143 1745 infurvo;
1167 1705 1253 1735 unde
1268 1706 1498 1745 ineptissimum
1519 1707 1598 1738 illud

863 1766 953 1786 curvo
987 1760 1099 1785 natum
1128 1761 1182 1786 est.
1235 1756 1288 1786 De
1316 1757 1598 1795 permutationibus

867 1812 975 1837 autem
989 1807 1157 1838 nominum
1161 1808 1289 1849 furvus,
1303 1819 1421 1846 curvus,
1438 1815 1469 1839 et
1473 1809 1598 1850 fiaelvus,

867 1858 971 1889 videas
1002 1859 1310 1898 Drakenborchium,
1340 1860 1380 1890 ad
1408 1860 1461 1890 Sil.
1490 1861 1529 1891 It.
1559 1861 1598 1891 vi.

869 1913 940 1942 149.
956 1911 1007 1940 vii.
1023 1914 1100 1942 685,
1124 1917 1154 1941 et
1170 1922 1231 1942 var.
1256 1912 1337 1943 lectt.
1362 1912 1402 1943 ad
1426 1912 1518 1943 Ovid.
1541 1918 1598 1943 art.

869 1972 929 1992 am.
945 1962 976 1992 ii.
992 1963 1219 1999 575.—Porro‚
1241 1964 1273 1994 in
1289 1964 1529 1995 illustrationem
1545 1976 1597 1996 vo-

869 2012 914 2043 cis
928 2024 1028 2051 aurae,
1054 2014 1197 2044 consulas
1211 2026 1263 2045 me
1277 2015 1311 2045 in
1326 2016 1364 2045 vi.
1381 2020 1453 2046 920.

913 2074 988 2105 Ver.
1009 2078 1100 2107 1175.
1115 2079 1220 2107 cadat:
1244 2077 1290 2107 ita
1306 2077 1400 2108 Vind.
1426 2083 1460 2109 Σ.
1484 2078 1597 2119 reliqui

871 2136 990 2164 omneS,
1006 2129 1105 2165 cadet,
1121 2130 1311 2166 perturbate,
1328 2134 1435 2159 contra
1449 2130 1599 2160 manifes-

871 2182 937 2207 tam
953 2183 1132 2218 temporum
1154 2180 1320 2218 rationem3
1343 2186 1455 2220 praeter
1479 2188 1520 2212 Π.
1546 2182 1599 2222 qui

872 2231 967 2259 cedat.

917 2281 998 2312 Ibid.
1016 2282 1134 2313 Sensus
1148 2290 1210 2314 est:
1237 2288 1260 2304 ‘⁶
1277 2285 1320 2314 Et
1334 2284 1397 2314 illae
1413 2284 1451 2314 de
1467 2284 1602 2314 crudeli-

875 2334 897 2350 “
913 2337 976 2363 tate
990 2333 1058 2374 ejus
1072 2335 1215 2375 querelae,
1239 2346 1276 2366 ex
1292 2336 1357 2365 imo
1377 2341 1500 2374 pectore
1521 2336 1600 2375 peti-

874 2387 897 2403 “
914 2387 986 2422 tae,''
1013 2389 1077 2429 (vel
1102 2389 1228 2430 longius
1253 2389 1418 2427 accen-siue,
1448 2390 1536 2430 quasi
1563 2390 1602 2420 de

873 2439 1020 2477 professo,
1044 2437 1074 2471 e't
1103 2452 1221 2483 magno
1252 2451 1325 2472 cum
1354 2441 1525 2477 molimine,
1548 2442 1602 2473 de-

876 2497 1043 2532 questurus
1064 2499 1143 2523 esset
1165 2492 1273 2523 omnia
1292 2492 1490 2533 singillatim)
1523 2496 1545 2511 “
1569 2503 1604 2523 ac

877 2546 900 2562 ‘⁶
916 2544 1025 2575 multis
1053 2545 1309 2576 meditationibus
1331 2550 1507 2582 maturatae,
1529 2555 1603 2575 con-

878 2599 901 2615 “
917 2596 1076 2635 ticescent,
1106 2603 1199 2638 atque
1224 2597 1259 2628 in
1280 2603 1432 2627 aetemum
1458 2596 1604 2638 abjicien-

878 2651 902 2667 “
918 2653 980 2685 tur,
1003 2650 1119 2688 pariter
1134 2659 1208 2679 cum
1224 2648 1356 2679 amica.''

924 2701 1005 2733 Ibid.
1028 2704 1120 2733 cadat
1142 2704 1274 2742 querela.
1312 2702 1388 2732 Non
1413 2701 1520 2732 minus
1543 2700 1606 2732 ele-

879 2759 992 2795 ganter
1006 2754 1161 2795 Virgilius
1182 2763 1291 2785 vocem
1313 2753 1466 2792 adhibuit,
1489 2754 1523 2784 in
1539 2764 1608 2795 geo.

880 2805 924 2836 iii.
944 2808 1012 2836 158.

912 2880 1022 2909 Rursus,
1041 2886 1104 2904 cura
1115 2881 1224 2912 patrum
1236 2877 1334 2910 cadere,
1353 2882 1382 2906 et
1398 2879 1542 2904 succedere
1552 2872 1612 2904 mal

1006 2921 1091 2949 trum,

912 2959 1081 2992 Incipit—.
