1912 3292
475 273 710 321 LIBER
759 275 1114 325 TERTIUS.
1481 292 1536 330 31

194 403 326 454 Hine,
346 403 440 444 licet
459 403 649 445 advortas
668 405 868 457 animum,
891 415 937 449 ut
956 422 1200 462 pernoscere
1218 413 1358 465 possis.

196 467 311 518 Nihil
330 475 434 517 adeo
453 475 543 518 fieri
564 478 684 519 celeri
703 479 862 521 ratione
882 480 1058 532 videtur,

196 550 334 599 Quam
355 549 431 591 sibi
451 565 567 592 mens
587 551 677 593 fieri
697 555 908 609 proponit,
931 564 972 596 et
991 555 1159 598 inchoat
1178 558 1277 613 ipsa.

86 627 162 664 185
194 622 334 679 Ocyus
354 638 454 682 ergo
474 626 650 677 animus,
673 643 796 684 quam
818 644 881 671 res
902 645 943 671 se
962 632 1117 685 perciet
1137 632 1231 683 ulla,

192 697 304 738 Ante
325 699 463 740 oculos
483 715 662 756 quorum
682 704 726 743 in
746 714 942 760 promptu
963 714 1112 748 natura
1131 707 1306 750 videtur.

194 771 268 821 At,
292 773 403 828 quod
424 774 575 817 mobile
595 784 712 818 tanto
731 793 856 833 opere
875 788 949 830 est,
972 789 1160 822 constare
1178 783 1367 825 rotundis

193 845 400 902 Perquam
421 850 643 892 seminibus
663 851 800 903 debet,
822 869 1102 911 perquamque
1122 857 1306 899 minutis:

190 919 383 963 Momine
403 922 487 964 utei
508 938 637 978 parvo
657 927 815 981 possint
835 928 996 984 inpulsa
1014 931 1184 971 moveri.

87 1075 166 1106 Ibid.
191 1075 343 1118 obfendit:
369 1077 416 1108 vel
443 1080 559 1110 invenit
581 1086 612 1110 et
631 1082 770 1123 attingit,

43 1125 91 1156 vel
106 1128 201 1157 lcedit.
247 1127 364 1158 Nullus
382 1135 481 1160 exstat
495 1132 638 1162 vocabuli
653 1133 770 1174 signifi-

41 1184 140 1214 catus,
172 1179 226 1219 qui
255 1179 289 1209 in
319 1181 404 1211 hunc
436 1180 543 1213 locum
579 1194 643 1214 non
677 1187 772 1225 probe

42 1230 141 1260 cadat.

87 1281 163 1312 Ver.
183 1285 253 1313 172.
274 1284 433 1315 disclusis:
458 1285 478 1316 i.
494 1296 520 1316 e.
544 1286 593 1317 via
612 1287 646 1317 in
661 1298 773 1328 corpus

39 1332 84 1362 ita
91 1331 252 1373 patefacit?
268 1339 299 1362 et
313 1334 473 1373 ampliata,
489 1342 526 1366 ut
539 1339 773 1379 disrumpantur

38 1393 110 1413 ossa
133 1393 208 1413 cum
234 1383 343 1414 nervis.
383 1386 471 1416 Hinc
497 1387 591 1429 longe
616 1389 773 1432 longeque

38 1433 212 1475 elegantior
225 1440 273 1464 est
284 1434 411 1475 vulgata
424 1438 651 1470 nonnullorum
665 1452 771 1472 exem-

36 1485 173 1525 plarium
200 1485 354 1525 scriptura
377 1487 419 1517 ad
446 1488 475 1519 S.
503 1490 640 1521 Joannis
663 1503 771 1534 evang.

35 1537 98 1568 xix.
110 1541 161 1568 34.
177 1539 256 1568 Amt’
274 1539 312 1572 εἷς
331 1552 386 1569 των
400 1552 584 1582 στρατιωτων
599 1550 706 1588 λογχῃ
718 1560 770 1577 ow·

36 1601 76 1620 «re
90 1602 142 1623 ’την
163 1597 288 1631 πλευραν
311 1597 471 1623 ΗΝΟΙΞΕ·
498 1608 549 1625 και
571 1598 644 1630 sudm-
663 1599 773 1636 ἐξῆλθεν

35 1640 114 1679 αἷμα
140 1655 190 1672 και
218 1642 293 1685 ὕδωρ.
340 1645 453 1676 Plures
481 1646 563 1686 libri,
606 1652 693 1689 ενυξε.·
720 1651 774 1682 sed

38 1690 93 1721 illa
107 1691 201 1724 lectio
216 1695 425 1728 sincerissima
439 1704 495 1735 est,
522 1705 553 1729 et
570 1702 701 1732 omnino
715 1703 773 1734 ad-

40 1744 201 1778 mittenda.
247 1749 322 1779 Non
344 1750 463 1791 pigebit
485 1753 599 1784 barum
625 1762 771 1786 venusta-

39 1801 109 1826 tum
124 1805 290 1830 sectatores
300 1801 478 1843 perlegisse,
494 1815 564 1845 quae
576 1816 633 1836 nos
647 1807 772 1838 dudum

37 1846 73 1877 iu
89 1848 171 1879 hanc
192 1860 261 1881 rem
282 1853 410 1884 uberius
424 1855 628 1887 disseruimus
645 1858 678 1888 in
697 1859 770 1889 Silv.

37 1897 113 1929 Crit.
137 1906 221 1931 sectt.
259 1903 363 1934 xcviii.
387 1915 452 1936 ccx.
478 1906 519 1937 ad
542 1907 646 1939 finem.
674 1909 773 1940 Tem-

39 1950 177 1988 pestivus
199 1952 299 1984 aderit
316 1955 456 1987 Achilles
471 1958 594 1998 Tatius,
618 1960 661 1990 iii.
678 1964 706 1992 8.
729 1962 772 1992 ita

35 1999 146 2031 leviter
174 2003 385 2044 castigandus:
423 2015 497 2050 Ορνις
527 2024 578 2044 την
604 2016 770 2054 Προμηθεως

35 2065 168 2095 ‘ynete-spon
189 2068 297 2097 ‘rpvaeqt-
334 2058 438 2092 ἔστηκε
466 2075 524 2103 ’γαρ
549 2076 640 2097 autrm
663 2070 770 2096 ANOI-

35 2109 130 2134 rnN·
161 2104 212 2139 ἤδη
225 2120 278 2146 μεν
306 2114 595 2150 ΑΝΕΩΓΜΕΝΗΝ,
624 2122 712 2146 ama
738 2131 771 2148 em

32 2156 143 2196 ῥαμφσς
157 2170 182 2191 ες
196 2171 229 2189 το
244 2173 357 2201 ορυγμα
372 2175 480 2194 κειται·
498 2179 548 2196 και
560 2179 644 2198 eomer
657 2170 771 2200 ‘THO-

36 2212 205 2239 PTTTEIN
229 2224 263 2242 ero
291 2225 419 2254 τραυμα,
446 2229 497 2246 και
514 2216 609 2255 {na-m
636 2233 669 2249 «ro
685 2221 770 2263 ἧπαρ.

35 2256 157 2299 VulgO,
195 2273 365 2304 effopuroem·
400 2265 481 2297 illud
517 2274 624 2299 autem
661 2284 769 2313 τρυπᾳ,

35 2307 102 2339 vice
134 2319 238 2354 «τρυφᾳ,
262 2313 496 2355 elegantissima
519 2327 566 2350 est
587 2321 711 2352 Bodeni
736 2333 767 2353 e-

39 2360 206 2394 mendatio.
252 2365 396 2406 Ovidius,
412 2369 499 2408 epist.
515 2370 578 2401 viii.
596 2375 646 2403 53.

79 2436 153 2461 Hanc
179 2441 272 2465 tamen
298 2442 430 2475 implesti;
457 2445 606 2479 juguloque
632 2450 768 2483 AEgisthus

228 2488 245 2505 a
262 2486 313 2508 mo

73 2517 162 2542 'recta
175 2485 338 2555 emetitavit,
349 2532 412 2557 qua:
424 2530 501 2558 pater
511 2533 575 2555 ante
587 2533 658 2555 tuus.

79 2580 161 2612 Ibid.
184 2585 305 2617 adacta.
353 2588 424 2619 Vox
453 2596 499 2622 est
521 2606 562 2633 τῳ
577 2596 631 2625 teli
649 2596 767 2635 optime

36 2633 237 2666 conveniens.
284 2637 335 2668 Sic
351 2638 512 2681 Virgilius,
537 2645 612 2675 AEn.
636 2647 677 2677 ix.
693 2651 765 2679 451.

33 2682 257 2718 Lucretianam
270 2691 443 2723 orationem
455 2695 583 2734 pulchre
594 2697 762 2731 illustrans:

63 2752 142 2778 Talia
152 2753 225 2780 dicta
235 2756 333 2788 dabat;
349 2760 396 2784 sed
407 2761 506 2787 viribus
516 2763 581 2788 ensis
592 2765 699 2791 adactus

62 2792 217 2821 Transabiit
229 2801 326 2828 costas,
338 2803 365 2824 et
379 2801 493 2827 candjda
500 2807 601 2835 pectora
612 2807 717 2839 rumpit.

34 2853 145 2896 Porro,
160 2868 216 2898 pro
233 2863 363 2893 adacta:
392 2871 432 2895 Π.
449 2868 573 2907 adapta.

76 2907 151 2940 Ver.
171 2914 244 2943 175.
268 2920 359 2946 terrae
368 2919 500 2956 petitus:
527 2920 547 2951 i.
563 2931 588 2952 e.
603 2921 637 2952 in
652 2929 766 2954 terram

32 2967 137 2992 casus:
162 2969 199 2994 ut
218 2971 331 2999 terram
351 2976 456 3008 petere
477 2973 593 3012 passim
616 2975 763 3017 frequen-

815 1088 909 1114 tatur.
955 1084 1132 1116 Lambinus
1161 1087 1331 1126 prudenter
1365 1090 1498 1122 contulit
1526 1092 1545 1123 i.

817 1139 866 1166 95.
891 1142 923 1166 et
936 1136 1028 1178 Virg.
1047 1139 1122 1168 AEn.
1138 1139 1180 1169 iii.
1197 1144 1247 1171 95.
1292 1142 1335 1171 Et
1360 1143 1449 1172 molli
1478 1143 1544 1175 dic-

817 1186 902 1216 tione
916 1197 992 1217 usus
1007 1194 1053 1217 est
1071 1190 1172 1228 poeta,
1197 1191 1270 1230 quia
1289 1191 1328 1221 de
1342 1192 1460 1223 leniore
1475 1201 1543 1224 tan-

817 1238 983 1268 tummodo
995 1249 1145 1269 sensuum
1160 1247 1285 1279 stupore
1297 1252 1332 1272 ac
1347 1244 1480 1284 caligine
1495 1246 1544 1275 in-

817 1287 1015 1329 telligendus,
1041 1291 1079 1319 ab
1103 1290 1168 1321 ictu
1194 1302 1258 1321 non
1281 1293 1453 1325 admodum
1479 1297 1544 1326 vio-

815 1337 918 1375 lento;
942 1340 1044 1380 qualis
1059 1342 1221 1372 hominem
1236 1344 1340 1382 potius
1361 1346 1545 1386 confundat,

815 1400 908 1430 quarn
928 1393 1062 1431 graviter
1084 1393 1188 1433 laedat,
1212 1406 1248 1425 ac
1271 1407 1395 1436 prorsus
1417 1400 1542 1430 obruat:

816 1441 860 1470 ita
875 1443 1083 1482 stupefaciens
1105 1446 1260 1484 animum,
1283 1455 1314 1478 et
1338 1450 1472 1490 caligare
1494 1462 1545 1482 co-

815 1504 902 1534 gens,
919 1501 955 1525 ut
970 1496 1048 1526 solet
1062 1497 1125 1526 xini
1141 1497 1194 1528 vis.

859 1546 933 1577 Ver.
951 1550 1021 1578 174.
1044 1551 1170 1579 mentis:
1197 1550 1238 1580 V.
1261 1550 1308 1582 ed.
1334 1552 1370 1582 B.
1397 1559 1436 1583 Π.
1464 1560 1494 1583 et
1511 1560 1544 1586 Σ.

817 1604 946 1633 πιεηιεες
975 1599 1066 1638 prisci
1091 1600 1213 1631 codices
1236 1601 1300 1640 Pii,
1327 1606 1429 1634 micis:
1462 1606 1547 1635 unde

817 1652 989 1683 versiculus
1010 1653 1053 1683 ita
1067 1655 1273 1685 concinnatus
1289 1656 1423 1687 minime
1439 1657 1544 1698 displi-

817 1710 912 1734 ceret:

1230 1784 1366 1816 terraequ'e
1376 1786 1477 1817 petitus

878 1822 980 1851 suavis,
992 1825 1020 1846 et
1030 1821 1126 1846 interea
1137 1823 1205 1847 mitis
1217 1825 1263 1855 qui
1273 1825 1393 1856 gignitur
1405 1830 1496 1851 aestus.

816 1891 867 1921 De
883 1892 1020 1922 confusis
1035 1895 1150 1924 interea
1180 1900 1210 1924 et
1231 1897 1375 1934 interra,
1402 1899 1547 1930 consulas
1576 1932 1580 1935 ,

817 1943 989 1974 Heinsium
1001 1951 1032 1974 et
1042 1946 1265 1977 Burmannum
1277 1948 1317 1978 ad
1329 1949 1433 1981 Valer.
1445 1953 1469 1982 F
1472 1952 1548 1983 laec.

814 1995 834 2025 i.
851 1998 1125 2036 452.—ge'gnz'tur:
1150 2004 1187 2028 A.
1204 2001 1330 2030 dicitur.

857 2046 932 2077 Ver.
963 2051 1032 2078 174.
1064 2050 1180 2080 Suavis.
1227 2050 1359 2081 Amicus
1390 2062 1480 2084 meus
1509 2056 1541 2086 J.

814 2098 837 2129 J
839 2108 914 2129 ones
933 2100 1077 2140 conjecit,
1105 2104 1223 2133 Saevus:
1249 2103 1303 2133 sed
1319 2104 1424 2135 minus
1439 2117 1545 2138 neces-

814 2150 902 2180 sario.
947 2151 1061 2181 Verbis
1085 2153 1170 2182 enim
1193 2154 1313 2185 curiose
1328 2155 1426 2196 lectis,
1452 2164 1545 2200 atque

813 2203 983 2241 pensitatis,
1001 2206 1092 2244 po'eta
1106 2214 1236 2238 conatus
1251 2215 1298 2238 est
1312 2209 1351 2240 ad
1368 2211 1473 2241 vivum
1489 2212 1543 2243 de-

814 2255 946 2286 scribere
971 2267 1042 2287 eam
1067 2259 1176 2298 capitis
1199 2261 1385 2301 vertiginem
1415 2274 1452 2294 ex
1479 2264 1543 2295 ictu

813 2306 938 2345 leviore,
976 2310 1062 2341 haud
1098 2322 1223 2351 prorsus
1259 2313 1422 2345 insuavem
1458 2327 1544 2355 sane,

816 2359 925 2399 (quem
947 2361 1027 2391 bene
1049 2363 1182 2394 memini
1203 2365 1281 2395 mihi
1296 2367 1429 2404 puerulo
1444 2368 1543 2397 conti-

811 2409 905 2449 gisse,
923 2411 952 2441 vi
968 2411 1079 2451 lapidis
1095 2414 1188 2453 capiti
1203 2415 1352 2458 impacta)
1370 2419 1454 2449 unde
1473 2430 1542 2450 om-

812 2462 865 2492 nia
894 2463 1013 2494 circum
1043 2465 1188 2497 videntur
1217 2475 1324 2498 natare
1353 2471 1454 2508 nobis,
1485 2482 1543 2503 nec

810 2523 884 2543 cum
900 2514 1007 2546 dolore
1023 2522 1140 2548 tamen.

810 2564 968 2606 displicuit
992 2568 1087 2598 etiam
1108 2570 1269 2607 Bentleio;
1292 2577 1323 2600 et
1339 2572 1438 2602 Faber
1459 2574 1542 2604 varie

809 2614 916 2646 locum
931 2620 1075 2656 tentavit,
1099 2621 1154 2650 sed
1174 2622 1384 2663 undequaque
1399 2625 1541 2667 απροςδω-

811 2680 894 2702 wem
922 2675 1016 2710 atque
1036 2671 1210 2702 infeliciter.
1260 2673 1374 2704 Dicam
1389 2676 1483 2705 etiam
1502 2691 1541 2708 vo-

811 2721 883 2754 θειας
898 2721 947 2750 his
961 2723 1099 2763 quinque
1114 2725 1262 2762 versibus,
1278 2727 1316 2756 ab
1330 2730 1399 2758 171.
1416 2727 1455 2758 ad
1468 2732 1539 2759 176.

811 2771 974 2812 nimirum,
1005 2785 1069 2804 non
1095 2774 1248 2806 dubitavit
1265 2778 1397 2808 scribere
1411 2779 1539 2811 Lambi-

811 2833 879 2854 nus.
926 2826 1008 2856 Satis
1022 2827 1148 2867 quidem
1167 2829 1394 2870 nobismetipsis
1408 2831 1538 2870 faciunt,

811 2881 841 2906 et
867 2877 990 2908 eximiis
1006 2879 1186 2910 Lucretiani
1209 2883 1361 2913 sermonis
1382 2883 1540 2924 leporibus

809 2927 905 2957 etiam
921 2931 1053 2960 contacti
1069 2931 1223 2964 videntur.

851 2978 933 3010 Ibid.
955 2988 1065 3014 aestus:
1097 2983 1116 3015 i.
1132 2994 1158 3015 e.
1186 2984 1356 3018 fluctuatio.
1403 2986 1538 3026 Nempe,

1186 2520 1312 2550 Phrasis
1326 2523 1383 2560 qui
1399 2524 1543 2561 gignitur
