1912 3292
511 235 743 288 LIBER
797 226 1148 278 TERTIUS.

1473 222 1562 266 173

73 385 181 422 1020
212 379 301 421 Nec
321 384 456 417 tamen
476 369 689 424 explemur
708 363 809 404 vita'l'
826 357 1025 400 fructibus
1046 367 1256 409 umquam:

213 450 363 499 Hocc’,
383 454 430 488 ut
449 443 612 498 opinor,
634 438 677 479 id
697 444 772 486 est,
794 429 884 475 aevo
903 432 1076 472 florente
1094 426 1263 482 puellas,

214 523 340 574 Quod
360 524 604 564 memorant,
626 512 787 554 laticem
806 516 1018 564 pertusum
1039 513 1262 557 congerere
1282 498 1326 537 in
1345 510 1414 537 vas
1421 513 1433 544 3

217 595 344 647 Quod
362 602 501 635 tamen
521 588 674 644 expleri
695 583 804 626 nulla
824 582 983 623 ratione
1003 583 1198 633 potestur.

268 668 487 716 Cerberus,
509 672 550 705 et
572 661 725 711 Furiae,
740 659 827 714 jam
848 670 960 705 vero,
984 661 1024 694 et
1043 650 1142 692 lucis
1163 655 1334 705 egestas,

70 834 92 849 “
106 827 279 860 desiderare
293 824 438 859 maxime,
455 821 567 863 quibus
581 817 791 850 abundarent:

69 886 92 901 “
107 891 201 922 neque
217 879 303 910 enim
317 879 453 917 expletur
467 884 620 914 umquam,
631 881 689 901 nec
698 871 793 900 satia-

70 938 92 953 “
108 940 167 968 tur,
205 928 381 970 cupiditatis
417 925 512 956 sitis.'’
573 923 794 962 Polyphemus,

71 984 153 1024 apud
168 983 258 1023 Virg.
277 981 353 1011 AEn.
370 979 417 1009 iii.
431 981 502 1009 630.
519 979 591 1007 632.
606 975 650 1004 ita
665 979 731 1004 erat
744 983 793 1002 ex-

66 1039 176 1077 pletus,
191 1040 228 1065 ut
244 1036 410 1065 satiaretur
425 1031 533 1060 etiam:

101 1120 179 1147 Nam,
189 1116 269 1141 simul
279 1115 394 1148 expletus
405 1112 522 1145 dapibus,
533 1111 652 1141 vinoque
663 1107 792 1140 sepultus,

100 1158 241 1183 cervicem
262 1155 393 1180 inflexam
411 1152 510 1184 posuit,
527 1150 667 1181 jacuitque
687 1154 734 1179 per
750 1152 796 1170 an-

196 1201 270 1221 trum

103 1239 252 1265 Inmensus,
262 1234 363 1259 saniem
374 1235 501 1260 eructum,
518 1236 548 1253 ac
560 1228 646 1253 frusta
656 1229 780 1254 cruento,

100 1278 148 1301 Per
158 1282 294 1304 somnum,
305 1272 448 1298 conmixta
458 1275 550 1298 mem,-
568 1274 656 1291 nos-.

113 1351 188 1381 Ver.
218 1351 309 1378 1019.
346 1346 457 1379 Quom.-
486 1341 524 1371 V.
557 1339 604 1369 ed.
633 1339 713 1372 Quin
721 1352 732 1372 ;
759 1336 798 1366 O.

77 1404 185 1437 chant.

115 1453 195 1484 Ibid.
217 1454 339 1491 lepores.
385 1448 427 1478 In
449 1455 541 1476 sensu
563 1442 714 1474 latissimo
740 1441 799 1470 hoc

73 1514 189 1536 nomen
204 1502 288 1542 apud
303 1499 487 1532 LucretIum
503 1495 654 1535 accipitur
663 1503 718 1532 pro
730 1501 798 1521 om-

74 1558 115 1593 ni,
131 1555 215 1597 quod
228 1559 384 1586 venustum
401 1556 456 1586 est,
462 1550 622 1591 festivum,
638 1545 800 1585 acjucun-

74 1611 158 1640 dum.
205 1607 256 1637 Ita
270 1604 426 1636 definiunt
440 1601 545 1641 plures
560 1604 676 1629 veteres
696 1605 800 1637 gram-

74 1658 195 1690 matici:
234 1661 257 1676 “
273 1658 387 1696 Lepor,
409 1651 591 1694 jucunditas
616 1647 797 1687 voluptatis:

77 1715 100 1729 “
115 1710 201 1741 unde
216 1715 247 1740 et
258 1714 383 1749 gratum
406 1703 538 1744 aliquid,
562 1702 697 1741 lepidum
725 1697 800 1728 dici-

78 1766 100 1781 “
116 1763 212 1793 mus.¹'
255 1761 324 1791 Lib.
341 1758 380 1789 de
395 1766 486 1787 serm.
502 1756 571 1785 Lat.
585 1764 614 1793 p.
634 1755 724 1783 1549.

120 1815 196 1844 Ver.
215 1816 308 1843 1020.
334 1812 403 1841 Nec
424 1810 576 1848 explemur
583 1821 593 1841 ;
621 1805 665 1834 ita
679 1809 715 1833 ut
730 1811 803 1832 con-

80 1866 158 1897 tenti
173 1865 272 1895 simus
288 1862 327 1892 de
348 1860 412 1891 vita
431 1858 596 1893 discedere,
621 1855 708 1896 quasi
730 1864 805 1884 con-

79 1921 156 1950 vivae
169 1917 273 1953 saturi,
289 1916 451 1946 fructuum
465 1912 560 1951 pleni,
583 1916 615 1940 et
625 1907 805 1950 jucundita-

77 1979 156 2003 tum.

122 2024 198 2053 Ver.
217 2024 308 2052 1021.
331 2019 444 2050 Hocc':
473 2022 513 2046 Π.
530 2016 622 2046 Non.-
648 2018 679 2042 et
694 2018 728 2042 ut
743 2021 807 2041 non

81 2073 238 2110 invenitur
252 2072 286 2102 in
301 2069 397 2101 Vind.
408 2069 451 2098 V.
465 2066 513 2097 ed.
531 2072 572 2097 Π.
589 2070 746 2096 2.—aevo:
762 2062 805 2092 V.

80 2126 127 2158 ed.
142 2129 232 2157 actio.

125 2186 206 2216 Ibid.
229 2195 289 2215 oevo
309 2185 452 2225 florente.

83 2238 137 2270 ecl.
152 2237 204 2268 vii.
221 2240 250 2266 4.

500 2177 622 2210 Pariter
643 2174 806 2216 Virgilius,

178 2308 266 2334 Ambo
270 2306 390 2338 florentes
402 2303 559 2329 aelatibus—.

89 2365 224 2397 Servius:
262 2367 284 2382 “
302 2365 460 2395 Florentes
489 2359 648 2390 aeeatibus:
676 2357 735 2386 hoc
757 2361 811 2391 est,

85 2422 109 2436 “
125 2422 214 2448 cetate
226 2413 390 2456 florente.'’
437 2410 574 2450 Corrigit
599 2410 811 2441 Burmannus,

79 2472 226 2512 florentes
233 2483 244 2503 ;
259 2473 291 2496 et
305 2465 414 2496 eadem
430 2474 481 2494 me
496 2462 633 2493 subierat
647 2459 807 2500 cogitatio:

87 2520 142 2551 sed
155 2525 311 2558 receptam
325 2514 523 2558 grammatici
539 2513 724 2552 scripturam
745 2510 812 2540 Lu·

86 2573 201 2604 cretius
214 2570 403 2601 validissime
417 2566 565 2598 defendit.

132 2624 207 2654 Ver.
227 2625 318 2652 1022.
341 2630 516 2660 congerere:
542 2618 578 2648 L.
598 2617 636 2647 O.
655 2622 695 2646 Π.
713 2620 748 2646 Σ.
765 2625 814 2645 co-

87 2686 169 2717 gere,·
183 2674 280 2705 velex
289 2672 403 2714 glossa,
413 2671 462 2701 vel
472 2680 510 2701 ex
520 2680 556 2701 eo
568 2679 681 2710 genere
693 2669 814 2697 aberra-

90 2730 226 2766 tionum‚
236 2736 330 2767 quam
346 2725 509 2765 tetigimus
521 2722 562 2752 ad
576 2731 636 2752 ver.
654 2723 724 2751 804.

93 2781 171 2813 Huc
185 2779 318 2819 respexit
334 2778 495 2818 Hyginus,
514 2776 574 2806 fab.
590 2772 703 2804 clxviii.
726 2774 748 2790 “
764 2771 815 2801 Ob

96 2837 118 2852 ‘⁸
133 2834 167 2864 id
179 2839 298 2864 caeterae
312 2832 461 2863 dicuntur
477 2828 561 2869 apud
575 2827 692 2857 inferos
714 2827 746 2856 in
763 2826 815 2854 ‹Io-

95 2887 116 2903 “
131 2886 206 2915 lium
216 2891 373 2925 pertusum
389 2893 501 2924 aquam
514 2878 680 2920 ingerere.''
706 2877 817 2913 Porro,

93 2946 258 2975 congerere,
280 2948 417 2976 σνναγεη-
442 2934 474 2964 in
500 2942 593 2964 sensu
619 2928 767 2972 primario
785 2932 815 2958 et

838 812 975 844 maxime
990 808 1116 850 proprio
1131 803 1287 837 vocabuli:
1315 805 1338 820 “
1354 798 1417 831 und
1441 797 1565 832 scilicet,

839 870 862 884 ‘⁶
873 864 994 906 junctis
1008 861 1116 901 operis,
1128 855 1285 899 portare.'’

881 917 956 947 Ver.
975 918 1065 945 1025.
1088 919 1189 943 tamen
1205 910 1292 939 abest
1307 905 1347 935 V.
1363 903 1410 934 ed.
1432 901 1567 936 Eadem,

837 963 1111 1009 explere—mulla.-
1139 962 1188 993 M.
1203 962 1277 991 ulla.
1566 962 1572 968 '

882 1020 963 1051 Ibid.
981 1023 1126 1059 potestur.
1171 1014 1243 1044 Hac
1257 1020 1332 1041 voce
1350 1017 1426 1039 usus
1441 1011 1487 1036 est
1503 1003 1570 1035 Sci-

838 1074 890 1114 pio
906 1071 1090 1107 Africanus3
1115 1074 1152 1098 ut
1169 1067 1205 1097 C.
1228 1063 1389 1095 Gracchus
1403 1059 1500 1090 etiam
1510 1067 1568 1096 po-

838 1132 964 1159 teratur,
987 1129 1064 1153 teste
1086 1121 1188 1151 Festo.
1233 1113 1417 1148 Diomedes,
1433 1118 1567 1150 gramm.

839 1180 890 1209 lib.
906 1179 928 1208 i.
953 1187 982 1216 p.
997 1179 1070 1206 580.
1094 1177 1116 1192 “
1135 1172 1221 1201 Item
1240 1173 1377 1209 potestur
1403 1161 1489 1202 apud
1504 1161 1573 1191 En-

841 1235 862 1250 “
879 1230 970 1260 nium
985 1225 1250 1265 reperimusz-et
1274 1219 1572 1252 Scaurus—potera-

843 1286 863 1300 “
880 1287 931 1311 tur
947 1278 1050 1312 etiam,
1066 1275 1146 1304 sicut
1157 1273 1301 1312 possztur,
1318 1264 1467 1298 dictitat.’‘
1503 1262 1572 1292 No-

842 1332 916 1363 nius
937 1329 1043 1363 etiam,
1073 1336 1103 1355 x.
1127 1327 1177 1354 54.
1201 1318 1345 1359 exempla
1370 1329 1408 1348 ars
1424 1319 1573 1356 potestur,

842 1393 899 1423 pro
909 1387 1014 1422 potest,
1039 1375 1170 1408 Pacuvii
1186 1379 1217 1404 et
1233 1366 1435 1409 Quadrigarii
1458 1364 1574 1404 allega-

843 1436 902 1465 vit:
923 1439 954 1464 et
970 1431 1140 1463 Creechius
1151 1425 1339 1457 Plautinum
1349 1429 1459 1454 unum,
1474 1417 1574 1447 Merc.

843 1488 886 1517 iii.
908 1490 937 1516 2.
957 1488 1004 1515 lo.
1020 1482 1060 1513 ad
1074 1490 1144 1522 quae
1159 1473 1352 1508 consulenda
1360 1472 1509 1502 lectorem
1519 1468 1574 1498 ab·

843 1540 995 1580 legamus,

887 1600 962 1629 Ver.
982 1598 1073 1627 1024.
1088 1595 1166 1624 lucis
1181 1596 1311 1631 egestas:
1331 1587 1351 1617 i.
1367 1595 1395 1616 e.
1411 1583 1491 1614 lucis
1505 1590 1577 1621 per-

845 1650 1012 1683 fectissima
1026 1645 1170 1687 privatio,
1185 1642 1287 1682 caligo
1302 1648 1397 1681 mera,
1414 1647 1579 1667 αυτοταταν

847 1718 958 1738 σκατος.
1004 1702 1086 1732 Haec
1109 1704 1155 1729 est
1178 1697 1271 1727 lectio
1293 1690 1579 1723 vetustissimorum

847 1763 878 1788 et
894 1751 1205 1794 castigatissimorum
1220 1743 1458 1784 exemplarium,
1476 1738 1577 1769 Vind.

848 1809 890 1838 V.
907 1806 957 1837 ed.
972 1806 1010 1836 B.
1025 1804 1064 1834 L.
1082 1802 1131 1831 M.
1149 1800 1189 1830 O.
1207 1804 1241 1829 Δ.
1260 1803 1301 1828 Π.
1319 1801 1353 1827 Σ.
1367 1801 1416 1825 Ὠ..
1440 1791 1525 1822 solus
1540 1790 1577 1820 P.

849 1861 942 1891 habet
971 1855 1134 1895 vulgarem
1159 1850 1327 1881 lectionem
1356 1855 1476 1886 egenus,
1506 1851 1582 1872 cum

850 1912 967 1951 nostra,
991 1911 1017 1941 si
1032 1910 1172 1950 vigorem
1188 1912 1219 1936 et
1233 1902 1404 1935 efficaciam
1419 1898 1584 1937 utriusque

852 1971 981 2007 specte5‚
1007 1960 1096 1992 nullo
1123 1957 1219 1988 modo
1245 1950 1505 1992 comparandam;
1529 1947 1584 1977 sed

853 2029 923 2062 quae
937 2014 1073 2054 illepidis
1087 2009 1230 2047 librariis,
1254 2008 1346 2037 verba
1367 2002 1509 2034 ardentia
1528 2010 1582 2031 ex-

850 2066 1110 2103 horrescentibus,
1135 2061 1239 2093 multo
1259 2058 1363 2098 magis
1382 2054 1585 2086 arrideret.—

854 2125 1026 2157 Caeterum,
1049 2126 1106 2157 pro
1131 2114 1244 2146 Furiae
1263 2111 1348 2151 jam,
1374 2113 1410 2138 Δ.
1428 2107 1455 2137 si
1470 2116 1532 2141 me;
1555 2110 1584 2134 et

852 2177 980 2214 insuper
1010 2171 1097 2201 abest
1126 2164 1346 2199 E.—-Interea,
1380 2158 1522 2189 Avienus
1550 2156 1585 2185 in

853 2229 965 2260 Arato,
991 2232 1052 2252 ver.
1078 2222 1151 2250 829.
1186 2213 1368 2253 exemplum
1392 2211 1509 2250 praebet
1537 2207 1585 2237 lo·

854 2276 997 2312 cutionis,
1023 2281 1128 2314 quam,
1145 2267 1327 2300 auctoritate
1342 2263 1415 2294 freti
1431 2261 1584 2294 codicum,

855 2329 987 2362 omnino
1001 2322 1181 2365 putavimus
1195 2314 1437 2349 eliminandam:

1084 2389 1205 2414 flammae
1217 2384 1330 2413 steriles,
1341 2388 1372 2407 ac
1384 2380 1447 2405 lucis
1458 2384 1552 2411 egenae:
1593 2400 1596 2403 ,

856 2463 949 2494 stellae
964 2457 1109 2500 quaedam
1131 2453 1255 2488 scilicet,
1281 2449 1321 2480 de
1347 2447 1460 2488 quibus
1486 2441 1586 2483 loqui-

857 2522 924 2546 tur:
951 2518 984 2542 et
998 2506 1203 2541 Prudentius,
1224 2508 1332 2534 contra
1352 2496 1586 2539 Symmachum,

857 2568 878 2598 i.
892 2569 965 2596 577.

1084 2630 1216 2663 implorent
1227 2630 1257 2651 ut
1272 2623 1394 2652 numina,
1405 2620 1467 2645 lucis
1478 2624 1564 2651 egena.

902 2710 977 2740 Ver.
997 2709 1090 2738 1025.
1113 2702 1294 2743 Izorrzseros:
1323 2705 1365 2729 Π.
1382 2695 1589 2737 Ilm-refero.—

860 2767 1020 2793 eructans:
1047 2757 1087 2787 O.
1105 2762 1146 2786 Π.
1162 2759 1316 2793 eruptans.

905 2811 989 2842 Ibid.
1023 2811 1175 2840 Tartarus
1203 2810 1346 2836 eructans
1375 2805 1474 2831 aestus.
1521 2796 1588 2827 No-

860 2862 1006 2896 bilissimi
1033 2869 1138 2891 versus
1170 2855 1324 2888 AEne‘idos
1350 2853 1388 2883 vi.
1417 2855 1491 2884 297.
1516 2849 1590 2887 hinc

864 2926 928 2947 non
944 2913 1023 2948 nihil
1038 2910 1151 2951 leporis
1165 2908 1214 2940 sui
1231 2906 1457 2938 tic-libaverunt:
