1912 3292
533 319 628 362 Jam
648 319 780 377 magis
799 320 999 375 exemptis
1016 319 1144 361 oculis
1163 319 1312 360 debere
1331 318 1491 360 videtur

422 394 506 436 370
536 394 718 437 Cernere
737 408 802 436 res
821 394 996 445 animus,
1019 394 1186 436 sublatis
1205 393 1389 449 postibus
1408 394 1518 449 ipsis.

596 468 703 510 Illud
724 469 767 510 in
787 468 868 510 hiis
886 468 1007 511 rebus
1026 482 1287 524 nequaquam
1307 482 1467 509 sumere
1485 466 1630 523 possis,

539 543 772 585 Democriti
793 544 905 600 quod
925 552 1065 585 sancta
1085 543 1162 584 viri
1181 543 1381 584 sententia
1400 542 1537 597 ponit;

540 617 739 672 Corporis
758 625 881 674 atque
900 619 1027 660 animi
1047 617 1278 673 primordia
1297 616 1470 673 singula,
1492 617 1617 671 privis

539 691 758 747 Adposita,
781 692 946 734 alternis
966 692 1138 742 variare,
1161 707 1209 733 ac
1227 699 1405 740 nectere,
1427 689 1626 730 membra.

421 765 503 806 375
536 764 661 816 Nam,
684 781 810 822 quom
829 766 960 808 multo
979 774 1075 807 sunt
1095 765 1251 807 animai·
1267 764 1467 806 elementa
1486 764 1663 814 minora,

436 927 510 957 Ver.
526 930 601 957 568.
623 937 678 965 pro
690 926 815 966 foribus
829 935 899 959 sunt
917 931 1036 960 Iumina
1053 942 1122 962 nos-

392 985 452 1010 tra.
499 977 549 1007 Sic
565 976 710 1018 quaedam
724 978 758 1007 in
774 979 968 1010 nobilissimo
988 981 1123 1011 Maximi

392 1028 482 1070 Tyrii
497 1029 577 1066 loco,
602 1038 669 1058 xxv.
687 1031 716 1058 5.
738 1034 903 1069 Αγησιλαῳ
918 1029 945 1061 δε
963 1044 1052 1073 μεχρι
1068 1045 1123 1062 των

392 1086 632 1113 ΟΦΘΛΛΜΩΝ
648 1083 803 1122 προςελθων
817 1082 831 1111 ὅ
847 1094 920 1123 epm,
942 1085 1062 1113 ενταῦθα
1079 1095 1122 1114 εσ-

394 1147 432 1168 ⁴rn
448 1146 494 1165 tm
514 1137 665 1165 ΘΎΡΑῙΣ
686 1146 737 1167 της
756 1135 916 1174 *haim-

394 1193 513 1224 Contra
547 1193 604 1222 has
633 1191 772 1222 Lucretii
793 1193 928 1223 rationes
957 1193 1133 1234 malignius

392 1243 531 1285 insurgit
574 1243 717 1274 animosa
750 1243 928 1284 eloquentia
959 1245 1126 1283 Lactantii‚

394 1294 429 1325 in
452 1294 532 1325 libro
558 1293 598 1325 de
627 1293 752 1333 opificio
774 1294 851 1333 Dei,
876 1305 941 1335 cap.
956 1296 1018 1326 viii.
1042 1295 1127 1336 quod

393 1345 570 1376 Lambinus
594 1345 692 1376 etiam
714 1345 836 1376 dudum
858 1348 992 1378 monuit.

440 1403 516 1435 Ver.
530 1407 604 1434 370.
626 1405 770 1434 sublatis:
795 1405 816 1435 i.
831 1415 857 1435 e.
882 1406 1036 1446 “foribus
1053 1409 1126 1438 sub-

395 1455 508 1487 “latis
527 1466 597 1487 cum
620 1455 760 1494 postibus
781 1455 882 1487 istis:'’
903 1457 951 1488 uti
967 1465 1125 1490 construc-

395 1507 515 1538 tionem
533 1508 700 1537 verborum
715 1506 898 1538 Lactantius
919 1509 1042 1546 evolvit,
1065 1510 1084 1541 l.
1100 1521 1126 1541 c.

395 1562 420 1579 “
436 1559 471 1591 Si
499 1559 586 1590 enim
611 1569 713 1595 menS,
741 1558 844 1601 inquit
868 1560 1044 1598 Lucretius,
1072 1573 1127 1602 per

397 1614 421 1631 ‘⁶
437 1611 546 1642 oculos
561 1610 690 1650 videret,
713 1611 810 1642 erutis
831 1618 863 1643 et
883 1613 1002 1643 effossis
1016 1614 1126 1652 oculis,

396 1667 420 1682 “
436 1663 539 1704 magis
568 1662 702 1702 videret;
737 1665 887 1705 quoniam
916 1668 1026 1697 evzdsoe
1057 1678 1126 1698 cum

396 1715 566 1754 “postibus
592 1714 681 1755 fores
715 1715 788 1754 plus
816 1715 958 1747 inferunt
984 1716 1128 1756 luminis,

396 1768 420 1784 ‘⁶
436 1775 533 1806 quam
552 1765 578 1795 si
599 1765 718 1796 fuerint
740 1766 911 1799 obductae.”
959 1768 1020 1799 Sed
1033 1768 1127 1800 ‹lubi-

396 1822 442 1855 to,
468 1817 494 1847 si
508 1827 594 1856 vere;
616 1823 700 1848 certe
713 1818 821 1849 minus
835 1819 977 1860 expedite
998 1830 1034 1851 ac
1051 1821 1126 1851 sim-

395 1867 528 1908 pliciter,
544 1879 644 1910 quum
658 1879 715 1908 pro
725 1869 851 1911 foribus
865 1870 942 1910 ipsis
954 1877 1055 1912 postes
1069 1882 1126 1902 sae-

395 1919 523 1959 pissime
538 1920 761 1960 adhibeantur-3
777 1928 812 1952 ut
826 1922 860 1952 in
872 1929 1001 1953 centum
1015 1924 1125 1954 simili-

397 1971 466 2009 bus,
482 1981 536 2011 per
547 1972 775 2011 synecdochen,
790 1984 886 2014 quam
897 1980 1010 2005 vocant
1020 1985 1125 2015 gram-

399 2023 587 2054 maticorum
602 2023 667 2055 filii.

444 2082 516 2114 Ver.
531 2087 604 2115 372.
627 2085 800 2116 Democriti
813 2092 919 2117 sancta
935 2089 997 2117 viri
1009 2093 1128 2118 senten-

398 2137 444 2166 tia
460 2141 508 2177 est
528 2135 563 2166 in
580 2136 832 2177 exquisitioribus
846 2137 990 2169 formulis
1011 2149 1128 2170 sermo-

400 2187 462 2226 nis,
477 2197 555 2228 quas
569 2187 695 2218 adamat
705 2188 884 2228 Lucretius,
899 2199 957 2229 pro
973 2193 996 2209 “
1011 2197 1130 2222 senten-

401 2242 425 2258 ‘⁶
439 2241 486 2269 tia
506 2240 692 2278 Democriti,
716 2243 778 2271 viri
803 2241 941 2278 sancti,·‘’
968 2247 1005 2272 ut
1026 2250 1131 2282 gentes

399 2291 502 2322 Italas
530 2292 699 2329 hominum,
729 2290 749 2321 i.
775 2294 844 2322 120.
867 2292 934 2322 vice
964 2305 1002 2324 w
1027 2301 1132 2334 gentes

401 2344 554 2374 Italorum
575 2344 731 2374 hominum
754 2342 953 2385 defungitur:
979 2345 1019 2376 ad
1035 2357 1130 2387 quem

401 2393 520 2433 locum,
544 2404 619 2424 cum
644 2403 706 2425 ver.
724 2397 797 2426 475.
825 2395 967 2436 ejusdem
993 2397 1072 2434 libri,
1100 2404 1133 2428 et

402 2445 476 2477 alibi
491 2446 561 2486 plus
587 2446 695 2485 semel,
722 2457 779 2477 nos
804 2448 844 2479 de
867 2449 926 2479 hac
947 2459 980 2480 re
994 2449 1133 2482 diximus

402 2497 546 2529 ubertim.
591 2497 681 2528 Hinc
707 2497 889 2530 criticorum
918 2502 1132 2542 aestuantium,

402 2554 434 2579 et
460 2558 493 2579 se
512 2559 701 2590 magnopere
726 2551 951 2592 torquentium,
977 2553 1134 2585 tumultus

403 2599 509 2630 statim
523 2600 686 2639 sedantur3
708 2607 801 2643 atque
826 2602 891 2633 una
908 2605 1014 2643 *semel
1038 2604 1133 2637 litura

403 2650 509 2690 Fabri,
522 2651 676 2693 Preigeri,
688 2658 720 2683 et
730 2652 941 2695 Havercampi
953 2656 1049 2687 etiam
1063 2657 1131 2688 ani-

403 2702 644 2742 madversiones,
672 2705 819 2736 nonnihil
844 2717 898 2746 per
920 2710 1062 2740 tenebras
1086 2715 1132 2740 ta-

404 2762 480 2783 men
494 2754 696 2795 dispicimus,
711 2757 825 2789 obduci
838 2758 962 2791 debent.

405 2812 576 2854 Caeterum,
598 2815 632 2846 in
646 2824 800 2858 quantum
822 2829 904 2851 meoe
922 2821 1038 2852 mentis
1051 2821 1133 2853 acies

405 2865 505 2898 valeat
522 2867 707 2910 pertingere,
729 2870 811 2902 hanc
833 2872 1012 2906 societatem
1034 2874 1132 2906 animi

882 185 943 235 T.
1002 184 1382 236 LUCRETII

1166 927 1198 952 et
1219 920 1355 961 corporis
1371 919 1574 951 Democritus
1595 919 1811 960 impugnabat,
1833 919 1874 953 ὴ

1165 973 1270 1014 gendo
1285 983 1349 1002 non
1368 972 1433 1002 una
1454 981 1506 1002 eos
1528 981 1631 1012 agere,
1655 971 1708 1002 sed
1729 981 1785 1011 per
1799 981 1875 1002 vis»

1166 1025 1225 1054 hoc
1239 1028 1352 1064 agente
1367 1023 1467 1064 quasi,
1489 1022 1568 1054 dum
1587 1021 1641 1052 ille
1655 1022 1872 1063 quiesceretffi

1166 1080 1275 1105 eorm-a
1289 1074 1447 1105 similiter:
1472 1074 1516 1104 ita
1531 1079 1567 1104 ut
1582 1074 1772 1105 alternantes
1793 1085 1826 1106 se

1166 1126 1318 1166 plicarent
1332 1126 1491 1162 membris,
1510 1132 1542 1156 et
1556 1133 1726 1158 moverent.
1848 1127 1868 1161 Ἰ,

1216 1186 1289 1217 Ver.
1304 1188 1380 1218 373.
1398 1188 1528 1226 primis.-
1552 1186 1597 1216 ita
1611 1197 1697 1218 nunc
1712 1187 1817 1228 scripti
1831 1181 1872 1221 εὖ

1170 1238 1267 1278 tique,
1284 1237 1338 1268 sed
1353 1237 1420 1268 sine
1431 1238 1527 1269 dubio
1538 1238 1759 1280 corrigendum
1773 1245 1819 1270 est
1841 1256 1845 1267 ι

1170 1291 1223 1320 vis.
1259 1289 1333 1319 Hoc
1347 1295 1402 1325 est,
1427 1292 1452 1306 “
1469 1289 1601 1330 Singula
1615 1290 1753 1329 corporis
1766 1290 1813 1330 pri
1824 1306 1839 1317 «ι
1856 1306 1860 1313 ·

1171 1343 1192 1357 “
1206 1339 1258 1370 dia
1283 1339 1415 1380 singulis
1439 1339 1537 1370 animi
1559 1340 1730 1380 apposita.’'
1773 1342 1823 1372 ΒΕ
1830 1351 1871 1374 ru

1172 1399 1288 1426 tems,
1303 1389 1343 1420 ad
1361 1390 1473 1421 Horat.
1488 1396 1544 1422 art.
1559 1391 1642 1431 po'et.
1660 1395 1710 1423 60.

1171 1442 1212 1472 V'
1204 1453 1250 1473 iro
1265 1443 1415 1482 maximo,
1431 1450 1614 1475 cunctanter
1626 1450 1743 1483 tamen,
1761 1444 1870 1495 obedit

1171 1493 1225 1524 sed
1242 1499 1275 1524 ut
1292 1494 1493 1534 interpretem
1515 1505 1581 1526 non
1603 1495 1765 1535 accipiam,
1789 1506 1870 1543 quun

1169 1555 1226 1584 pro
1241 1547 1372 1585 singulis
1387 1548 1499 1584 animi,
1515 1546 1650 1577 dixerim
1663 1549 1794 1588 singulzs
1808 1551 1870 1581 mei

1169 1598 1231 1628 bris
1249 1597 1391 1628 substitui
1407 1598 1535 1630 debere:
1553 1599 1578 1629 si
1590 1599 1747 1639 scriptoris
1761 1599 1870 1634 mente

1169 1648 1236 1688 ipse
1251 1648 1378 1689 quidem
1393 1649 1513 1680 valeam
1528 1651 1709 1690 perspicere.
1747 1651 1814 1682 Alii
1865 1646 1867 1651 ’

1171 1700 1302 1730 tentiam
1313 1711 1403 1731 suam
1413 1701 1779 1742 interponant—Porro,
1787 1703 1822 1734 in
1836 1718 1845 1729 ·-
1870 1721 1872 1727 ›

1171 1751 1243 1782 dem
1255 1752 1509 1783 emendationem
1525 1753 1694 1794 Preigerus
1705 1754 1801 1785 etiam
1816 1753 1866 1784 v'·-

1171 1811 1223 1836 tur
1248 1806 1376 1837 seorsim
1403 1807 1562 1838 incidisse:
1589 1817 1647 1838 nec
1669 1807 1710 1838 de
1734 1808 1835 1840 nihilo
1855 1817 1868 1841 ε

1170 1855 1293 1896 parium
1317 1857 1492 1889 dictionum
1514 1857 1643 1889 societas
1664 1859 1750 1900 apud
1766 1847 1879 1892 Armi

1169 1918 1236 1946 um,
1266 1909 1322 1940 lib.
1343 1910 1384 1941 vi.
1416 1920 1445 1950 p.
1470 1913 1541 1941 204.
1573 1913 1594 1930 “
1612 1911 1709 1950 Quia,
1739 1922 1810 1953 quae
1831 1921 1879 1944 su

1172 1963 1194 1979 “
1206 1963 1298 2000 priva
1313 1963 1496 2002 singulaque
1510 1962 1635 2001 natura,
1650 1962 1751 1993 multa
1766 1963 1833 1994 fieri
1847 1970 1867 1995 n

1172 2015 1195 2030 “
1210 2019 1341 2052 queunt,
1358 2013 1565 2052 simplicitatis
1575 2024 1640 2044 suae
1652 2013 1830 2056 integritate
1841 2023 1868 2047 a·

1173 2067 1196 2082 “
1211 2064 1310 2095 vatal’

1215 2125 1290 2155 Ver.
1305 2127 1378 2156 574.
1400 2131 1534 2156 nectere:
1560 2125 1580 2156 i.
1596 2136 1623 2157 e.
1647 2126 1692 2158 ita
1713 2127 1842 2168 sociare,

1173 2185 1357 2207 communes
1371 2182 1477 2207 motus
1488 2177 1632 2214 habeant,
1647 2184 1680 2208 et
1688 2178 1770 2210 inter
1780 2190 1813 2210 se
1828 2189 1866 2212 oo

1170 2227 1301 2268 spirent.

1218 2290 1293 2320 Ver.
1315 2293 1389 2322 575.
1411 2297 1500 2322 sunt.-
1527 2291 1563 2323 P.
1585 2291 1626 2323 Ο.
1646 2294 1866 2326 sint—animo

1174 2342 1216 2372 V.
1232 2342 1280 2373 ed.
1298 2342 1338 2373 0.
1356 2347 1390 2373 A.
1409 2350 1450 2374 Π.
1467 2348 1501 2375 Σ.
1523 2346 1646 2376 am'mae.
1874 2345 1875 2348 ’

1219 2402 1300 2433 Ibid.
1324 2405 1446 2435 ant'ma‘i
1466 2406 1622 2436 elementa.
1668 2405 1720 2438 Ita
1739 2407 1865 2441 Juven·

1176 2453 1273 2484 etiam
1297 2453 1420 2486 locutus
1446 2461 1501 2492 est,
1532 2456 1566 2486 in
1592 2457 1730 2488 versibus
1752 2458 1852 2499 gravi-

1176 2506 1402 2538 sententiarum
1431 2507 1735 2549 praecellentissimis,
1769 2516 1802 2542 et
1828 2509 1864 2545 le

1176 2559 1405 2591 emendationis
1426 2572 1484 2603 ope
1506 2563 1645 2594 multum
1658 2563 1828 2604 erigendis,
1847 2570 1864 2601 ι

1175 2611 1234 2642 xiv.
1253 2614 1302 2644 17.

1206 2693 1302 2720 Mitem
1321 2695 1456 2727 animum,
1475 2699 1504 2722 et
1525 2703 1624 2728 moreS,
1645 2697 1759 2724 modicis
1773 2705 1788 2724 e
1821 2709 1826 2719 ·

1329 2740 1434 2767 aequos,
1835 2766 1839 2769 ,
1870 2760 1872 2767 J

1205 2774 1340 2807 Praecipit‚
1362 2779 1445 2807 atque
1465 2775 1566 2802 animas
1585 2783 1725 2803 servorum
1743 2780 1772 2804 et
1791 2784 1820 2803 c
1868 2799 1872 2807 ,

1329 2819 1421 2841 nostra
1870 2841 1871 2846 ,

1204 2854 1318 2882 Materia
1330 2862 1452 2884 constare
1465 2858 1536 2890 pari,
1546 2859 1706 2892 paribusque
1715 2841 1853 2890 clementii.
1870 2883 1872 2887 ,

1205 2897 1247 2923 An
1257 2898 1354 2925 saevire
1364 2899 1456 2930 docet,
1467 2899 1584 2926 Rutilus
1578 2903 1588 2918 ³
