1912 3292
508 208 742 258 LIBER
783 204 1136 254 TERTIUS.

222 343 493 398 Consequitur
512 339 689 397 gravitas
708 337 1006 386 membrorum,
1029 333 1343 391 praepediuntur

222 419 355 460 Crura
373 415 590 465 vacillanti,
613 413 806 455 tardescit
824 412 980 469 lingua,
1002 410 1142 452 madet
1160 424 1292 459 mens,

220 492 334 533 Nant
354 489 502 539 oculei3
535 489 704 539 clamor,
727 487 942 545 singultus,
957 485 1113 542 jurgia,
1134 485 1330 542 gliscunt3

104 571 187 607 480
219 566 274 607 Et
286 566 374 620 jam
394 572 543 606 caetera
563 564 615 605 de
634 578 785 621 genere
804 563 900 613 hoc,
923 574 1225 618 quaequomque
1246 565 1485 615 sequuntur:

216 639 339 689 Quur
359 654 407 680 ea
427 646 535 688 sunt,
558 638 636 679 nisi
656 637 770 694 quod
789 636 1008 680 vehemens
1027 634 1221 676 violentia
1239 633 1316 674 viri

217 713 478 755 conturbare
496 713 679 755 animam
699 712 912 754 consuevit
931 724 1106 766 corpore
1125 708 1169 749 in
1189 706 1303 763 ipso?

111 870 193 901 Ibid.
210 872 243 901 z'n
258 881 367 901 venas.-
392 875 428 900 ut
440 869 677 910 Virgilius,‹ecl.
693 870 733 901 vi.
747 873 796 902 15.

100 947 229 972 Inflatum
240 947 365 972 hesterno
376 954 473 977 venas,
483 949 515 971 ut
525 954 641 979 semper,
653 946 749 971 Iaccho.

112 1015 188 1045 Ver.
204 1017 276 1046 477.
291 1015 542 1054 praepecliuntur:
563 1014 604 1044 O.
617 1014 796 1053 perpetiun-

69 1072 137 1102 tur;
158 1071 191 1096 Δ.
203 1067 449 1105 praepetiuntur;
476 1064 531 1105 qui
546 1064 668 1104 primus
682 1064 798 1104 gradus

67 1123 115 1148 est
128 1117 319 1157 corruptelae.

112 1168 194 1198 Ibid.
216 1170 373 1207 gravitas:
402 1168 490 1208 quasi
507 1170 630 1207 pondus
659 1166 721 1197 inis
747 1177 797 1197 ac-

67 1219 203 1257 cesserit,
223 1230 286 1260 quo
309 1218 450 1248 tardatur
464 1224 576 1248 motus.
624 1218 685 1248 Sed
701 1217 797 1247 virtu-

66 1278 132 1303 tem
142 1272 288 1302 dictionis
303 1271 415 1300 melius
428 1271 516 1300 Naso
531 1270 710 1308 declarabit,
722 1275 795 1299 met.

65 1323 98 1354 ii.
113 1326 186 1354 819.

583 1393 612 1414 at
623 1390 670 1420 ini,

82 1432 195 1462 surgere
205 1430 327 1459 conanti,
339 1432 438 1461 partes,
450 1436 634 1460 quascumque
644 1429 762 1454 sedendo

81 1470 238 1500 Flectimur,
250 1469 347 1502 ignava
358 1472 497 1501 nequeunt
509 1469 643 1502 gravitate
653 1470 768 1495 moveri.

109 1537 184 1567 Ver.
200 1539 272 1567 478.
294 1537 457 1567 tardescit:
486 1542 527 1566 Π.
542 1537 676 1567 tabescit.

111 1587 191 1618 Ibid.
206 1589 373 1619 vacillanti.
402 1587 530 1625 Fabius,
545 1587 629 1617 instt.
645 1593 721 1618 orat.
732 1587 796 1618 viii.

65 1644 96 1672 5.
119 1651 156 1671 ex
175 1640 407 1670 Cicerone:—“
421 1639 574 1680 quosdam
594 1650 629 1670 ex
651 1641 719 1671 vino
741 1651 794 1671 va-

62 1699 87 1715 “
103 1695 314 1727 efflantes—‚⁵²
347 1695 516 1734 Scriptores
530 1701 636 1725 autem
651 1693 796 1726 codicum

64 1751 103 1778 Δ.
120 1754 161 1778 Π.
176 1747 220 1777 ita
234 1752 350 1786 puncta
364 1746 424 1776 loci
439 1746 671 1785 disposuerunt:

507 1821 711 1853 praepediuntur

128 1864 227 1893 Crura,
246 1862 382 1887 vacillanti
394 1862 521 1887 tardescit
533 1862 700 1894 lingua—:

62 1940 130 1961 non
146 1929 285 1969 illepide;
309 1940 384 1959 nam
403 1929 615 1970 lexicographi
630 1940 668 1960 ex
684 1930 792 1970 digest.

53 1981 136 2011 xxii.
150 1983 178 2011 5.
201 1980 364 2020 proferunt
378 1982 524 2011 vacillans
539 1982 634 2018 testis,
649 1991 706 2019 pro
720 1982 791 2011 blae-

61 2044 114 2064 sus
128 2033 220 2063 testis.
264 2031 436 2062 Pulchram
458 2031 555 2072 igitur
571 2031 629 2061 hac
650 2031 721 2072 lege
743 2042 791 2062 so-

60 2084 205 2115 cietatem
220 2085 312 2114 verba
329 2085 474 2115 tardescit
492 2086 714 2126 vacz'llantique
729 2085 790 2115 ini-

62 2136 178 2174 verint3
201 2136 409 2176 significantia
430 2146 494 2166 non
515 2139 603 2168 tarde
617 2137 790 2168 solummo-

63 2187 116 2226 do,
133 2187 186 2217 sed
200 2189 359 2227 singultim
375 2187 482 2226 etiam,
498 2187 690 2229 loquentem.
720 2189 788 2219 No-

60 2238 108 2270 lui
123 2245 228 2270 tamen
242 2239 417 2279 planiorem
431 2240 515 2270 viam
529 2246 622 2281 atque
636 2240 790 2276 tritiorem

63 2289 191 2331 quidem
202 2290 351 2332 linquere.

106 2342 188 2373 Ibid.
211 2345 313 2374 madet
327 2355 428 2375 mens:
454 2343 475 2374 i.
490 2353 516 2374 e.
541 2357 686 2385 τεγγεται
706 2345 718 2375 ὅ
735 2357 789 2382 νας.

61 2401 94 2426 et
109 2405 173 2425 non
189 2405 297 2435 corpus
312 2401 445 2426 tantum.
491 2396 672 2435 Suetonius,
695 2407 722 2428 v.
738 2401 789 2428 35.

61 2446 102 2477 de
119 2445 267 2477 Claudio:
295 2451 313 2465 ‘⁶
329 2445 403 2479 Nec.
417 2453 534 2478 temere
558 2458 710 2489 umquam
735 2448 789 2478 tn'-

61 2502 85 2517 “
101 2497 196 2529 clinio
218 2495 386 2537 abscessit,
398 2499 459 2529 nisi
473 2499 627 2530 distentus
652 2500 688 2542 (i.
704 2511 730 2531 e.
745 2500 788 2531 ci-

60 2553 84 2570 “
99 2550 155 2591 bo)
172 2560 208 2580 ac
223 2550 373 2581 madens'‘
392 2551 427 2593 (i.
443 2562 469 2581 e.
483 2552 578 2593 vino).
624 2552 674 2582 Sic
690 2552 787 2583 Plau-

60 2609 124 2641 tus,
140 2602 254 2634 Pseud.
269 2613 296 2633 v.
316 2606 346 2633 2.
361 2605 390 2634 7.
415 2603 541 2643 Statius,
556 2604 621 2635 silv.
636 2604 679 2635 iii.
695 2608 720 2635 l.
735 2609 786 2636 41.

64 2655 125 2686 Sed
139 2657 283 2686 madidus
294 2665 350 2695 pro
360 2656 473 2694 ebrius,
488 2661 524 2686 ut
538 2656 672 2687 vicissim
687 2660 786 2689 siccus

61 2716 118 2748 pro
131 2708 259 2745 sobrius,
284 2713 451 2747 pervagata
465 2714 550 2746 sunt,
576 2713 608 2738 et
627 2718 669 2738 ne
683 2709 788 2748 pueris

61 2757 189 2798 quidem
210 2758 326 2799 ignota.
370 2758 542 2800 Eleganter
567 2759 736 2798 Martialis,
767 2760 786 2790 i.

63 2813 114 2842 40.
127 2813 156 2840 5.

96 2885 122 2910 sl
131 2885 188 2916 quis
197 2887 336 2920 Cecropiae
347 2887 465 2912 madidus
473 2888 614 2920 Latiaeque
623 2889 753 2914 Minerva:

124 2925 242 2956 Artibus,
252 2930 280 2952 et
290 2926 354 2952 vera
365 2927 537 2960 simplicitate
547 2929 673 2954 bonus—2

841 870 862 901 i.
879 880 905 900 e.
929 868 1019 910 quasi
1047 868 1217 898 Musarum
1245 864 1384 895 fontibus
1412 863 1570 905 irrigatus.

841 921 911 952 Nec
936 920 1046 951 minus
1074 918 1234 959 eleganter
1263 927 1337 947 mox
1366 922 1482 954 noster,
1512 926 1574 947 ver.

844 975 935 1003 1064.
959 973 1060 1002 ebrius
1083 972 1184 1001 curis:
1210 974 1247 998 ut
1270 981 1439 1007 ξονι-οπμενος
1463 967 1576 1008 aliquis

840 1030 872 1055 et
898 1034 1102 1067 κεκαρωμενος·
1130 1022 1211 1053 curis
1241 1031 1315 1052 eum
1345 1021 1573 1059 divexantibus,

841 1081 934 1117 atque
958 1080 1052 1114 caput
1074 1072 1387 1110 circumsalientibus,
1411 1083 1510 1113 usque
1532 1071 1573 1103 ad

841 1127 1029 1167 vertiginem
1048 1123 1271 1155 incutiendam.

886 1177 960 1206 Ver.
978 1178 1050 1207 479.
1075 1176 1167 1206 Nant
1181 1176 1296 1204 oculei:
1322 1173 1342 1204 i.
1359 1184 1385 1203 e.
1403 1177 1426 1192 ‘⁶
1442 1184 1506 1212 prae
1521 1184 1573 1204 ca-

842 1233 866 1247 “
881 1228 979 1268 ligine
994 1227 1039 1257 ita
1059 1225 1226 1266 trepidant,
1253 1230 1284 1255 et
1308 1225 1468 1255 instabiles
1489 1232 1572 1261 sunt,

842 1282 865 1296 ‘⁵
882 1285 918 1309 ut
943 1278 1051 1309 omnia
1077 1288 1152 1308 nare
1175 1276 1376 1314 videantur;'’
1400 1287 1463 1317 quo
1477 1277 1574 1307 modo

840 1331 876 1361 fit
904 1340 1029 1372 quoque
1066 1329 1280 1361 morientibus.
1327 1328 1378 1360 Sic
1407 1329 1572 1370 Virgilius,

840 1395 909 1425 geo.
925 1385 965 1415 iv.
981 1387 1054 1416 496.

840 1463 906 1487 Fata
916 1464 1028 1492 vocant,
1039 1461 1188 1493 conditque
1197 1459 1316 1484 natantia
1327 1459 1426 1484 lumina
1437 1462 1562 1484 somnus:

839 1526 889 1557 vel
909 1526 944 1556 in
959 1535 1087 1566 gravem
1109 1534 1260 1555 somnum
1281 1523 1514 1561 delabentibus;
1537 1527 1573 1554 ut

840 1578 926 1609 idem
941 1577 980 1608 de
995 1577 1161 1615 Palinuro,
1178 1577 1254 1606 AEn.
1270 1586 1298 1606 v.
1314 1578 1387 1606 856.

868 1668 993 1677 ——-
1003 1654 1200 1686 cunctantique
1210 1653 1330 1679 natantia
1339 1652 1439 1678 lumina
1450 1652 1540 1677 solvit.

841 1730 864 1746 ‘⁶
882 1727 1051 1762 Ενναηιία,
1082 1723 1185 1754 somni
1213 1721 1409 1752 vicinitate:“
1438 1722 1570 1754 Servius.

839 1778 932 1807 Solvit
947 1781 1065 1813 autem,
1088 1774 1128 1804 de
1142 1784 1205 1814 quo
1221 1774 1427 1803 Burmannus
1445 1784 1509 1803 non
1524 1773 1569 1804 le-

837 1827 917 1858 viter
931 1827 1100 1864 cruciatur,
1120 1826 1192 1856 ideo
1206 1825 1294 1863 dicit,
1317 1824 1403 1865 quod
1420 1825 1569 1864 Somnus,

838 1879 990 1919 languore
1003 1888 1040 1908 ac
1055 1876 1238 1907 lassitudine
1254 1876 1388 1916 injectis,
1416 1876 1460 1906 ita
1480 1878 1567 1907 laxa-

836 1937 883 1962 ret
898 1930 1069 1969 palpebras,
1088 1935 1125 1959 ut
1138 1928 1206 1959 orbi
1220 1927 1409 1968 pupulaeque
1424 1928 1568 1967 superin-

837 1982 1035 2017 ducerentur,
1063 1985 1094 2010 et
1116 1979 1219 2009 visum
1241 1979 1568 2020 obsignarent—Cre·

836 2040 949 2069 terum,
978 2032 1118 2072 apposita
1131 2038 1206 2062 sunt
1230 2042 1266 2062 ea
1281 2031 1432 2072 Lyconis,
1456 2031 1495 2061 de
1511 2033 1568 2062 ho-

834 2086 921 2116 mine
936 2084 1064 2124 crapula
1078 2084 1295 2125 gravedinoso,
1307 2083 1391 2123 apud
1408 2084 1568 2114 Rutilium

835 2139 976 2178 Lupum,
1003 2137 1042 2167 de
1067 2136 1142 2177 figg.
1169 2142 1247 2167 sent.
1276 2141 1308 2166 et
1333 2135 1408 2166 eloe.
1435 2135 1466 2166 ii.
1493 2139 1567 2166 7.—

835 2194 859 2208 “
876 2191 971 2221 oculis
986 2200 1067 2220 mero
1079 2190 1241 2226 marcidis,
1256 2190 1380 2218 humore
1396 2189 1566 2227 obcoecatz's,

836 2245 859 2260 ‘⁶
875 2242 959 2272 visco
974 2240 1122 2281 gravidis,
1135 2240 1241 2270 lucem
1255 2245 1434 2270 constanter
1449 2240 1566 2270 intueri

835 2298 859 2314 “
876 2304 941 2324 non
956 2292 1091 2333 potest.’'
1138 2292 1189 2323 Sic
1203 2292 1362 2322 verissime
1382 2297 1414 2322 et
1429 2292 1564 2332 sagacis-

833 2346 911 2376 sime
928 2345 1140 2375 Ruhnkenius
1155 2343 1345 2382 emendavit,
1360 2354 1416 2383 pro
1440 2347 1462 2361 “
1478 2353 1566 2373 mero

834 2399 857 2415 ‘⁴
871 2396 1036 2428 madidis.”
1081 2395 1224 2426 Illustrat
1252 2394 1348 2425 etiam
1379 2393 1564 2424 Lucretium

834 2449 869 2479 in
883 2448 993 2488 primis
1019 2447 1168 2478 Clemens
1181 2446 1427 2478 Alexandrinus,
1443 2444 1563 2485 paedag.

833 2503 864 2533 ii.
880 2514 909 2543 p.
928 2507 997 2534 180.
1019 2510 1089 2543 Οινῳ
1111 2502 1139 2533 δε
1163 2515 1289 2544 apsa-pay,
1316 2502 1332 2533 ἧ
1354 2513 1405 2540 μεν
1431 2507 1563 2539 *γλωττα

834 2554 1073 2596 παραπαδιζεται,
1090 2566 1222 2595 παρειται
1238 2552 1265 2583 δε
1282 2565 1322 2582 ‘m
1333 2558 1436 2592 χειλη,
1453 2553 1562 2590 οφθαλ-

831 2621 878 2647 μοι
892 2605 920 2638 δε
944 2619 1188 2649 ταρατρεπονται,
1214 2606 1265 2635 οἷον
1291 2605 1481 2643 κολυμέωσκς
1508 2617 1560 2637 της

831 2661 925 2697 ogiam
943 2659 997 2690 ὕπο
1013 2671 1051 2689 τε
1066 2660 1178 2691 otinas&
1195 2670 1247 2691 erm
1265 2657 1429 2698 ὖνγροτητας.
1460 2655 1563 2686 Hunc

831 2710 948 2746 locum,
978 2720 1041 2751 quo
1066 2709 1147 2739 nihil
1169 2707 1434 2739 accommodatius
1460 2707 1561 2746 optari

830 2768 942 2802 potest,
965 2761 1146 2792 doctissimo
1167 2761 1201 2790 in
1218 2761 1346 2800 Lupum
1363 2758 1560 2789 animadver-

830 2814 894 2845 sori
911 2814 1021 2852 debeo,
1036 2814 1090 2855 qui
1106 2812 1258 2844 videndus
1273 2818 1319 2843 est
1333 2811 1373 2842 ad
1387 2811 1502 2842 locum.

871 2866 947 2896 Ver.
963 2869 1035 2897 480.
1057 2871 1244 2908 sequuntur.-
1270 2864 1308 2896 P.
1324 2865 1366 2895 V.
1381 2863 1430 2894 ed.
1446 2863 1484 2894 B.
1513 2872 1559 2893 se-

829 2924 974 2959 quantur.

787 2979 849 3010 1³5
