<?xml version="1.0" encoding="UTF-8"?>
<!DOCTYPE html PUBLIC "-//W3C//DTD XHTML 1.0 Transitional//EN"
    "http://www.w3.org/TR/xhtml1/DTD/xhtml1-transitional.dtd">
<html xmlns="http://www.w3.org/1999/xhtml" xml:lang="en" lang="en">
 <head>
  <title>
</title>
<meta http-equiv="Content-Type" content="text/html;charset=utf-8" />
  <meta name='ocr-system' content='tesseract 3.04.00' />
  <meta name='ocr-capabilities' content='ocr_page ocr_carea ocr_par ocr_line ocrx_word'/>
</head>
<body>
  <div class='ocr_page' id='page_1' title='image "./tlucretiicarider02lucruoft_0264.png"; bbox 0 0 1912 3292; ppageno 0'>
   <div class='ocr_carea' id='block_1_1' title="bbox 810 224 1294 274">
    <p class='ocr_par' dir='ltr' id='par_1_1' title="bbox 810 224 1294 274">
     <span class='ocr_line' id='line_1_1' title="bbox 810 224 1294 274; baseline 0 -2"><span class='ocrx_word' id='word_1_1' title='bbox 810 224 872 273; x_wconf 90' lang='lat' dir='ltr'>T.</span> <span class='ocrx_word' id='word_1_2' title='bbox 915 224 1294 274; x_wconf 87' lang='lat' dir='ltr'>LUCRETII</span> 
     </span>
    </p>
   </div>
   <div class='ocr_carea' id='block_1_2' title="bbox 453 355 1554 415">
    <p class='ocr_par' dir='ltr' id='par_1_2' title="bbox 453 355 1554 415">
     <span class='ocr_line' id='line_1_2' title="bbox 453 355 1554 415; baseline -0.004 -15"><span class='ocrx_word' id='word_1_3' title='bbox 453 358 592 415; x_wconf 88' lang='lat' dir='ltr'><strong>Atque</strong></span> <span class='ocrx_word' id='word_1_4' title='bbox 611 358 794 408; x_wconf 79' lang='lat' dir='ltr'>haurire3</span> <span class='ocrx_word' id='word_1_5' title='bbox 819 358 1017 414; x_wconf 89' lang='lat' dir='ltr'>juvatque</span> <span class='ocrx_word' id='word_1_6' title='bbox 1035 372 1164 399; x_wconf 90' lang='lat' dir='ltr'>novos</span> <span class='ocrx_word' id='word_1_7' title='bbox 1183 356 1401 411; x_wconf 86' lang='lat' dir='ltr'>decerpere</span> <span class='ocrx_word' id='word_1_8' title='bbox 1419 355 1554 406; x_wconf 88' lang='lat' dir='ltr'>flores,</span> 
     </span>
    </p>
   </div>
   <div class='ocr_carea' id='block_1_3' title="bbox 401 431 1536 711">
    <p class='ocr_par' dir='ltr' id='par_1_3' title="bbox 401 431 1511 562">
     <span class='ocr_line' id='line_1_3' title="bbox 457 431 1511 490; baseline -0.002 -17"><span class='ocrx_word' id='word_1_9' title='bbox 457 432 749 490; x_wconf 89' lang='lat' dir='ltr'>Insignemque</span> <span class='ocrx_word' id='word_1_10' title='bbox 768 448 862 474; x_wconf 90' lang='lat' dir='ltr'>meo</span> <span class='ocrx_word' id='word_1_11' title='bbox 882 433 1005 488; x_wconf 82' lang='lat' dir='ltr'>capiti</span> <span class='ocrx_word' id='word_1_12' title='bbox 1025 439 1163 488; x_wconf 90' lang='lat' dir='ltr'>petere</span> <span class='ocrx_word' id='word_1_13' title='bbox 1182 431 1279 472; x_wconf 92' lang='lat' dir='ltr'>inde</span> <span class='ocrx_word' id='word_1_14' title='bbox 1299 444 1511 481; x_wconf 84' lang='lat' dir='ltr'>coronam,</span> 
     </span>
     <span class='ocr_line' id='line_1_4' title="bbox 401 505 1405 562; baseline -0.001 -15"><span class='ocrx_word' id='word_1_15' title='bbox 401 510 425 547; x_wconf 86' lang='lat'>5</span> <span class='ocrx_word' id='word_1_16' title='bbox 459 506 586 548; x_wconf 89' lang='lat' dir='ltr'>Unde</span> <span class='ocrx_word' id='word_1_17' title='bbox 605 508 719 562; x_wconf 87' lang='lat' dir='ltr'>prius</span> <span class='ocrx_word' id='word_1_18' title='bbox 739 507 837 548; x_wconf 92' lang='lat' dir='ltr'>nulli</span> <span class='ocrx_word' id='word_1_19' title='bbox 857 507 1029 548; x_wconf 86' lang='lat' dir='ltr'>velarint</span> <span class='ocrx_word' id='word_1_20' title='bbox 1048 514 1236 561; x_wconf 88' lang='lat' dir='ltr'>tempora</span> <span class='ocrx_word' id='word_1_21' title='bbox 1256 505 1405 547; x_wconf 85' lang='lat' dir='ltr'>Musae.</span> 
     </span>
    </p>

    <p class='ocr_par' dir='ltr' id='par_1_4' title="bbox 461 578 1536 637">
     <span class='ocr_line' id='line_1_5' title="bbox 461 578 1536 637; baseline -0.004 -15"><span class='ocrx_word' id='word_1_22' title='bbox 461 580 665 631; x_wconf 89' lang='lat' dir='ltr'>Primum,</span> <span class='ocrx_word' id='word_1_23' title='bbox 688 580 799 636; x_wconf 91' lang='lat' dir='ltr'>quod</span> <span class='ocrx_word' id='word_1_24' title='bbox 819 580 980 637; x_wconf 85' lang='lat' dir='ltr'>magnis</span> <span class='ocrx_word' id='word_1_25' title='bbox 999 579 1128 620; x_wconf 87' lang='lat' dir='ltr'>doceo</span> <span class='ocrx_word' id='word_1_26' title='bbox 1148 578 1201 620; x_wconf 90' lang='lat' dir='ltr'>de</span> <span class='ocrx_word' id='word_1_27' title='bbox 1220 578 1357 628; x_wconf 87' lang='lat' dir='ltr'>rebus,</span> <span class='ocrx_word' id='word_1_28' title='bbox 1379 586 1419 619; x_wconf 93' lang='lat' dir='ltr'>et</span> <span class='ocrx_word' id='word_1_29' title='bbox 1439 579 1536 619; x_wconf 85' lang='lat' dir='ltr'>artis</span> 
     </span>
    </p>

    <p class='ocr_par' dir='ltr' id='par_1_5' title="bbox 459 652 1464 711">
     <span class='ocr_line' id='line_1_6' title="bbox 459 652 1464 711; baseline -0.004 -16"><span class='ocrx_word' id='word_1_30' title='bbox 459 653 728 711; x_wconf 85' lang='lat' dir='ltr'>Religionum</span> <span class='ocrx_word' id='word_1_31' title='bbox 748 654 934 694; x_wconf 87' lang='lat' dir='ltr'>animum</span> <span class='ocrx_word' id='word_1_32' title='bbox 954 653 1072 694; x_wconf 89' lang='lat' dir='ltr'>nodis</span> <span class='ocrx_word' id='word_1_33' title='bbox 1093 652 1299 693; x_wconf 85' lang='lat' dir='ltr'>exsolvere</span> <span class='ocrx_word' id='word_1_34' title='bbox 1319 666 1464 708; x_wconf 87' lang='lat' dir='ltr'>pergo:</span> 
     </span>
    </p>
   </div>
   <div class='ocr_carea' id='block_1_4' title="bbox 457 724 1517 782">
    <p class='ocr_par' dir='ltr' id='par_1_6' title="bbox 457 724 1517 782">
     <span class='ocr_line' id='line_1_7' title="bbox 457 724 1517 782; baseline -0.003 -14"><span class='ocrx_word' id='word_1_35' title='bbox 457 727 640 777; x_wconf 90' lang='lat' dir='ltr'>Deinde,</span> <span class='ocrx_word' id='word_1_36' title='bbox 662 726 775 782; x_wconf 89' lang='lat' dir='ltr'>quod</span> <span class='ocrx_word' id='word_1_37' title='bbox 789 726 962 767; x_wconf 66' lang='lat' dir='ltr'>obscurzi</span> <span class='ocrx_word' id='word_1_38' title='bbox 983 726 1035 767; x_wconf 92' lang='lat' dir='ltr'>de</span> <span class='ocrx_word' id='word_1_39' title='bbox 1055 741 1100 767; x_wconf 90' lang='lat' dir='ltr'>re</span> <span class='ocrx_word' id='word_1_40' title='bbox 1119 733 1205 767; x_wconf 82' lang='lat' dir='ltr'>tam</span> <span class='ocrx_word' id='word_1_41' title='bbox 1223 724 1359 766; x_wconf 88' lang='lat' dir='ltr'>lucida</span> <span class='ocrx_word' id='word_1_42' title='bbox 1378 724 1517 780; x_wconf 81' lang='lat' dir='ltr'>pando</span> 
     </span>
    </p>
   </div>
   <div class='ocr_carea' id='block_1_5' title="bbox 380 799 1584 1152">
    <p class='ocr_par' dir='ltr' id='par_1_7' title="bbox 460 799 1465 856">
     <span class='ocr_line' id='line_1_8' title="bbox 460 799 1465 856; baseline -0.001 -16"><span class='ocrx_word' id='word_1_43' title='bbox 460 799 672 850; x_wconf 86' lang='lat' dir='ltr'>Carmina,</span> <span class='ocrx_word' id='word_1_44' title='bbox 697 799 862 841; x_wconf 87' lang='lat' dir='ltr'>Musaeo</span> <span class='ocrx_word' id='word_1_45' title='bbox 882 800 1125 856; x_wconf 88' lang='lat' dir='ltr'>contingens</span> <span class='ocrx_word' id='word_1_46' title='bbox 1144 806 1293 841; x_wconf 87' lang='lat' dir='ltr'>cuncta</span> <span class='ocrx_word' id='word_1_47' title='bbox 1311 799 1465 854; x_wconf 89' lang='lat' dir='ltr'>lepore:</span> 
     </span>
    </p>

    <p class='ocr_par' dir='ltr' id='par_1_8' title="bbox 380 872 1584 1152">
     <span class='ocr_line' id='line_1_9' title="bbox 380 872 1511 929; baseline 0.001 -17"><span class='ocrx_word' id='word_1_48' title='bbox 380 877 429 913; x_wconf 93' lang='grc'>10</span> <span class='ocrx_word' id='word_1_49' title='bbox 460 873 513 915; x_wconf 89' lang='lat' dir='ltr'>Id</span> <span class='ocrx_word' id='word_1_50' title='bbox 532 888 696 929; x_wconf 91' lang='lat' dir='ltr'>quoque</span> <span class='ocrx_word' id='word_1_51' title='bbox 715 874 825 914; x_wconf 87' lang='lat' dir='ltr'>enim</span> <span class='ocrx_word' id='word_1_52' title='bbox 845 888 930 914; x_wconf 92' lang='lat' dir='ltr'>non</span> <span class='ocrx_word' id='word_1_53' title='bbox 951 873 1004 914; x_wconf 84' lang='lat' dir='ltr'>ab</span> <span class='ocrx_word' id='word_1_54' title='bbox 1024 873 1133 914; x_wconf 70' lang='lat' dir='ltr'>nulla</span> <span class='ocrx_word' id='word_1_55' title='bbox 1154 874 1313 914; x_wconf 85' lang='lat' dir='ltr'>ratione</span> <span class='ocrx_word' id='word_1_56' title='bbox 1332 872 1511 921; x_wconf 58' lang='lat' dir='ltr'>videtum</span> 
     </span>
     <span class='ocr_line' id='line_1_10' title="bbox 463 946 1486 1002; baseline -0.002 -14"><span class='ocrx_word' id='word_1_57' title='bbox 463 947 589 997; x_wconf 88' lang='lat' dir='ltr'>Nam,</span> <span class='ocrx_word' id='word_1_58' title='bbox 611 947 756 988; x_wconf 87' lang='lat' dir='ltr'>velutei</span> <span class='ocrx_word' id='word_1_59' title='bbox 773 947 910 1002; x_wconf 87' lang='lat' dir='ltr'>pueris</span> <span class='ocrx_word' id='word_1_60' title='bbox 929 947 1133 989; x_wconf 84' lang='lat' dir='ltr'>absinthia</span> <span class='ocrx_word' id='word_1_61' title='bbox 1152 955 1258 988; x_wconf 86' lang='lat' dir='ltr'>tetra</span> <span class='ocrx_word' id='word_1_62' title='bbox 1275 946 1486 987; x_wconf 86' lang='lat' dir='ltr'>medentes</span> 
     </span>
     <span class='ocr_line' id='line_1_11' title="bbox 463 1019 1584 1075; baseline -0.002 -13"><span class='ocrx_word' id='word_1_63' title='bbox 463 1020 605 1070; x_wconf 86' lang='lat' dir='ltr'>Quom</span> <span class='ocrx_word' id='word_1_64' title='bbox 626 1020 725 1061; x_wconf 83' lang='lat' dir='ltr'>dare</span> <span class='ocrx_word' id='word_1_65' title='bbox 745 1027 962 1070; x_wconf 81' lang='lat' dir='ltr'>conantur,</span> <span class='ocrx_word' id='word_1_66' title='bbox 984 1020 1099 1075; x_wconf 86' lang='lat' dir='ltr'>prius</span> <span class='ocrx_word' id='word_1_67' title='bbox 1119 1035 1226 1070; x_wconf 88' lang='lat' dir='ltr'>oras,</span> <span class='ocrx_word' id='word_1_68' title='bbox 1248 1019 1395 1074; x_wconf 85' lang='lat' dir='ltr'>pocula</span> <span class='ocrx_word' id='word_1_69' title='bbox 1413 1020 1584 1069; x_wconf 87' lang='lat' dir='ltr'>circum,</span> 
     </span>
     <span class='ocr_line' id='line_1_12' title="bbox 465 1094 1401 1152; baseline -0.001 -16"><span class='ocrx_word' id='word_1_70' title='bbox 465 1095 727 1152; x_wconf 86' lang='lat' dir='ltr'>Contingunt</span> <span class='ocrx_word' id='word_1_71' title='bbox 746 1095 874 1136; x_wconf 89' lang='lat' dir='ltr'>mellis</span> <span class='ocrx_word' id='word_1_72' title='bbox 895 1094 1004 1136; x_wconf 91' lang='lat' dir='ltr'>dulci</span> <span class='ocrx_word' id='word_1_73' title='bbox 1023 1094 1210 1150; x_wconf 87' lang='lat' dir='ltr'>flavoque</span> <span class='ocrx_word' id='word_1_74' title='bbox 1229 1094 1401 1150; x_wconf 89' lang='lat' dir='ltr'>liquore,</span> 
     </span>
    </p>
   </div>
   <div class='ocr_carea' id='block_1_6' title="bbox 317 1252 1047 1744">
    <p class='ocr_par' dir='ltr' id='par_1_9' title="bbox 317 1252 1047 1744">
     <span class='ocr_line' id='line_1_13' title="bbox 317 1252 1045 1293; baseline 0.003 -10"><span class='ocrx_word' id='word_1_75' title='bbox 317 1253 338 1283; x_wconf 87' lang='lat' dir='ltr'>i.</span> <span class='ocrx_word' id='word_1_76' title='bbox 353 1263 381 1283; x_wconf 90' lang='lat' dir='ltr'>e.</span> <span class='ocrx_word' id='word_1_77' title='bbox 406 1262 446 1283; x_wconf 87' lang='lat' dir='ltr'>ne</span> <span class='ocrx_word' id='word_1_78' title='bbox 461 1252 629 1291; x_wconf 85' lang='lat' dir='ltr'>videretur,</span> <span class='ocrx_word' id='word_1_79' title='bbox 654 1263 718 1283; x_wconf 90' lang='lat' dir='ltr'>non</span> <span class='ocrx_word' id='word_1_80' title='bbox 740 1253 811 1283; x_wconf 92' lang='lat' dir='ltr'>dico</span> <span class='ocrx_word' id='word_1_81' title='bbox 829 1260 964 1293; x_wconf 75' lang='lat' dir='ltr'>gustare,</span> <span class='ocrx_word' id='word_1_82' title='bbox 991 1252 1045 1285; x_wconf 85' lang='lat' dir='ltr'>sed</span> 
     </span>
     <span class='ocr_line' id='line_1_14' title="bbox 318 1303 1045 1345; baseline 0.003 -11"><span class='ocrx_word' id='word_1_83' title='bbox 318 1303 367 1334; x_wconf 80' lang='lat' dir='ltr'>vel</span> <span class='ocrx_word' id='word_1_84' title='bbox 381 1306 514 1335; x_wconf 83' lang='lat' dir='ltr'>delibare</span> <span class='ocrx_word' id='word_1_85' title='bbox 519 1319 531 1340; x_wconf 86' lang='lat'>,·</span> <span class='ocrx_word' id='word_1_86' title='bbox 558 1314 615 1335; x_wconf 87' lang='lat' dir='ltr'>nec</span> <span class='ocrx_word' id='word_1_87' title='bbox 630 1316 752 1344; x_wconf 76' lang='lat' dir='ltr'>corpore</span> <span class='ocrx_word' id='word_1_88' title='bbox 767 1304 972 1345; x_wconf 87' lang='lat' dir='ltr'>indulgendo,</span> <span class='ocrx_word' id='word_1_89' title='bbox 990 1305 1045 1336; x_wconf 89' lang='lat' dir='ltr'>sed</span> 
     </span>
     <span class='ocr_line' id='line_1_15' title="bbox 317 1356 1044 1397; baseline 0 -10"><span class='ocrx_word' id='word_1_90' title='bbox 317 1367 358 1386; x_wconf 88' lang='lat' dir='ltr'>ne</span> <span class='ocrx_word' id='word_1_91' title='bbox 373 1358 469 1387; x_wconf 81' lang='lat' dir='ltr'>oculis</span> <span class='ocrx_word' id='word_1_92' title='bbox 484 1356 620 1397; x_wconf 87' lang='lat' dir='ltr'>quidem.</span> <span class='ocrx_word' id='word_1_93' title='bbox 664 1357 810 1387; x_wconf 86' lang='lat' dir='ltr'>Editores</span> <span class='ocrx_word' id='word_1_94' title='bbox 823 1357 974 1387; x_wconf 88' lang='lat' dir='ltr'>omittunt</span> <span class='ocrx_word' id='word_1_95' title='bbox 988 1359 1044 1394; x_wconf 81' lang='lat' dir='ltr'>vel,-</span> 
     </span>
     <span class='ocr_line' id='line_1_16' title="bbox 318 1406 1046 1447; baseline 0 -10"><span class='ocrx_word' id='word_1_96' title='bbox 318 1406 383 1438; x_wconf 70' lang='lat' dir='ltr'>unii</span> <span class='ocrx_word' id='word_1_97' title='bbox 397 1407 490 1447; x_wconf 69' lang='lat' dir='ltr'>opera</span> <span class='ocrx_word' id='word_1_98' title='bbox 506 1407 623 1438; x_wconf 89' lang='lat' dir='ltr'>viribus</span> <span class='ocrx_word' id='word_1_99' title='bbox 637 1407 742 1437; x_wconf 83' lang='lat' dir='ltr'>fractis</span> <span class='ocrx_word' id='word_1_100' title='bbox 755 1407 924 1443; x_wconf 82' lang='lat' dir='ltr'>sententiae,</span> <span class='ocrx_word' id='word_1_101' title='bbox 945 1407 1046 1438; x_wconf 87' lang='lat' dir='ltr'>demi-</span> 
     </span>
     <span class='ocr_line' id='line_1_17' title="bbox 319 1458 1046 1497; baseline 0 -9"><span class='ocrx_word' id='word_1_102' title='bbox 319 1463 399 1488; x_wconf 86' lang='lat' dir='ltr'>nuto</span> <span class='ocrx_word' id='word_1_103' title='bbox 424 1458 562 1497; x_wconf 84' lang='lat' dir='ltr'>pondere</span> <span class='ocrx_word' id='word_1_104' title='bbox 590 1460 767 1495; x_wconf 85' lang='lat' dir='ltr'>verborum,</span> <span class='ocrx_word' id='word_1_105' title='bbox 804 1465 835 1488; x_wconf 88' lang='lat' dir='ltr'>et</span> <span class='ocrx_word' id='word_1_106' title='bbox 863 1458 1046 1488; x_wconf 85' lang='lat' dir='ltr'>auctoritate</span> 
     </span>
     <span class='ocr_line' id='line_1_18' title="bbox 318 1508 1047 1549; baseline 0 -10"><span class='ocrx_word' id='word_1_107' title='bbox 318 1509 471 1540; x_wconf 88' lang='lat' dir='ltr'>librorum</span> <span class='ocrx_word' id='word_1_108' title='bbox 487 1509 671 1549; x_wconf 85' lang='lat' dir='ltr'>scriptorum</span> <span class='ocrx_word' id='word_1_109' title='bbox 695 1508 883 1540; x_wconf 68' lang='lat' dir='ltr'>conculcata.</span> <span class='ocrx_word' id='word_1_110' title='bbox 928 1510 1047 1539; x_wconf 88' lang='lat' dir='ltr'>Versus</span> 
     </span>
     <span class='ocr_line' id='line_1_19' title="bbox 318 1560 1046 1600; baseline -0.001 -9"><span class='ocrx_word' id='word_1_111' title='bbox 318 1566 426 1590; x_wconf 87' lang='lat' dir='ltr'>autem</span> <span class='ocrx_word' id='word_1_112' title='bbox 441 1567 514 1591; x_wconf 91' lang='lat' dir='ltr'>sunt</span> <span class='ocrx_word' id='word_1_113' title='bbox 530 1560 710 1596; x_wconf 86' lang='lat' dir='ltr'>Maniliani,</span> <span class='ocrx_word' id='word_1_114' title='bbox 732 1561 923 1600; x_wconf 83' lang='lat' dir='ltr'>po&#39;e&#39;ticarum</span> <span class='ocrx_word' id='word_1_115' title='bbox 940 1561 1046 1590; x_wconf 86' lang='lat' dir='ltr'>Vene-</span> 
     </span>
     <span class='ocr_line' id='line_1_20' title="bbox 318 1611 1046 1650; baseline 0.001 -10"><span class='ocrx_word' id='word_1_116' title='bbox 318 1621 392 1641; x_wconf 85' lang='lat' dir='ltr'>rum</span> <span class='ocrx_word' id='word_1_117' title='bbox 406 1611 518 1647; x_wconf 80' lang='lat' dir='ltr'>referti,</span> <span class='ocrx_word' id='word_1_118' title='bbox 530 1617 561 1641; x_wconf 89' lang='lat' dir='ltr'>et</span> <span class='ocrx_word' id='word_1_119' title='bbox 572 1612 615 1641; x_wconf 85' lang='lat' dir='ltr'>ita</span> <span class='ocrx_word' id='word_1_120' title='bbox 628 1611 807 1650; x_wconf 84' lang='lat' dir='ltr'>comparati,</span> <span class='ocrx_word' id='word_1_121' title='bbox 823 1617 859 1641; x_wconf 92' lang='lat' dir='ltr'>ut</span> <span class='ocrx_word' id='word_1_122' title='bbox 870 1611 966 1641; x_wconf 81' lang='lat' dir='ltr'>videri</span> <span class='ocrx_word' id='word_1_123' title='bbox 977 1621 1046 1650; x_wconf 88' lang='lat' dir='ltr'>pos·</span> 
     </span>
     <span class='ocr_line' id='line_1_21' title="bbox 320 1661 1046 1701; baseline 0 -9"><span class='ocrx_word' id='word_1_124' title='bbox 320 1663 384 1692; x_wconf 87' lang='lat' dir='ltr'>sint</span> <span class='ocrx_word' id='word_1_125' title='bbox 399 1662 538 1693; x_wconf 88' lang='lat' dir='ltr'>Lucretii</span> <span class='ocrx_word' id='word_1_126' title='bbox 553 1662 660 1692; x_wconf 91' lang='lat' dir='ltr'>locum</span> <span class='ocrx_word' id='word_1_127' title='bbox 675 1661 754 1692; x_wconf 81' lang='lat' dir='ltr'>velle</span> <span class='ocrx_word' id='word_1_128' title='bbox 769 1662 870 1692; x_wconf 83' lang='lat' dir='ltr'>fusius</span> <span class='ocrx_word' id='word_1_129' title='bbox 883 1672 1046 1701; x_wconf 86' lang='lat' dir='ltr'>exponere,</span> 
     </span>
     <span class='ocr_line' id='line_1_22' title="bbox 320 1712 419 1744; baseline 0.02 -3"><span class='ocrx_word' id='word_1_130' title='bbox 320 1712 352 1743; x_wconf 84' lang='lat' dir='ltr'>ii.</span> <span class='ocrx_word' id='word_1_131' title='bbox 369 1715 419 1744; x_wconf 81' lang='lat'>49.</span> 
     </span>
    </p>
   </div>
   <div class='ocr_carea' id='block_1_7' title="bbox 348 1794 1050 2184">
    <p class='ocr_par' dir='ltr' id='par_1_10' title="bbox 350 1794 998 1826">
     <span class='ocr_line' id='line_1_23' title="bbox 350 1794 998 1826; baseline -0.002 -7"><span class='ocrx_word' id='word_1_132' title='bbox 350 1795 440 1820; x_wconf 87' lang='lat' dir='ltr'>Omne</span> <span class='ocrx_word' id='word_1_133' title='bbox 450 1800 534 1826; x_wconf 83' lang='lat' dir='ltr'>genus</span> <span class='ocrx_word' id='word_1_134' title='bbox 542 1801 633 1820; x_wconf 86' lang='lat' dir='ltr'>rerum</span> <span class='ocrx_word' id='word_1_135' title='bbox 645 1795 736 1819; x_wconf 85' lang='lat' dir='ltr'>doctae</span> <span class='ocrx_word' id='word_1_136' title='bbox 748 1794 869 1820; x_wconf 83' lang='lat' dir='ltr'>cecinere</span> <span class='ocrx_word' id='word_1_137' title='bbox 879 1799 998 1824; x_wconf 77' lang='lat' dir='ltr'>sorores3</span> 
     </span>
    </p>

    <p class='ocr_par' dir='ltr' id='par_1_11' title="bbox 348 1834 997 1860">
     <span class='ocr_line' id='line_1_24' title="bbox 348 1834 997 1860; baseline 0 -2"><span class='ocrx_word' id='word_1_138' title='bbox 348 1835 443 1859; x_wconf 87' lang='lat' dir='ltr'>Omnis</span> <span class='ocrx_word' id='word_1_139' title='bbox 451 1836 485 1859; x_wconf 88' lang='lat' dir='ltr'>ad</span> <span class='ocrx_word' id='word_1_140' title='bbox 495 1841 614 1860; x_wconf 81' lang='lat' dir='ltr'>accessus</span> <span class='ocrx_word' id='word_1_141' title='bbox 626 1834 759 1859; x_wconf 82' lang='lat' dir='ltr'>Heliconis</span> <span class='ocrx_word' id='word_1_142' title='bbox 771 1835 858 1859; x_wconf 78' lang='lat' dir='ltr'>semita</span> <span class='ocrx_word' id='word_1_143' title='bbox 870 1834 933 1859; x_wconf 76' lang='lat' dir='ltr'>trita</span> <span class='ocrx_word' id='word_1_144' title='bbox 945 1838 997 1860; x_wconf 84' lang='lat' dir='ltr'>est:</span> 
     </span>
    </p>

    <p class='ocr_par' dir='ltr' id='par_1_12' title="bbox 350 1874 972 1906">
     <span class='ocr_line' id='line_1_25' title="bbox 350 1874 972 1906; baseline 0 -8"><span class='ocrx_word' id='word_1_145' title='bbox 350 1875 384 1898; x_wconf 84' lang='lat' dir='ltr'>Et</span> <span class='ocrx_word' id='word_1_146' title='bbox 393 1875 450 1905; x_wconf 89' lang='lat' dir='ltr'>jam</span> <span class='ocrx_word' id='word_1_147' title='bbox 466 1874 564 1906; x_wconf 68' lang='lat' dir='ltr'>confrui</span> <span class='ocrx_word' id='word_1_148' title='bbox 573 1878 686 1899; x_wconf 88' lang='lat' dir='ltr'>manant</span> <span class='ocrx_word' id='word_1_149' title='bbox 698 1875 732 1900; x_wconf 92' lang='lat' dir='ltr'>de</span> <span class='ocrx_word' id='word_1_150' title='bbox 743 1874 864 1899; x_wconf 85' lang='lat' dir='ltr'>fontibus</span> <span class='ocrx_word' id='word_1_151' title='bbox 875 1881 972 1904; x_wconf 82' lang='lat' dir='ltr'>amnes,</span> 
     </span>
    </p>

    <p class='ocr_par' dir='ltr' id='par_1_13' title="bbox 350 1913 1049 1978">
     <span class='ocr_line' id='line_1_26' title="bbox 350 1913 1049 1945; baseline -0.001 -7"><span class='ocrx_word' id='word_1_152' title='bbox 350 1915 405 1939; x_wconf 87' lang='lat' dir='ltr'>Nec</span> <span class='ocrx_word' id='word_1_153' title='bbox 415 1914 527 1945; x_wconf 88' lang='lat' dir='ltr'>capiunt</span> <span class='ocrx_word' id='word_1_154' title='bbox 537 1914 676 1944; x_wconf 85' lang='lat' dir='ltr'>haustum,</span> <span class='ocrx_word' id='word_1_155' title='bbox 692 1914 856 1945; x_wconf 81' lang='lat' dir='ltr'>turbamque</span> <span class='ocrx_word' id='word_1_156' title='bbox 871 1913 906 1938; x_wconf 82' lang='lat' dir='ltr'>ad</span> <span class='ocrx_word' id='word_1_157' title='bbox 925 1917 990 1938; x_wconf 85' lang='lat' dir='ltr'>nota</span> <span class='ocrx_word' id='word_1_158' title='bbox 1006 1919 1049 1937; x_wconf 91' lang='lat' dir='ltr'>ru-</span> 
     </span>
     <span class='ocr_line' id='line_1_27' title="bbox 444 1956 546 1978; baseline -0.01 0"><span class='ocrx_word' id='word_1_159' title='bbox 444 1956 546 1978; x_wconf 85' lang='lat' dir='ltr'>entem.</span> 
     </span>
    </p>

    <p class='ocr_par' dir='ltr' id='par_1_14' title="bbox 351 1992 1018 2024">
     <span class='ocr_line' id='line_1_28' title="bbox 351 1992 1018 2024; baseline 0.001 -9"><span class='ocrx_word' id='word_1_160' title='bbox 351 1995 453 2023; x_wconf 72' lang='lat' dir='ltr'>Integra</span> <span class='ocrx_word' id='word_1_161' title='bbox 465 1998 620 2023; x_wconf 83' lang='lat' dir='ltr'>quaeramus</span> <span class='ocrx_word' id='word_1_162' title='bbox 632 1995 751 2017; x_wconf 85' lang='lat' dir='ltr'>rorantes</span> <span class='ocrx_word' id='word_1_163' title='bbox 765 1995 842 2023; x_wconf 78' lang='lat' dir='ltr'>prata</span> <span class='ocrx_word' id='word_1_164' title='bbox 855 1999 903 2024; x_wconf 89' lang='lat' dir='ltr'>per</span> <span class='ocrx_word' id='word_1_165' title='bbox 914 1992 1018 2021; x_wconf 83' lang='lat' dir='ltr'>herbas,</span> 
     </span>
    </p>

    <p class='ocr_par' dir='ltr' id='par_1_15' title="bbox 352 2031 1050 2096">
     <span class='ocr_line' id='line_1_29' title="bbox 352 2031 1050 2063; baseline 0 -7"><span class='ocrx_word' id='word_1_166' title='bbox 352 2032 516 2063; x_wconf 74' lang='lat' dir='ltr'>undamque</span> <span class='ocrx_word' id='word_1_167' title='bbox 527 2031 640 2057; x_wconf 77' lang='lat' dir='ltr'>occultis</span> <span class='ocrx_word' id='word_1_168' title='bbox 650 2032 830 2057; x_wconf 86' lang='lat' dir='ltr'>meditantem</span> <span class='ocrx_word' id='word_1_169' title='bbox 837 2038 962 2056; x_wconf 89' lang='lat' dir='ltr'>murmur</span> <span class='ocrx_word' id='word_1_170' title='bbox 971 2032 996 2056; x_wconf 86' lang='lat' dir='ltr'>in</span> <span class='ocrx_word' id='word_1_171' title='bbox 1004 2038 1050 2056; x_wconf 89' lang='lat' dir='ltr'>an-</span> 
     </span>
     <span class='ocr_line' id='line_1_30' title="bbox 445 2072 505 2096; baseline -0.017 0"><span class='ocrx_word' id='word_1_172' title='bbox 445 2072 505 2096; x_wconf 83' lang='lat' dir='ltr'>tris:</span> 
     </span>
    </p>

    <p class='ocr_par' dir='ltr' id='par_1_16' title="bbox 351 2111 989 2143">
     <span class='ocr_line' id='line_1_31' title="bbox 351 2111 989 2143; baseline 0 -8"><span class='ocrx_word' id='word_1_173' title='bbox 351 2113 441 2143; x_wconf 81' lang='lat' dir='ltr'>Quam</span> <span class='ocrx_word' id='word_1_174' title='bbox 453 2118 541 2142; x_wconf 86' lang='lat' dir='ltr'>neque</span> <span class='ocrx_word' id='word_1_175' title='bbox 551 2112 648 2136; x_wconf 88' lang='lat' dir='ltr'>durato</span> <span class='ocrx_word' id='word_1_176' title='bbox 660 2112 792 2143; x_wconf 81' lang='lat' dir='ltr'>gustarint</span> <span class='ocrx_word' id='word_1_177' title='bbox 802 2118 847 2136; x_wconf 92' lang='lat' dir='ltr'>ore</span> <span class='ocrx_word' id='word_1_178' title='bbox 856 2111 989 2141; x_wconf 87' lang='lat' dir='ltr'>volucres,</span> 
     </span>
    </p>

    <p class='ocr_par' dir='ltr' id='par_1_17' title="bbox 353 2150 940 2184">
     <span class='ocr_line' id='line_1_32' title="bbox 353 2150 940 2184; baseline -0.003 -8"><span class='ocrx_word' id='word_1_179' title='bbox 353 2153 412 2184; x_wconf 84' lang='lat' dir='ltr'>lpse</span> <span class='ocrx_word' id='word_1_180' title='bbox 422 2158 472 2177; x_wconf 87' lang='lat' dir='ltr'>nec</span> <span class='ocrx_word' id='word_1_181' title='bbox 485 2151 599 2177; x_wconf 79' lang='lat' dir='ltr'>aetherio</span> <span class='ocrx_word' id='word_1_182' title='bbox 610 2151 727 2177; x_wconf 83' lang='lat' dir='ltr'>Phoebus</span> <span class='ocrx_word' id='word_1_183' title='bbox 734 2150 859 2175; x_wconf 79' lang='lat' dir='ltr'>libaverit</span> <span class='ocrx_word' id='word_1_184' title='bbox 869 2151 940 2182; x_wconf 80' lang='lat' dir='ltr'>igne.</span> 
     </span>
    </p>
   </div>
   <div class='ocr_carea' id='block_1_8' title="bbox 312 2222 1055 2932">
    <p class='ocr_par' dir='ltr' id='par_1_18' title="bbox 322 2222 1055 2673">
     <span class='ocr_line' id='line_1_33' title="bbox 324 2222 1051 2261; baseline -0.004 -7"><span class='ocrx_word' id='word_1_185' title='bbox 324 2223 452 2254; x_wconf 87' lang='lat' dir='ltr'>Addam</span> <span class='ocrx_word' id='word_1_186' title='bbox 464 2234 528 2254; x_wconf 88' lang='lat' dir='ltr'>non</span> <span class='ocrx_word' id='word_1_187' title='bbox 539 2223 725 2253; x_wconf 86' lang='lat' dir='ltr'>indisertum</span> <span class='ocrx_word' id='word_1_188' title='bbox 736 2222 928 2261; x_wconf 86' lang='lat' dir='ltr'>scriptorem,</span> <span class='ocrx_word' id='word_1_189' title='bbox 941 2222 1051 2252; x_wconf 71' lang='lat' dir='ltr'>Mirtu-</span> 
     </span>
     <span class='ocr_line' id='line_1_34' title="bbox 322 2273 1055 2313; baseline -0.003 -9"><span class='ocrx_word' id='word_1_190' title='bbox 322 2275 409 2304; x_wconf 87' lang='lat' dir='ltr'>cium</span> <span class='ocrx_word' id='word_1_191' title='bbox 425 2275 570 2311; x_wconf 81' lang='lat' dir='ltr'>Felicem,</span> <span class='ocrx_word' id='word_1_192' title='bbox 586 2279 658 2304; x_wconf 86' lang='lat' dir='ltr'>sect.</span> <span class='ocrx_word' id='word_1_193' title='bbox 676 2276 727 2305; x_wconf 89' lang='lat'>15.</span> <span class='ocrx_word' id='word_1_194' title='bbox 753 2277 776 2292; x_wconf 91' lang='lat'><strong>“</strong></span> <span class='ocrx_word' id='word_1_195' title='bbox 793 2273 940 2311; x_wconf 81' lang='lat' dir='ltr'>Decedis,</span> <span class='ocrx_word' id='word_1_196' title='bbox 951 2273 1055 2313; x_wconf 90' lang='lat' dir='ltr'>inquit</span> 
     </span>
     <span class='ocr_line' id='line_1_35' title="bbox 323 2325 1053 2366; baseline -0.004 -9"><span class='ocrx_word' id='word_1_197' title='bbox 323 2329 345 2344; x_wconf 88' lang='lat'><strong>“</strong></span> <span class='ocrx_word' id='word_1_198' title='bbox 365 2326 521 2365; x_wconf 67' lang='lat' dir='ltr'>Caecilius,</span> <span class='ocrx_word' id='word_1_199' title='bbox 545 2326 648 2357; x_wconf 89' lang='lat' dir='ltr'>officio</span> <span class='ocrx_word' id='word_1_200' title='bbox 666 2325 786 2366; x_wconf 85' lang='lat' dir='ltr'>judicis</span> <span class='ocrx_word' id='word_1_201' title='bbox 800 2325 951 2366; x_wconf 82' lang='lat' dir='ltr'>religiosi:</span> <span class='ocrx_word' id='word_1_202' title='bbox 979 2335 1053 2355; x_wconf 87' lang='lat' dir='ltr'>nam</span> 
     </span>
     <span class='ocr_line' id='line_1_36' title="bbox 323 2376 1054 2418; baseline -0.003 -10"><span class='ocrx_word' id='word_1_203' title='bbox 323 2380 346 2395; x_wconf 75' lang='lat'>‘⁵</span> <span class='ocrx_word' id='word_1_204' title='bbox 361 2377 570 2418; x_wconf 85' lang='lat' dir='ltr'>perinjurium</span> <span class='ocrx_word' id='word_1_205' title='bbox 595 2383 648 2413; x_wconf 84' lang='lat' dir='ltr'>est,</span> <span class='ocrx_word' id='word_1_206' title='bbox 671 2376 751 2407; x_wconf 83' lang='lat' dir='ltr'>vires</span> <span class='ocrx_word' id='word_1_207' title='bbox 779 2383 810 2407; x_wconf 85' lang='lat' dir='ltr'>te</span> <span class='ocrx_word' id='word_1_208' title='bbox 830 2376 960 2407; x_wconf 85' lang='lat' dir='ltr'>actionis</span> <span class='ocrx_word' id='word_1_209' title='bbox 975 2386 1054 2406; x_wconf 86' lang='lat' dir='ltr'>meae</span> 
     </span>
     <span class='ocr_line' id='line_1_37' title="bbox 323 2427 1052 2468; baseline -0.001 -10"><span class='ocrx_word' id='word_1_210' title='bbox 323 2430 345 2445; x_wconf 90' lang='lat'><strong>“</strong></span> <span class='ocrx_word' id='word_1_211' title='bbox 361 2428 550 2468; x_wconf 83' lang='lat' dir='ltr'>intergressu</span> <span class='ocrx_word' id='word_1_212' title='bbox 565 2427 756 2468; x_wconf 85' lang='lat' dir='ltr'>gravissimae</span> <span class='ocrx_word' id='word_1_213' title='bbox 771 2427 989 2466; x_wconf 75' lang='lat' dir='ltr'>disputationis</span> <span class='ocrx_word' id='word_1_214' title='bbox 1004 2427 1052 2457; x_wconf 88' lang='lat' dir='ltr'>iu-</span> 
     </span>
     <span class='ocr_line' id='line_1_38' title="bbox 323 2479 1051 2520; baseline 0.001 -11"><span class='ocrx_word' id='word_1_215' title='bbox 323 2483 344 2497; x_wconf 89' lang='lat'><strong><em>“</em></strong></span> <span class='ocrx_word' id='word_1_216' title='bbox 360 2479 507 2520; x_wconf 85' lang='lat' dir='ltr'>fringere,</span> <span class='ocrx_word' id='word_1_217' title='bbox 516 2490 590 2510; x_wconf 91' lang='lat' dir='ltr'>cum</span> <span class='ocrx_word' id='word_1_218' title='bbox 601 2479 754 2511; x_wconf 75' lang='lat' dir='ltr'>Octavius</span> <span class='ocrx_word' id='word_1_219' title='bbox 762 2481 880 2519; x_wconf 76' lang='lat' dir='ltr'>integra</span> <span class='ocrx_word' id='word_1_220' title='bbox 893 2486 923 2510; x_wconf 90' lang='lat' dir='ltr'>et</span> <span class='ocrx_word' id='word_1_221' title='bbox 933 2481 1051 2510; x_wconf 77' lang='lat' dir='ltr'>illibata</span> 
     </span>
     <span class='ocr_line' id='line_1_39' title="bbox 324 2531 1053 2573; baseline -0.001 -11"><span class='ocrx_word' id='word_1_222' title='bbox 324 2535 346 2550; x_wconf 91' lang='lat'><strong>“</strong></span> <span class='ocrx_word' id='word_1_223' title='bbox 362 2533 475 2562; x_wconf 85' lang='lat' dir='ltr'>habeat</span> <span class='ocrx_word' id='word_1_224' title='bbox 485 2531 637 2573; x_wconf 84' lang='lat' dir='ltr'>singula.”</span> <span class='ocrx_word' id='word_1_225' title='bbox 674 2532 754 2563; x_wconf 88' lang='lat' dir='ltr'>Cato</span> <span class='ocrx_word' id='word_1_226' title='bbox 768 2531 801 2562; x_wconf 90' lang='lat' dir='ltr'>in</span> <span class='ocrx_word' id='word_1_227' title='bbox 819 2532 918 2568; x_wconf 88' lang='lat' dir='ltr'>Diris,</span> <span class='ocrx_word' id='word_1_228' title='bbox 936 2531 1053 2562; x_wconf 87' lang='lat' dir='ltr'>Statius</span> 
     </span>
     <span class='ocr_line' id='line_1_40' title="bbox 324 2582 1047 2620; baseline 0 -8"><span class='ocrx_word' id='word_1_229' title='bbox 324 2582 396 2619; x_wconf 85' lang='lat' dir='ltr'>plus</span> <span class='ocrx_word' id='word_1_230' title='bbox 409 2583 516 2620; x_wconf 86' lang='lat' dir='ltr'>semel,</span> <span class='ocrx_word' id='word_1_231' title='bbox 540 2584 597 2613; x_wconf 87' lang='lat' dir='ltr'>hos</span> <span class='ocrx_word' id='word_1_232' title='bbox 619 2582 722 2613; x_wconf 84' lang='lat' dir='ltr'>fontes</span> <span class='ocrx_word' id='word_1_233' title='bbox 736 2590 832 2615; x_wconf 76' lang='lat' dir='ltr'>castos</span> <span class='ocrx_word' id='word_1_234' title='bbox 847 2588 1047 2614; x_wconf 85' lang='lat' dir='ltr'>vocaverunt:</span> 
     </span>
     <span class='ocr_line' id='line_1_41' title="bbox 325 2633 982 2673; baseline 0.006 -11"><span class='ocrx_word' id='word_1_235' title='bbox 325 2633 395 2664; x_wconf 82' lang='lat' dir='ltr'>vide</span> <span class='ocrx_word' id='word_1_236' title='bbox 412 2635 598 2673; x_wconf 89' lang='lat' dir='ltr'>Heinsium,</span> <span class='ocrx_word' id='word_1_237' title='bbox 614 2634 654 2665; x_wconf 88' lang='lat' dir='ltr'>ad</span> <span class='ocrx_word' id='word_1_238' title='bbox 671 2634 762 2666; x_wconf 84' lang='lat' dir='ltr'>Ovid.</span> <span class='ocrx_word' id='word_1_239' title='bbox 780 2635 848 2665; x_wconf 81' lang='lat' dir='ltr'>fast.</span> <span class='ocrx_word' id='word_1_240' title='bbox 864 2635 894 2665; x_wconf 88' lang='lat' dir='ltr'>ii.</span> <span class='ocrx_word' id='word_1_241' title='bbox 914 2638 982 2666; x_wconf 86' lang='lat'>174.</span> 
     </span>
    </p>

    <p class='ocr_par' dir='ltr' id='par_1_19' title="bbox 312 2685 1054 2828">
     <span class='ocr_line' id='line_1_42' title="bbox 367 2685 1053 2728; baseline 0.001 -13"><span class='ocrx_word' id='word_1_242' title='bbox 367 2685 443 2716; x_wconf 84' lang='lat' dir='ltr'>Ver.</span> <span class='ocrx_word' id='word_1_243' title='bbox 458 2690 488 2717; x_wconf 82' lang='lat'>5.</span> <span class='ocrx_word' id='word_1_244' title='bbox 512 2688 630 2727; x_wconf 82' lang='lat' dir='ltr'>Atque:</span> <span class='ocrx_word' id='word_1_245' title='bbox 658 2693 705 2718; x_wconf 82' lang='grc' dir='ltr'>Ω.</span> <span class='ocrx_word' id='word_1_246' title='bbox 731 2688 983 2728; x_wconf 79' lang='lat' dir='ltr'>At.—juvatque:</span> <span class='ocrx_word' id='word_1_247' title='bbox 1012 2694 1053 2717; x_wconf 83' lang='grc' dir='ltr'>Π.</span> 
     </span>
     <span class='ocr_line' id='line_1_43' title="bbox 312 2737 1054 2780; baseline 0.003 -13"><span class='ocrx_word' id='word_1_248' title='bbox 312 2737 635 2779; x_wconf 59' lang='grc' dir='ltr'>ιᾖαυιιι.-·(Ιεῑι;ι,ἰ·]νενε.·</span> <span class='ocrx_word' id='word_1_249' title='bbox 671 2739 709 2770; x_wconf 88' lang='grc' dir='ltr'>Β.</span> <span class='ocrx_word' id='word_1_250' title='bbox 735 2741 908 2780; x_wconf 79' lang='lat' dir='ltr'>decrepere;</span> <span class='ocrx_word' id='word_1_251' title='bbox 935 2745 979 2770; x_wconf 82' lang='grc' dir='ltr'>Ω.</span> <span class='ocrx_word' id='word_1_252' title='bbox 1003 2741 1054 2769; x_wconf 76' lang='lat' dir='ltr'>(lc-</span> 
     </span>
     <span class='ocr_line' id='line_1_44' title="bbox 326 2799 436 2828; baseline 0 -9"><span class='ocrx_word' id='word_1_253' title='bbox 326 2799 436 2828; x_wconf 74' lang='lat' dir='ltr'>cepere.</span> 
     </span>
    </p>

    <p class='ocr_par' dir='ltr' id='par_1_20' title="bbox 331 2839 1055 2932">
     <span class='ocr_line' id='line_1_45' title="bbox 370 2839 1055 2879; baseline 0.004 -10"><span class='ocrx_word' id='word_1_254' title='bbox 370 2839 443 2870; x_wconf 80' lang='lat' dir='ltr'>Ver.</span> <span class='ocrx_word' id='word_1_255' title='bbox 459 2843 488 2870; x_wconf 83' lang='lat'>4.</span> <span class='ocrx_word' id='word_1_256' title='bbox 508 2847 627 2879; x_wconf 78' lang='lat' dir='ltr'>petere:</span> <span class='ocrx_word' id='word_1_257' title='bbox 652 2842 772 2879; x_wconf 82' lang='lat' dir='ltr'>malim,</span> <span class='ocrx_word' id='word_1_258' title='bbox 788 2849 915 2879; x_wconf 61' lang='grc' dir='ltr'>κείω-0,·</span> <span class='ocrx_word' id='word_1_259' title='bbox 932 2842 997 2874; x_wconf 88' lang='lat' dir='ltr'>redi</span> <span class='ocrx_word' id='word_1_260' title='bbox 1015 2841 1055 2872; x_wconf 88' lang='lat' dir='ltr'>ad</span> 
     </span>
     <span class='ocr_line' id='line_1_46' title="bbox 331 2891 917 2932; baseline 0.009 -12"><span class='ocrx_word' id='word_1_261' title='bbox 331 2891 348 2921; x_wconf 89' lang='lat' dir='ltr'>i.</span> <span class='ocrx_word' id='word_1_262' title='bbox 363 2894 435 2923; x_wconf 73' lang='lat'>928.</span> <span class='ocrx_word' id='word_1_263' title='bbox 484 2891 534 2922; x_wconf 91' lang='lat' dir='ltr'>Sic</span> <span class='ocrx_word' id='word_1_264' title='bbox 552 2892 698 2932; x_wconf 79' lang='lat' dir='ltr'>Ovidius,</span> <span class='ocrx_word' id='word_1_265' title='bbox 714 2894 781 2925; x_wconf 79' lang='lat' dir='ltr'>fast.</span> <span class='ocrx_word' id='word_1_266' title='bbox 797 2894 828 2924; x_wconf 89' lang='lat' dir='ltr'>ii.</span> <span class='ocrx_word' id='word_1_267' title='bbox 846 2897 917 2925; x_wconf 83' lang='lat'>706.</span> 
     </span>
    </p>
   </div>
   <div class='ocr_carea' id='block_1_9' title="bbox 1315 1247 1664 1283">
    <p class='ocr_par' dir='ltr' id='par_1_21' title="bbox 1315 1247 1664 1283">
     <span class='ocr_line' id='line_1_47' title="bbox 1315 1247 1664 1283; baseline -0.009 -7"><span class='ocrx_word' id='word_1_268' title='bbox 1315 1250 1390 1283; x_wconf 73' lang='lat' dir='ltr'>virgi</span> <span class='ocrx_word' id='word_1_269' title='bbox 1401 1250 1456 1275; x_wconf 79' lang='lat' dir='ltr'>lilia</span> <span class='ocrx_word' id='word_1_270' title='bbox 1467 1254 1574 1274; x_wconf 79' lang='lat' dir='ltr'>summa</span> <span class='ocrx_word' id='word_1_271' title='bbox 1583 1247 1664 1273; x_wconf 76' lang='lat' dir='ltr'>metit.-</span> 
     </span>
    </p>
   </div>
   <div class='ocr_carea' id='block_1_10' title="bbox 1151 1265 1306 1272">
    <p class='ocr_par' dir='ltr' id='par_1_22' title="bbox 1151 1265 1306 1272">
     <span class='ocr_line' id='line_1_48' title="bbox 1151 1265 1306 1272; baseline 0 0"><span class='ocrx_word' id='word_1_272' title='bbox 1151 1265 1306 1272; x_wconf 95' lang='lat' dir='ltr'> </span> 
     </span>
    </p>
   </div>
   <div class='ocr_carea' id='block_1_11' title="bbox 1088 1313 1578 1351">
    <p class='ocr_par' dir='ltr' id='par_1_23' title="bbox 1088 1313 1578 1351">
     <span class='ocr_line' id='line_1_49' title="bbox 1088 1313 1578 1351; baseline -0.006 -7"><span class='ocrx_word' id='word_1_273' title='bbox 1088 1314 1142 1344; x_wconf 89' lang='lat' dir='ltr'>ubi</span> <span class='ocrx_word' id='word_1_274' title='bbox 1157 1319 1218 1344; x_wconf 87' lang='lat' dir='ltr'>tres</span> <span class='ocrx_word' id='word_1_275' title='bbox 1233 1313 1354 1344; x_wconf 86' lang='lat' dir='ltr'>codices</span> <span class='ocrx_word' id='word_1_276' title='bbox 1367 1313 1483 1342; x_wconf 89' lang='lat' dir='ltr'>habent</span> <span class='ocrx_word' id='word_1_277' title='bbox 1491 1313 1578 1351; x_wconf 81' lang='lat' dir='ltr'>petit.</span> 
     </span>
    </p>
   </div>
   <div class='ocr_carea' id='block_1_12' title="bbox 1086 1369 1822 2387">
    <p class='ocr_par' dir='ltr' id='par_1_24' title="bbox 1089 1369 1819 1567">
     <span class='ocr_line' id='line_1_50' title="bbox 1133 1369 1814 1405; baseline -0.006 -2"><span class='ocrx_word' id='word_1_278' title='bbox 1133 1374 1206 1404; x_wconf 87' lang='lat' dir='ltr'>Ver.</span> <span class='ocrx_word' id='word_1_279' title='bbox 1235 1376 1262 1404; x_wconf 88' lang='grc'>7.</span> <span class='ocrx_word' id='word_1_280' title='bbox 1293 1375 1449 1404; x_wconf 76' lang='lat' dir='ltr'>animum:</span> <span class='ocrx_word' id='word_1_281' title='bbox 1486 1369 1584 1400; x_wconf 83' lang='lat' dir='ltr'>Vind.</span> <span class='ocrx_word' id='word_1_282' title='bbox 1611 1371 1744 1405; x_wconf 77' lang='lat' dir='ltr'>animos,·</span> <span class='ocrx_word' id='word_1_283' title='bbox 1779 1374 1814 1399; x_wconf 79' lang='lat' dir='ltr'>ut</span> 
     </span>
     <span class='ocr_line' id='line_1_51' title="bbox 1089 1419 1818 1463; baseline -0.01 -8"><span class='ocrx_word' id='word_1_284' title='bbox 1089 1434 1275 1454; x_wconf 84' lang='lat' dir='ltr'>communes</span> <span class='ocrx_word' id='word_1_285' title='bbox 1289 1423 1379 1454; x_wconf 88' lang='lat' dir='ltr'>editi:</span> <span class='ocrx_word' id='word_1_286' title='bbox 1407 1432 1504 1463; x_wconf 86' lang='lat' dir='ltr'>quam</span> <span class='ocrx_word' id='word_1_287' title='bbox 1528 1426 1634 1451; x_wconf 68' lang='lat' dir='ltr'>tamen</span> <span class='ocrx_word' id='word_1_288' title='bbox 1657 1431 1676 1450; x_wconf 87' lang='lat' dir='ltr'>a</span> <span class='ocrx_word' id='word_1_289' title='bbox 1692 1419 1818 1460; x_wconf 85' lang='lat' dir='ltr'>reliquis</span> 
     </span>
     <span class='ocr_line' id='line_1_52' title="bbox 1089 1471 1819 1515; baseline -0.007 -9"><span class='ocrx_word' id='word_1_290' title='bbox 1089 1476 1175 1506; x_wconf 87' lang='lat' dir='ltr'>libris</span> <span class='ocrx_word' id='word_1_291' title='bbox 1189 1475 1430 1515; x_wconf 85' lang='lat' dir='ltr'>discrepantiam</span> <span class='ocrx_word' id='word_1_292' title='bbox 1444 1472 1646 1514; x_wconf 88' lang='lat' dir='ltr'>negligentiae</span> <span class='ocrx_word' id='word_1_293' title='bbox 1662 1471 1819 1502; x_wconf 84' lang='lat' dir='ltr'>collatoris</span> 
     </span>
     <span class='ocr_line' id='line_1_53' title="bbox 1091 1528 1410 1567; baseline -0.003 -9"><span class='ocrx_word' id='word_1_294' title='bbox 1091 1528 1310 1567; x_wconf 88' lang='lat' dir='ltr'>imputandam</span> <span class='ocrx_word' id='word_1_295' title='bbox 1323 1533 1410 1567; x_wconf 83' lang='lat' dir='ltr'>puto.</span> 
     </span>
    </p>

    <p class='ocr_par' dir='ltr' id='par_1_25' title="bbox 1086 1581 1821 1880">
     <span class='ocr_line' id='line_1_54' title="bbox 1134 1581 1817 1622; baseline -0.003 -10"><span class='ocrx_word' id='word_1_296' title='bbox 1134 1583 1207 1613; x_wconf 88' lang='lat' dir='ltr'>Ver.</span> <span class='ocrx_word' id='word_1_297' title='bbox 1226 1586 1254 1613; x_wconf 88' lang='lat'>8.</span> <span class='ocrx_word' id='word_1_298' title='bbox 1273 1584 1396 1622; x_wconf 81' lang='lat' dir='ltr'>pando:</span> <span class='ocrx_word' id='word_1_299' title='bbox 1425 1581 1519 1612; x_wconf 85' lang='lat' dir='ltr'>vind.</span> <span class='ocrx_word' id='word_1_300' title='bbox 1542 1581 1582 1612; x_wconf 90' lang='grc' dir='ltr'>Ο.</span> <span class='ocrx_word' id='word_1_301' title='bbox 1606 1585 1641 1612; x_wconf 84' lang='grc' dir='ltr'>Δ.</span> <span class='ocrx_word' id='word_1_302' title='bbox 1658 1587 1699 1611; x_wconf 87' lang='lat' dir='ltr'>n.</span> <span class='ocrx_word' id='word_1_303' title='bbox 1715 1584 1752 1612; x_wconf 80' lang='grc' dir='ltr'>Σ.</span> <span class='ocrx_word' id='word_1_304' title='bbox 1771 1586 1817 1610; x_wconf 83' lang='grc' dir='ltr'>Ω.</span> 
     </span>
     <span class='ocr_line' id='line_1_55' title="bbox 1086 1630 1821 1674; baseline -0.004 -10"><span class='ocrx_word' id='word_1_305' title='bbox 1086 1645 1207 1674; x_wconf 81' lang='lat' dir='ltr'>pango;</span> <span class='ocrx_word' id='word_1_306' title='bbox 1234 1639 1270 1663; x_wconf 86' lang='lat' dir='ltr'>ut</span> <span class='ocrx_word' id='word_1_307' title='bbox 1285 1633 1324 1664; x_wconf 86' lang='lat' dir='ltr'>ad</span> <span class='ocrx_word' id='word_1_308' title='bbox 1338 1634 1358 1663; x_wconf 89' lang='lat' dir='ltr'>i.</span> <span class='ocrx_word' id='word_1_309' title='bbox 1375 1637 1446 1665; x_wconf 82' lang='lat'>952.</span> <span class='ocrx_word' id='word_1_310' title='bbox 1467 1632 1523 1664; x_wconf 89' lang='lat' dir='ltr'>sed</span> <span class='ocrx_word' id='word_1_311' title='bbox 1537 1631 1719 1663; x_wconf 90' lang='lat' dir='ltr'>melioribus</span> <span class='ocrx_word' id='word_1_312' title='bbox 1733 1630 1821 1662; x_wconf 83' lang='lat' dir='ltr'>libris</span> 
     </span>
     <span class='ocr_line' id='line_1_56' title="bbox 1091 1684 1820 1725; baseline -0.003 -9"><span class='ocrx_word' id='word_1_313' title='bbox 1091 1696 1156 1716; x_wconf 90' lang='lat' dir='ltr'>non</span> <span class='ocrx_word' id='word_1_314' title='bbox 1171 1687 1260 1725; x_wconf 86' lang='lat' dir='ltr'>potui</span> <span class='ocrx_word' id='word_1_315' title='bbox 1275 1696 1340 1716; x_wconf 90' lang='lat' dir='ltr'>non</span> <span class='ocrx_word' id='word_1_316' title='bbox 1363 1686 1547 1722; x_wconf 85' lang='lat' dir='ltr'>auscultare,</span> <span class='ocrx_word' id='word_1_317' title='bbox 1571 1690 1603 1716; x_wconf 85' lang='lat' dir='ltr'>et</span> <span class='ocrx_word' id='word_1_318' title='bbox 1624 1684 1755 1722; x_wconf 84' lang='lat' dir='ltr'>nescias,</span> <span class='ocrx_word' id='word_1_319' title='bbox 1778 1693 1820 1714; x_wconf 86' lang='lat' dir='ltr'>an</span> 
     </span>
     <span class='ocr_line' id='line_1_57' title="bbox 1091 1734 1818 1767; baseline -0.003 0"><span class='ocrx_word' id='word_1_320' title='bbox 1091 1737 1256 1767; x_wconf 86' lang='lat' dir='ltr'>Lucretius</span> <span class='ocrx_word' id='word_1_321' title='bbox 1283 1737 1466 1767; x_wconf 81' lang='lat' dir='ltr'>varietatem</span> <span class='ocrx_word' id='word_1_322' title='bbox 1490 1736 1657 1767; x_wconf 85' lang='lat' dir='ltr'>locutionis</span> <span class='ocrx_word' id='word_1_323' title='bbox 1684 1734 1818 1766; x_wconf 86' lang='lat' dir='ltr'>carmini</span> 
     </span>
     <span class='ocr_line' id='line_1_58' title="bbox 1092 1787 1817 1829; baseline 0 -12"><span class='ocrx_word' id='word_1_324' title='bbox 1092 1788 1224 1818; x_wconf 83' lang='lat' dir='ltr'>voluerit</span> <span class='ocrx_word' id='word_1_325' title='bbox 1251 1799 1422 1829; x_wconf 85' lang='lat' dir='ltr'>aspergere.</span> <span class='ocrx_word' id='word_1_326' title='bbox 1482 1789 1612 1818; x_wconf 86' lang='lat' dir='ltr'>Harum</span> <span class='ocrx_word' id='word_1_327' title='bbox 1641 1787 1817 1818; x_wconf 86' lang='lat' dir='ltr'>dictionum</span> 
     </span>
     <span class='ocr_line' id='line_1_59' title="bbox 1091 1839 1766 1880; baseline 0 -10"><span class='ocrx_word' id='word_1_328' title='bbox 1091 1840 1374 1870; x_wconf 86' lang='lat' dir='ltr'>commutationem</span> <span class='ocrx_word' id='word_1_329' title='bbox 1386 1841 1454 1880; x_wconf 87' lang='lat' dir='ltr'>jam</span> <span class='ocrx_word' id='word_1_330' title='bbox 1468 1839 1604 1870; x_wconf 82' lang='lat' dir='ltr'>vidimus</span> <span class='ocrx_word' id='word_1_331' title='bbox 1618 1839 1659 1870; x_wconf 83' lang='lat' dir='ltr'>ad</span> <span class='ocrx_word' id='word_1_332' title='bbox 1673 1839 1696 1870; x_wconf 90' lang='lat' dir='ltr'>i.</span> <span class='ocrx_word' id='word_1_333' title='bbox 1713 1842 1766 1870; x_wconf 81' lang='lat'>26.</span> 
     </span>
    </p>

    <p class='ocr_par' dir='ltr' id='par_1_26' title="bbox 1093 1891 1822 2077">
     <span class='ocr_line' id='line_1_60' title="bbox 1137 1891 1822 1932; baseline -0.003 -11"><span class='ocrx_word' id='word_1_334' title='bbox 1137 1891 1212 1922; x_wconf 87' lang='lat' dir='ltr'>Ver.</span> <span class='ocrx_word' id='word_1_335' title='bbox 1246 1896 1273 1923; x_wconf 87' lang='lat'>9.</span> <span class='ocrx_word' id='word_1_336' title='bbox 1306 1894 1483 1932; x_wconf 76' lang='lat' dir='ltr'>contingens</span> <span class='ocrx_word' id='word_1_337' title='bbox 1489 1907 1500 1928; x_wconf 91' lang='lat'>‚·</span> <span class='ocrx_word' id='word_1_338' title='bbox 1531 1901 1550 1921; x_wconf 86' lang='lat' dir='ltr'>a</span> <span class='ocrx_word' id='word_1_339' title='bbox 1577 1897 1669 1930; x_wconf 76' lang='lat' dir='ltr'>tango</span> <span class='ocrx_word' id='word_1_340' title='bbox 1697 1899 1822 1929; x_wconf 81' lang='lat' dir='ltr'>nempe,</span> 
     </span>
     <span class='ocr_line' id='line_1_61' title="bbox 1093 1941 1818 1984; baseline -0.004 -11"><span class='ocrx_word' id='word_1_341' title='bbox 1093 1953 1156 1973; x_wconf 91' lang='lat' dir='ltr'>non</span> <span class='ocrx_word' id='word_1_342' title='bbox 1171 1946 1289 1984; x_wconf 78' lang='lat' dir='ltr'>tingue,</span> <span class='ocrx_word' id='word_1_343' title='bbox 1312 1949 1348 1973; x_wconf 90' lang='lat' dir='ltr'>ut</span> <span class='ocrx_word' id='word_1_344' title='bbox 1362 1943 1485 1982; x_wconf 85' lang='lat' dir='ltr'>opinor:</span> <span class='ocrx_word' id='word_1_345' title='bbox 1511 1942 1563 1973; x_wconf 80' lang='lat' dir='ltr'>adi</span> <span class='ocrx_word' id='word_1_346' title='bbox 1585 1948 1685 1978; x_wconf 87' lang='lat' dir='ltr'>notas,</span> <span class='ocrx_word' id='word_1_347' title='bbox 1706 1941 1727 1971; x_wconf 90' lang='lat' dir='ltr'>i.</span> <span class='ocrx_word' id='word_1_348' title='bbox 1747 1944 1818 1973; x_wconf 78' lang='lat'>935.</span> 
     </span>
     <span class='ocr_line' id='line_1_62' title="bbox 1094 1991 1816 2033; baseline -0.004 -8"><span class='ocrx_word' id='word_1_349' title='bbox 1094 1995 1210 2025; x_wconf 85' lang='lat' dir='ltr'>Itidem</span> <span class='ocrx_word' id='word_1_350' title='bbox 1234 1995 1266 2024; x_wconf 90' lang='lat' dir='ltr'>in</span> <span class='ocrx_word' id='word_1_351' title='bbox 1290 1995 1386 2025; x_wconf 91' lang='lat' dir='ltr'>dubio</span> <span class='ocrx_word' id='word_1_352' title='bbox 1409 2000 1455 2025; x_wconf 88' lang='lat' dir='ltr'>est</span> <span class='ocrx_word' id='word_1_353' title='bbox 1480 1994 1521 2024; x_wconf 88' lang='lat' dir='ltr'>ad</span> <span class='ocrx_word' id='word_1_354' title='bbox 1544 1993 1636 2024; x_wconf 87' lang='lat' dir='ltr'>Ovid.</span> <span class='ocrx_word' id='word_1_355' title='bbox 1652 1993 1738 2033; x_wconf 85' lang='lat' dir='ltr'>epist.</span> <span class='ocrx_word' id='word_1_356' title='bbox 1753 1991 1816 2022; x_wconf 86' lang='lat' dir='ltr'>xix.</span> 
     </span>
     <span class='ocr_line' id='line_1_63' title="bbox 1094 2045 1626 2077; baseline -0.002 0"><span class='ocrx_word' id='word_1_357' title='bbox 1094 2050 1144 2077; x_wconf 83' lang='lat'>44.</span> <span class='ocrx_word' id='word_1_358' title='bbox 1166 2047 1221 2077; x_wconf 91' lang='lat' dir='ltr'>ubi</span> <span class='ocrx_word' id='word_1_359' title='bbox 1239 2047 1460 2077; x_wconf 90' lang='lat' dir='ltr'>Burmannum</span> <span class='ocrx_word' id='word_1_360' title='bbox 1474 2045 1626 2076; x_wconf 83' lang='lat' dir='ltr'>consulas.</span> 
     </span>
    </p>

    <p class='ocr_par' dir='ltr' id='par_1_27' title="bbox 1095 2094 1819 2190">
     <span class='ocr_line' id='line_1_64' title="bbox 1136 2094 1819 2134; baseline -0.004 -5"><span class='ocrx_word' id='word_1_361' title='bbox 1136 2099 1211 2129; x_wconf 86' lang='lat' dir='ltr'>Ver.</span> <span class='ocrx_word' id='word_1_362' title='bbox 1238 2102 1286 2129; x_wconf 92' lang='grc'>11.</span> <span class='ocrx_word' id='word_1_363' title='bbox 1308 2100 1433 2130; x_wconf 78' lang='lat' dir='ltr'>velutei:</span> <span class='ocrx_word' id='word_1_364' title='bbox 1460 2105 1503 2129; x_wconf 91' lang='grc' dir='ltr'>Π.</span> <span class='ocrx_word' id='word_1_365' title='bbox 1527 2100 1621 2134; x_wconf 78' lang='grc' dir='ltr'><em>υεῐιιι;</em></span> <span class='ocrx_word' id='word_1_366' title='bbox 1647 2103 1678 2128; x_wconf 88' lang='lat' dir='ltr'>et</span> <span class='ocrx_word' id='word_1_367' title='bbox 1697 2095 1762 2128; x_wconf 73' lang='lat' dir='ltr'>uelat</span> <span class='ocrx_word' id='word_1_368' title='bbox 1784 2094 1819 2126; x_wconf 86' lang='lat' dir='ltr'>in</span> 
     </span>
     <span class='ocr_line' id='line_1_65' title="bbox 1095 2148 1678 2190; baseline -0.003 -10"><span class='ocrx_word' id='word_1_369' title='bbox 1095 2149 1416 2190; x_wconf 59' lang='lat' dir='ltr'>praecedente—tetra</span> <span class='ocrx_word' id='word_1_370' title='bbox 1428 2163 1437 2179; x_wconf 92' lang='lat'>.·</span> <span class='ocrx_word' id='word_1_371' title='bbox 1464 2149 1506 2179; x_wconf 89' lang='lat' dir='ltr'>V.</span> <span class='ocrx_word' id='word_1_372' title='bbox 1522 2148 1569 2179; x_wconf 88' lang='lat' dir='ltr'>ed.</span> <span class='ocrx_word' id='word_1_373' title='bbox 1586 2155 1678 2179; x_wconf 80' lang='lat' dir='ltr'>terra.</span> 
     </span>
    </p>

    <p class='ocr_par' dir='ltr' id='par_1_28' title="bbox 1095 2199 1821 2387">
     <span class='ocr_line' id='line_1_66' title="bbox 1139 2199 1821 2234; baseline -0.004 -2"><span class='ocrx_word' id='word_1_374' title='bbox 1139 2202 1212 2232; x_wconf 91' lang='lat' dir='ltr'>Ver.</span> <span class='ocrx_word' id='word_1_375' title='bbox 1243 2205 1290 2232; x_wconf 79' lang='grc'>12.</span> <span class='ocrx_word' id='word_1_376' title='bbox 1320 2208 1490 2232; x_wconf 81' lang='lat' dir='ltr'>conantur:</span> <span class='ocrx_word' id='word_1_377' title='bbox 1518 2200 1556 2230; x_wconf 92' lang='lat' dir='ltr'>V.</span> <span class='ocrx_word' id='word_1_378' title='bbox 1584 2199 1632 2230; x_wconf 87' lang='lat' dir='ltr'>ed.</span> <span class='ocrx_word' id='word_1_379' title='bbox 1655 2209 1821 2234; x_wconf 80' lang='lat' dir='ltr'>conamur,-</span> 
     </span>
     <span class='ocr_line' id='line_1_67' title="bbox 1095 2250 1821 2294; baseline -0.007 -10"><span class='ocrx_word' id='word_1_380' title='bbox 1095 2263 1192 2294; x_wconf 86' lang='lat' dir='ltr'>quam</span> <span class='ocrx_word' id='word_1_381' title='bbox 1216 2263 1272 2292; x_wconf 89' lang='lat' dir='ltr'>pro</span> <span class='ocrx_word' id='word_1_382' title='bbox 1301 2251 1431 2292; x_wconf 72' lang='lat' dir='ltr'>pulchra</span> <span class='ocrx_word' id='word_1_383' title='bbox 1459 2250 1629 2281; x_wconf 83' lang='lat' dir='ltr'>variatione</span> <span class='ocrx_word' id='word_1_384' title='bbox 1658 2250 1821 2290; x_wconf 85' lang='lat' dir='ltr'>amplexus</span> 
     </span>
     <span class='ocr_line' id='line_1_68' title="bbox 1097 2301 1819 2344; baseline -0.004 -10"><span class='ocrx_word' id='word_1_385' title='bbox 1097 2315 1207 2343; x_wconf 87' lang='lat' dir='ltr'>essem,</span> <span class='ocrx_word' id='word_1_386' title='bbox 1231 2304 1256 2334; x_wconf 88' lang='lat' dir='ltr'>si</span> <span class='ocrx_word' id='word_1_387' title='bbox 1279 2303 1349 2335; x_wconf 88' lang='lat' dir='ltr'>libri</span> <span class='ocrx_word' id='word_1_388' title='bbox 1371 2303 1476 2344; x_wconf 87' lang='lat' dir='ltr'>plures</span> <span class='ocrx_word' id='word_1_389' title='bbox 1497 2302 1694 2333; x_wconf 84' lang='lat' dir='ltr'>addixissent.</span> <span class='ocrx_word' id='word_1_390' title='bbox 1739 2301 1819 2332; x_wconf 80' lang='lat' dir='ltr'>Mox</span> 
     </span>
     <span class='ocr_line' id='line_1_69' title="bbox 1098 2357 1244 2387; baseline -0.007 0"><span class='ocrx_word' id='word_1_391' title='bbox 1098 2357 1135 2387; x_wconf 95' lang='lat' dir='ltr'>B.</span> <span class='ocrx_word' id='word_1_392' title='bbox 1151 2358 1244 2387; x_wconf 81' lang='lat' dir='ltr'>melle.</span> 
     </span>
    </p>
   </div>
   <div class='ocr_carea' id='block_1_13' title="bbox 1095 2413 1823 2612">
    <p class='ocr_par' dir='ltr' id='par_1_29' title="bbox 1095 2413 1823 2612">
     <span class='ocr_line' id='line_1_70' title="bbox 1139 2413 1820 2449; baseline -0.003 -2"><span class='ocrx_word' id='word_1_393' title='bbox 1139 2418 1217 2449; x_wconf 91' lang='lat' dir='ltr'>Ver.</span> <span class='ocrx_word' id='word_1_394' title='bbox 1238 2421 1284 2448; x_wconf 84' lang='lat'>14.</span> <span class='ocrx_word' id='word_1_395' title='bbox 1309 2419 1365 2449; x_wconf 83' lang='lat' dir='ltr'>Ut:</span> <span class='ocrx_word' id='word_1_396' title='bbox 1389 2417 1426 2448; x_wconf 92' lang='lat' dir='ltr'>L.</span> <span class='ocrx_word' id='word_1_397' title='bbox 1443 2417 1490 2447; x_wconf 84' lang='lat' dir='ltr'>M.</span> <span class='ocrx_word' id='word_1_398' title='bbox 1507 2418 1697 2448; x_wconf 78' lang='lat' dir='ltr'>Et.-aetas.·</span> <span class='ocrx_word' id='word_1_399' title='bbox 1718 2413 1757 2444; x_wconf 91' lang='lat' dir='ltr'>V.</span> <span class='ocrx_word' id='word_1_400' title='bbox 1773 2413 1820 2445; x_wconf 83' lang='lat' dir='ltr'>ed.</span> 
     </span>
     <span class='ocr_line' id='line_1_71' title="bbox 1096 2466 1823 2509; baseline -0.01 -7"><span class='ocrx_word' id='word_1_401' title='bbox 1096 2477 1196 2507; x_wconf 84' lang='lat' dir='ltr'>actas;</span> <span class='ocrx_word' id='word_1_402' title='bbox 1221 2476 1257 2501; x_wconf 94' lang='lat' dir='ltr'>ut</span> <span class='ocrx_word' id='word_1_403' title='bbox 1275 2469 1458 2509; x_wconf 84' lang='lat' dir='ltr'>saepiuscule</span> <span class='ocrx_word' id='word_1_404' title='bbox 1472 2467 1615 2499; x_wconf 87' lang='lat' dir='ltr'>similiter</span> <span class='ocrx_word' id='word_1_405' title='bbox 1629 2466 1742 2497; x_wconf 87' lang='lat' dir='ltr'>erravit</span> <span class='ocrx_word' id='word_1_406' title='bbox 1755 2466 1823 2496; x_wconf 88' lang='lat' dir='ltr'>haec</span> 
     </span>
     <span class='ocr_line' id='line_1_72' title="bbox 1096 2518 1819 2561; baseline -0.007 -9"><span class='ocrx_word' id='word_1_407' title='bbox 1096 2522 1200 2552; x_wconf 86' lang='lat' dir='ltr'>editio.</span> <span class='ocrx_word' id='word_1_408' title='bbox 1237 2521 1370 2557; x_wconf 88' lang='lat' dir='ltr'>Eadem,</span> <span class='ocrx_word' id='word_1_409' title='bbox 1385 2521 1419 2550; x_wconf 91' lang='lat' dir='ltr'>in</span> <span class='ocrx_word' id='word_1_410' title='bbox 1433 2525 1582 2561; x_wconf 86' lang='lat' dir='ltr'>sequente</span> <span class='ocrx_word' id='word_1_411' title='bbox 1595 2529 1698 2556; x_wconf 87' lang='lat' dir='ltr'>versu,</span> <span class='ocrx_word' id='word_1_412' title='bbox 1712 2518 1819 2551; x_wconf 71' lang='lat' dir='ltr'>tenuis.</span> 
     </span>
     <span class='ocr_line' id='line_1_73' title="bbox 1095 2579 1263 2612; baseline -0.006 -9"><span class='ocrx_word' id='word_1_413' title='bbox 1095 2583 1152 2612; x_wconf 91' lang='lat' dir='ltr'>pro</span> <span class='ocrx_word' id='word_1_414' title='bbox 1166 2579 1263 2603; x_wconf 78' lang='lat' dir='ltr'>tenus.</span> 
     </span>
    </p>
   </div>
   <div class='ocr_carea' id='block_1_14' title="bbox 1096 2628 1823 2928">
    <p class='ocr_par' dir='ltr' id='par_1_30' title="bbox 1096 2628 1823 2928">
     <span class='ocr_line' id='line_1_74' title="bbox 1137 2628 1819 2663; baseline -0.007 0"><span class='ocrx_word' id='word_1_415' title='bbox 1137 2633 1211 2663; x_wconf 89' lang='lat' dir='ltr'>Ver.</span> <span class='ocrx_word' id='word_1_416' title='bbox 1238 2636 1285 2663; x_wconf 90' lang='lat'>17.</span> <span class='ocrx_word' id='word_1_417' title='bbox 1310 2635 1358 2663; x_wconf 78' lang='lat' dir='ltr'>A:</span> <span class='ocrx_word' id='word_1_418' title='bbox 1394 2632 1439 2662; x_wconf 92' lang='lat' dir='ltr'>sic</span> <span class='ocrx_word' id='word_1_419' title='bbox 1464 2633 1500 2662; x_wconf 95' lang='lat' dir='ltr'>P.</span> <span class='ocrx_word' id='word_1_420' title='bbox 1523 2630 1626 2662; x_wconf 86' lang='lat' dir='ltr'>vind.</span> <span class='ocrx_word' id='word_1_421' title='bbox 1647 2630 1688 2659; x_wconf 94' lang='lat' dir='ltr'>V.</span> <span class='ocrx_word' id='word_1_422' title='bbox 1711 2628 1759 2659; x_wconf 88' lang='lat' dir='ltr'>ed.</span> <span class='ocrx_word' id='word_1_423' title='bbox 1783 2629 1819 2659; x_wconf 91' lang='lat' dir='ltr'>B.</span> 
     </span>
     <span class='ocr_line' id='line_1_75' title="bbox 1096 2681 1819 2720; baseline -0.008 -6"><span class='ocrx_word' id='word_1_424' title='bbox 1096 2684 1132 2714; x_wconf 92' lang='lat' dir='ltr'>L.</span> <span class='ocrx_word' id='word_1_425' title='bbox 1151 2684 1188 2715; x_wconf 95' lang='grc' dir='ltr'>Ο.</span> <span class='ocrx_word' id='word_1_426' title='bbox 1215 2689 1249 2714; x_wconf 94' lang='grc' dir='ltr'>Δ.</span> <span class='ocrx_word' id='word_1_427' title='bbox 1266 2689 1300 2714; x_wconf 89' lang='grc' dir='ltr'>Σ.</span> <span class='ocrx_word' id='word_1_428' title='bbox 1316 2683 1370 2714; x_wconf 87' lang='lat' dir='ltr'>sed</span> <span class='ocrx_word' id='word_1_429' title='bbox 1387 2689 1431 2714; x_wconf 81' lang='grc' dir='ltr'>Ω..</span> <span class='ocrx_word' id='word_1_430' title='bbox 1447 2685 1506 2717; x_wconf 85' lang='lat' dir='ltr'>ad;</span> <span class='ocrx_word' id='word_1_431' title='bbox 1532 2682 1612 2712; x_wconf 79' lang='lat' dir='ltr'>sorte</span> <span class='ocrx_word' id='word_1_432' title='bbox 1633 2689 1691 2720; x_wconf 88' lang='lat' dir='ltr'>pro</span> <span class='ocrx_word' id='word_1_433' title='bbox 1705 2681 1819 2709; x_wconf 82' lang='lat' dir='ltr'>ab.—a</span> 
     </span>
     <span class='ocr_line' id='line_1_76' title="bbox 1097 2735 1820 2771; baseline -0.008 -5"><span class='ocrx_word' id='word_1_434' title='bbox 1097 2741 1199 2766; x_wconf 78' lang='lat' dir='ltr'>tactu:</span> <span class='ocrx_word' id='word_1_435' title='bbox 1224 2735 1262 2765; x_wconf 91' lang='lat' dir='ltr'>L.</span> <span class='ocrx_word' id='word_1_436' title='bbox 1277 2747 1296 2765; x_wconf 81' lang='grc' dir='ltr'><em>α</em></span> <span class='ocrx_word' id='word_1_437' title='bbox 1312 2741 1409 2771; x_wconf 81' lang='lat' dir='ltr'>tacto;</span> <span class='ocrx_word' id='word_1_438' title='bbox 1427 2735 1475 2764; x_wconf 90' lang='lat' dir='ltr'>M.</span> <span class='ocrx_word' id='word_1_439' title='bbox 1489 2739 1619 2769; x_wconf 62' lang='lat' dir='ltr'>annam</span> <span class='ocrx_word' id='word_1_440' title='bbox 1636 2737 1677 2762; x_wconf 84' lang='grc' dir='ltr'>Π.</span> <span class='ocrx_word' id='word_1_441' title='bbox 1689 2737 1820 2761; x_wconf 69' lang='lat' dir='ltr'>atr-actu.</span> 
     </span>
     <span class='ocr_line' id='line_1_77' title="bbox 1097 2781 1821 2826; baseline -0.007 -9"><span class='ocrx_word' id='word_1_442' title='bbox 1097 2786 1268 2822; x_wconf 88' lang='lat' dir='ltr'>-Malim,</span> <span class='ocrx_word' id='word_1_443' title='bbox 1284 2786 1390 2826; x_wconf 83' lang='lat' dir='ltr'>facto;</span> <span class='ocrx_word' id='word_1_444' title='bbox 1415 2791 1451 2816; x_wconf 88' lang='lat' dir='ltr'>ut</span> <span class='ocrx_word' id='word_1_445' title='bbox 1465 2784 1506 2815; x_wconf 88' lang='lat' dir='ltr'>ad</span> <span class='ocrx_word' id='word_1_446' title='bbox 1519 2785 1539 2814; x_wconf 89' lang='lat' dir='ltr'>i.</span> <span class='ocrx_word' id='word_1_447' title='bbox 1560 2787 1633 2816; x_wconf 80' lang='lat'>954.</span> <span class='ocrx_word' id='word_1_448' title='bbox 1655 2782 1725 2813; x_wconf 88' lang='lat' dir='ltr'>vide</span> <span class='ocrx_word' id='word_1_449' title='bbox 1747 2781 1821 2813; x_wconf 86' lang='lat' dir='ltr'>ibid.</span> 
     </span>
     <span class='ocr_line' id='line_1_78' title="bbox 1097 2836 1819 2881; baseline -0.007 -11"><span class='ocrx_word' id='word_1_450' title='bbox 1097 2849 1221 2881; x_wconf 90' lang='lat' dir='ltr'>quoque</span> <span class='ocrx_word' id='word_1_451' title='bbox 1236 2849 1296 2869; x_wconf 91' lang='lat' dir='ltr'>ver.</span> <span class='ocrx_word' id='word_1_452' title='bbox 1313 2842 1383 2870; x_wconf 89' lang='grc'><strong>789.</strong></span> <span class='ocrx_word' id='word_1_453' title='bbox 1407 2838 1459 2868; x_wconf 85' lang='lat' dir='ltr'>cui</span> <span class='ocrx_word' id='word_1_454' title='bbox 1473 2837 1660 2878; x_wconf 74' lang='lat' dir='ltr'>conjecturae</span> <span class='ocrx_word' id='word_1_455' title='bbox 1669 2836 1819 2876; x_wconf 77' lang='lat' dir='ltr'>suffraga-</span> 
     </span>
     <span class='ocr_line' id='line_1_79' title="bbox 1099 2886 1823 2928; baseline -0.008 -7"><span class='ocrx_word' id='word_1_456' title='bbox 1099 2897 1151 2921; x_wconf 87' lang='lat' dir='ltr'>tur</span> <span class='ocrx_word' id='word_1_457' title='bbox 1164 2891 1201 2922; x_wconf 90' lang='lat' dir='ltr'>L.</span> <span class='ocrx_word' id='word_1_458' title='bbox 1216 2889 1301 2921; x_wconf 88' lang='lat' dir='ltr'>liber.</span> <span class='ocrx_word' id='word_1_459' title='bbox 1319 2889 1457 2928; x_wconf 85' lang='lat' dir='ltr'>Hirtius,</span> <span class='ocrx_word' id='word_1_460' title='bbox 1479 2887 1550 2920; x_wconf 83' lang='lat' dir='ltr'>bell.</span> <span class='ocrx_word' id='word_1_461' title='bbox 1565 2886 1620 2920; x_wconf 82' lang='lat' dir='ltr'>Al.</span> <span class='ocrx_word' id='word_1_462' title='bbox 1637 2890 1666 2918; x_wconf 90' lang='lat'>7.</span> <span class='ocrx_word' id='word_1_463' title='bbox 1709 2890 1732 2906; x_wconf 88' lang='lat'><strong>“</strong></span> <span class='ocrx_word' id='word_1_464' title='bbox 1749 2886 1823 2922; x_wconf 82' lang='lat' dir='ltr'>Quo</span> 
     </span>
    </p>
   </div>
  </div>
 </body>
</html>
