1912 3292
311 202 372 242 66

806 192 866 240 Τ.
919 191 1298 241 LUCRETII

338 330 420 367 425
452 325 548 374 Qufi
569 333 687 367 tenus
706 332 767 366 est
784 338 915 366 unum
933 324 1042 366 inter
1061 339 1118 374 se,
1144 323 1442 379 conjunctaque
1461 338 1525 365 res
1543 331 1617 365 est.

507 399 732 455 Principio,
761 399 956 455 quoniam
977 405 1143 440 tenuem
1162 405 1350 438 constare
1369 397 1537 439 minutis

450 474 707 530 Corporibus
727 473 866 524 docui,
894 472 1105 528 multoque
1124 471 1354 513 minoribus
1374 487 1458 513 esse

452 548 669 604 Principiis
688 548 853 599 factam,
881 562 1005 604 quam
1025 546 1202 602 liquidus
1221 546 1373 587 humor
1393 548 1532 602 aquai,

451 622 539 664 Aut
558 623 722 673 nebula,
751 631 822 665 aut
840 622 992 664 fumus:
1026 636 1125 662 nam
1144 621 1267 678 longe
1286 620 1513 661 mobilitate

334 700 417 736 430
451 696 640 747 Praestat,
669 705 710 738 et
728 713 753 738 a
771 697 886 738 tenui
906 695 1046 738 caussa
1066 695 1212 751 magis,
1237 694 1337 753 licta,
1365 699 1573 742 movetur3

451 771 637 825 (Quippe
657 771 728 812 ubi
748 771 997 828 imaginibus
1017 769 1135 819 fumi,
1164 769 1424 825 nebulaeque,
1449 768 1684 820 moventur)

451 845 582 892 Quod
599 859 744 901 genus,
770 846 815 886 in
835 845 989 886 somnis
1006 845 1171 899 sopitei,
1202 845 1274 886 ubi
1295 844 1502 886 cernimus
1522 842 1603 884 alta

305 1006 349 1038 et,
372 998 398 1030 si
412 999 513 1040 quivis
527 999 581 1030 alii
596 998 670 1030 fidei
683 999 810 1040 majoris
832 999 1032 1035 addixissent,

305 1051 339 1082 in
355 1057 537 1082 contextum
551 1051 760 1090 admisissem3
784 1061 859 1082 nam
875 1050 1035 1082 reticentia

307 1115 346 1134 ora
359 1104 499 1133 carmina
515 1113 642 1133 sensum
659 1102 822 1144 vulgarem
837 1102 1033 1133 librariorum

305 1153 488 1194 supergredi
503 1153 634 1184 videtur.

349 1205 432 1236 Ibid.
449 1204 503 1236 tuti
519 1204 594 1237 viui.-
620 1206 641 1236 i.
666 1216 692 1236 e.
722 1208 745 1224 “
761 1206 900 1236 moribus
923 1206 984 1236 tuis
998 1217 1034 1238 ac

305 1260 328 1277 “
343 1257 520 1296 virtutibus,
545 1268 640 1299 quem
664 1258 762 1288 Musa
780 1259 874 1288 rebus
889 1258 1036 1289 omnibus

302 1312 330 1328 ⁴‘
346 1316 492 1340 ornatum
507 1309 541 1339 in
557 1310 645 1340 omni
659 1315 798 1350 tempore
812 1310 911 1340 voluit
933 1311 1033 1341 excel-

306 1364 329 1380 “
345 1361 416 1392 lere.
463 1362 568 1397 Quem
596 1361 714 1393 virum!
754 1372 825 1403 quae
854 1362 1032 1394 carmina!''

305 1411 403 1442 Hanc
417 1418 601 1452 potestatem
615 1423 732 1443 nomen
746 1415 809 1445 vila
825 1414 939 1453 passim
954 1424 1032 1444 nau-

307 1463 440 1494 ciscitur.

349 1515 431 1545 Ibid.
448 1517 623 1556 disponere:
642 1515 662 1546 i.
678 1526 704 1546 e.
722 1519 744 1534 “
760 1516 882 1547 curiosa
896 1527 969 1547 curn
985 1527 1034 1547 so-

306 1568 329 1584 “
345 1564 435 1596 lertia
448 1566 614 1608 studioque
625 1567 780 1607 pensitato
794 1568 936 1608 ponere.’‘
983 1568 1034 1598 Sic

302 1618 324 1649 i.
341 1620 391 1649 47.

366 1698 428 1708 --
436 1693 497 1712 mea
508 1687 590 1717 dona,
606 1687 655 1712 tibi
664 1687 753 1713 studio
763 1688 872 1721 disposta
883 1688 970 1714 fideli:

306 1754 343 1781 ut
356 1750 447 1789 po'eta
458 1756 562 1782 noster
577 1756 642 1781 tam
653 1750 855 1790 dispositione
865 1762 1033 1793 argumen-

303 1806 422 1838 torum,
447 1812 545 1843 quam
569 1803 737 1833 verborum
766 1813 1034 1845 numerorumque

302 1853 525 1891 concinnitate,
547 1865 580 1885 se
590 1854 710 1895 jactare
724 1855 927 1896 intelligatur.

347 1904 424 1935 Ver.
451 1909 524 1937 422.
543 1905 639 1946 face:
663 1907 707 1937 sic
732 1907 769 1937 P.
795 1907 834 1938 O.
861 1913 896 1939 Δ.
919 1908 1033 1943 caeteri,

292 1953 370 1995 sac;
394 1955 466 1987 vide
482 1956 524 1988 sis
537 1957 752 1988 animadversa
766 1958 857 1989 nobis
870 1969 962 1998 super
976 1960 1035 1990 hac

303 2015 350 2044 re,
365 2006 446 2037 adii.
462 2010 705 2040 484.—owmen:
725 2009 772 2040 M.
785 2014 821 2041 Σ.
834 2015 878 2041 Ω.
891 2012 1031 2045 namium

304 2057 391 2098 quod
405 2058 623 2099 accipiendum
637 2059 823 2099 existimavi,
850 2062 890 2092 ob
905 2061 1031 2101 expedi-

304 2109 416 2140 tiorem
430 2112 703 2143 constructionem.
727 2115 749 2130 “
763 2112 816 2143 Tu
831 2123 898 2145 rem
913 2119 1033 2144 utram-

304 2163 328 2180 “
347 2171 409 2202 que
424 2165 482 2194 sub
496 2174 562 2194 uno
577 2164 706 2195 nomine
720 2165 963 2205 complectaris.”

348 2213 422 2244 Ver.
438 2217 510 2245 423.
531 2217 614 2246 verbi
628 2215 754 2247 caussa:
779 2217 799 2247 i.
814 2227 840 2247 e.
863 2217 890 2247 si
905 2217 1031 2256 phrasin

304 2264 435 2296 interius
457 2267 609 2304 attendas,
635 2271 657 2286 “
673 2269 713 2298 ob
727 2269 810 2299 vocis
825 2269 1030 2300 commodita-

304 2320 328 2336 “
344 2319 442 2355 tem;’'
472 2328 582 2359 quum,
613 2319 638 2349 si
663 2330 753 2351 mens
778 2321 913 2352 auctoris
937 2322 1031 2361 probe

302 2368 515 2409 perspiciatur,
539 2377 570 2401 et
595 2381 644 2402 res
668 2371 734 2412 ipsa
759 2372 942 2411 declaretur,
966 2384 1030 2404 non

303 2420 383 2451 tanti
399 2427 456 2460 est,
479 2427 515 2453 ut
540 2421 580 2453 de
605 2425 738 2454 dictione
761 2423 827 2464 ipsa
853 2424 1032 2456 solicitiores

306 2483 413 2505 Simus·

347 2525 422 2556 Ver.
437 2528 510 2558 425.
548 2526 616 2562 Qud
642 2533 746 2559 tenus.-
781 2527 801 2559 i.
827 2539 854 2559 e.
886 2528 958 2565 Qua
979 2528 1030 2560 vici

305 2581 397 2607 tenus
403 2589 412 2615 ;
436 2581 460 2596 “
474 2589 573 2620 usque
592 2579 633 2610 ad
647 2590 742 2621 quam
756 2590 835 2619 rem,
858 2581 1028 2612 mortalita-

305 2630 331 2647 “
346 2633 411 2658 tem
427 2629 553 2668 scilicet,
577 2631 656 2661 nihil
671 2631 846 2672 discrepant
860 2632 986 2663 animus
999 2639 1031 2664 et

306 2681 329 2698 “
346 2679 481 2710 anima.”
522 2681 687 2713 Cornelius
697 2684 827 2722 Fronto,
842 2684 876 2714 in
891 2690 1032 2716 veterum

303 2730 580 2770 grammaticorum
592 2743 732 2774 corpore:
750 2738 776 2754 “
790 2737 958 2774 Quatenus,
969 2735 1032 2778 qua

306 2783 330 2800 “
347 2781 424 2820 fine;
450 2782 618 2822 Quadaus,
641 2786 833 2825 quoniam:‘'
866 2787 1031 2827 inepfiens,

306 2841 383 2863 cum
407 2833 487 2873 aliis,
517 2834 595 2865 dum
620 2845 710 2866 voces
736 2837 871 2868 diversas
894 2839 1033 2870 effictum

305 2890 391 2920 eunt.
434 2886 484 2918 Ea
498 2887 612 2919 vocalis
630 2887 728 2919 literae
747 2889 881 2921 mutatio
896 2890 929 2921 in
949 2893 1031 2926 Qua-

1076 1002 1160 1031 tinus
1175 1010 1214 1031 ex
1229 1001 1351 1031 solenni
1373 1005 1480 1031 ortum
1501 998 1612 1030 habuit
1629 997 1663 1028 in
1678 1006 1805 1037 compo-

1077 1051 1155 1090 sitis,
1185 1059 1349 1093 postquam
1373 1063 1428 1092 per
1454 1061 1582 1092 pravam
1607 1049 1808 1082 consuetudi-

1078 1113 1152 1133 nem
1167 1102 1231 1134 duo
1246 1104 1397 1134 vocabula
1411 1102 1606 1134 coaluissent.

1080 1154 1250 1193 Caeterum,
1274 1156 1321 1185 uti
1336 1155 1369 1185 in
1386 1154 1596 1195 superioribus
1610 1153 1727 1185 alicubi
1738 1162 1807 1185 mo-

1078 1207 1219 1245 nuimus,
1241 1208 1323 1237 hanc
1338 1207 1502 1238 notionem
1523 1206 1562 1238 de
1581 1206 1680 1237 animi
1695 1212 1727 1237 et
1740 1205 1810 1238 ani-

1078 1267 1139 1287 mae
1153 1258 1374 1299 conjunctione
1396 1263 1491 1298 atque
1513 1257 1635 1288 unitate
1651 1268 1670 1288 a
1685 1257 1807 1288 Demo-

1078 1310 1168 1348 crito,
1191 1320 1265 1340 cum
1289 1310 1358 1340 aliis
1375 1309 1547 1348 disciplinae
1562 1319 1627 1340 suae
1641 1309 1812 1351 principiis,

1078 1362 1196 1401 excepit
1214 1362 1378 1402 Epicurus.
1426 1361 1578 1399 StobaeuS,
1601 1361 1657 1392 ecl.
1680 1361 1766 1402 phys.
1788 1361 1809 1392 i.

1076 1425 1105 1454 p.
1132 1417 1182 1446 93.
1206 1413 1248 1443 sic
1273 1411 1467 1443 scribendus:
1507 1415 1693 1453 Πυθαγορας,
1716 1414 1808 1452 Αναξ-

1077 1479 1196 1508 αγορας,
1214 1471 1357 1502 naa-rm,
1370 1469 1565 1505 Ξενοκρατης,
1579 1466 1736 1501 Κλεινίης,
1751 1465 1809 1495 θν-

1076 1519 1152 1557 ραθεν
1177 1518 1345 1557 ειςκρινεσθαι
1373 1528 1421 1547 Ιτον
1455 1526 1509 1545 νυν·
1541 1513 1730 1557 Παρμινιδης,
1762 1528 1813 1548 xm

1078 1567 1285 1608 Ἐμπεδοκλῆς,
1301 1581 1352 1597 και
1372 1571 1562 1608 Δημοκριτος,
1585 1566 1693 1598 ταῦθ-σν
1707 1571 1814 1598 NOTN

1079 1632 1129 1649 και
1145 1624 1301 1649 ΨΤΧΗΝ.
1323 1617 1443 1659 Vulgo,
1468 1630 1511 1652 νυς
1527 1631 1578 1649 και
1600 1619 1711 1658 ψυχομ·
1730 1627 1812 1660 quae,

1078 1680 1141 1712 quo
1155 1670 1251 1701 modo
1267 1676 1346 1701 stare
1360 1669 1492 1710 possint,
1515 1669 1622 1700 nullus
1636 1669 1737 1701 video.

1121 1739 1195 1770 Ver.
1211 1742 1283 1770 426.
1305 1745 1426 1770 tenuem
1441 1739 1528 1770 abest
1542 1737 1640 1769 vind.
1663 1738 1745 1771 Mox
1766 1744 1810 1771 11.

1077 1806 1135 1836 que
1150 1794 1287 1833 exhibet,
1309 1805 1366 1835 pro
1379 1806 1450 1826 esse.

1123 1859 1196 1890 Ver.
1212 1863 1285 1891 428.
1306 1866 1350 1891 est
1375 1858 1535 1890 invenitur
1559 1857 1593 1888 in
1617 1863 1659 1889 11.
1681 1856 1748 1889 solo
1768 1856 1810 1889 ad

1078 1911 1174 1942 finem
1195 1911 1315 1949 versus;
1338 1917 1375 1942 ut
1399 1911 1433 1941 in
1455 1910 1637 1951 vulgaribus
1662 1909 1808 1941 editioni-

1076 1965 1147 1994 bus:
1173 1964 1305 1994 omnino
1319 1962 1533 1993 insulsissime.

1119 2024 1194 2054 Ver.
1213 2027 1285 2055 429.
1303 2023 1385 2054 Haec
1401 2029 1506 2054 autem
1521 2022 1692 2061 conclusio,
1707 2022 1747 2053 de
1761 2028 1807 2054 te·
1857 2039 1860 2043 >

1077 2075 1192 2106 nuibus
1217 2074 1315 2104 animi
1342 2072 1531 2114 primordiIS,
1549 2080 1728 2113 potestatem
1750 2083 1823 2113 po-,
1850 2098 1863 2117 ·.

1076 2129 1138 2160 tius
1158 2134 1418 2169 argumentorum
1445 2127 1690 2168 praecedentium
1710 2128 1807 2169 respi-
1852 2130 1853 2137 ¹

1074 2181 1124 2217 cit,
1148 2187 1241 2221 prout
1265 2181 1452 2211 exhibentur
1467 2191 1487 2211 a
1513 2190 1575 2211 ver.
1603 2183 1672 2211 178.
1694 2180 1810 2213 adver.

1075 2236 1146 2264 5251.
1169 2243 1263 2274 quam
1279 2234 1375 2264 verba.

1117 2293 1191 2324 Ver.
1208 2297 1280 2324 451.
1302 2298 1474 2324 moventur.-
1499 2291 1543 2322 sie
1567 2291 1606 2322 P.
1625 2291 1667 2322 V.
1695 2291 1744 2322 ed.
1766 2292 1805 2324 Β.

1074 2345 1111 2376 L.
1135 2345 1184 2376 M.
1208 2350 1243 2376 Δ.
1269 2352 1314 2376 ο..
1341 2344 1448 2386 vulgo,
1471 2350 1613 2375 movetur.
1656 2343 1809 2375 Locutio·

1075 2407 1161 2435 nem,
1184 2396 1305 2436 opinor,
1339 2396 1411 2427 ideo
1435 2396 1536 2436 po'etae
1559 2394 1678 2426 variare
1702 2395 1806 2426 visum

1074 2454 1132 2486 est,
1156 2458 1196 2479 ne
1219 2448 1315 2479 lector
1337 2448 1458 2478 interea
1480 2446 1712 2478 oblivisceretur
1733 2456 1808 2478 eum

1074 2499 1114 2530 de
1129 2499 1278 2540 utrisque,
1301 2505 1367 2530 tam
1382 2501 1488 2530 animo
1501 2508 1598 2540 quam
1612 2496 1732 2535 anima,
1747 2498 1806 2529 sub

1073 2560 1139 2582 uno
1160 2550 1290 2581 nomine
1312 2550 1556 2591 comprehensis,
1580 2550 1674 2580 verba
1687 2549 1803 2580 facere:

1073 2601 1139 2633 redi
1166 2601 1207 2632 ad
1235 2612 1294 2632 ver.
1322 2605 1395 2634 422.
1449 2601 1534 2632 Nam
1558 2599 1740 2630 incredibile
1761 2603 1807 2644 est

1075 2654 1190 2685 scribas
1204 2659 1363 2684 mutatum
1386 2653 1484 2683 ituros
1507 2665 1540 2682 το
1559 2657 1704 2688 movetur,
1726 2650 1753 2682 si
1773 2650 1808 2683 in

1075 2706 1266 2738 membranis
1282 2705 1364 2736 illud
1378 2705 1442 2736 suis
1456 2703 1655 2734 invenissent.

1119 2769 1193 2799 Ver.
1218 2771 1289 2798 452.
1322 2770 1387 2799 alta
1420 2768 1545 2798 altaria.
1590 2763 1691 2796 Haud
1716 2763 1806 2796 alita·

1076 2818 1240 2860 Virgilius,
1263 2828 1332 2860 geo.
1347 2819 1390 2849 iii.
1406 2821 1478 2850 553.

1302 2900 1399 2926 ductos
1409 2899 1464 2926 alra
1475 2899 1508 2926 ad
1519 2898 1627 2925 donaria
1640 2904 1745 2925 currus:
