<?xml version="1.0" encoding="UTF-8"?>
<!DOCTYPE html PUBLIC "-//W3C//DTD XHTML 1.0 Transitional//EN"
    "http://www.w3.org/TR/xhtml1/DTD/xhtml1-transitional.dtd">
<html xmlns="http://www.w3.org/1999/xhtml" xml:lang="en" lang="en">
 <head>
  <title>
</title>
<meta http-equiv="Content-Type" content="text/html;charset=utf-8" />
  <meta name='ocr-system' content='tesseract 3.04.00' />
  <meta name='ocr-capabilities' content='ocr_page ocr_carea ocr_par ocr_line ocrx_word'/>
</head>
<body>
  <div class='ocr_page' id='page_1' title='image "./tlucretiicarider02lucruoft_0108.png"; bbox 0 0 1912 3292; ppageno 0'>
   <div class='ocr_carea' id='block_1_1' title="bbox 350 171 415 219">
    <p class='ocr_par' dir='ltr' id='par_1_1' title="bbox 350 171 415 219">
     <span class='ocr_line' id='line_1_1' title="bbox 350 171 415 219; baseline -0.077 0"><span class='ocrx_word' id='word_1_1' title='bbox 350 171 415 219; x_wconf 88' lang='grc'>70</span> 
     </span>
    </p>
   </div>
   <div class='ocr_carea' id='block_1_2' title="bbox 497 304 1653 360">
    <p class='ocr_par' dir='ltr' id='par_1_2' title="bbox 497 304 1653 360">
     <span class='ocr_line' id='line_1_2' title="bbox 497 304 1653 360; baseline -0.011 -5"><span class='ocrx_word' id='word_1_2' title='bbox 497 312 693 354; x_wconf 85' lang='lat' dir='ltr'>Crescere</span> <span class='ocrx_word' id='word_1_3' title='bbox 713 306 924 356; x_wconf 87' lang='lat' dir='ltr'>sentimus,</span> <span class='ocrx_word' id='word_1_4' title='bbox 955 304 1191 360; x_wconf 88' lang='lat' dir='ltr'>pariterque</span> <span class='ocrx_word' id='word_1_5' title='bbox 1209 314 1432 351; x_wconf 85' lang='lat' dir='ltr'>senescere,</span> <span class='ocrx_word' id='word_1_6' title='bbox 1459 307 1653 342; x_wconf 85' lang='lat' dir='ltr'>mentem.</span> 
     </span>
    </p>
   </div>
   <div class='ocr_carea' id='block_1_3' title="bbox 492 377 1618 517">
    <p class='ocr_par' dir='ltr' id='par_1_3' title="bbox 492 377 1618 517">
     <span class='ocr_line' id='line_1_3' title="bbox 492 377 1618 437; baseline -0.013 -7"><span class='ocrx_word' id='word_1_7' title='bbox 492 387 620 437; x_wconf 89' lang='lat' dir='ltr'>Nam,</span> <span class='ocrx_word' id='word_1_8' title='bbox 645 383 755 426; x_wconf 88' lang='lat' dir='ltr'>velut</span> <span class='ocrx_word' id='word_1_9' title='bbox 774 380 940 423; x_wconf 87' lang='lat' dir='ltr'>i&#39;nfirmo</span> <span class='ocrx_word' id='word_1_10' title='bbox 959 377 1117 434; x_wconf 85' lang='lat' dir='ltr'>puerei,</span> <span class='ocrx_word' id='word_1_11' title='bbox 1150 384 1398 431; x_wconf 74' lang='lat' dir='ltr'>teneroque,</span> <span class='ocrx_word' id='word_1_12' title='bbox 1415 382 1618 432; x_wconf 85' lang='lat' dir='ltr'>vagantur</span> 
     </span>
     <span class='ocr_line' id='line_1_4' title="bbox 495 449 1520 517; baseline -0.015 -13"><span class='ocrx_word' id='word_1_13' title='bbox 495 462 697 517; x_wconf 81' lang='lat' dir='ltr'>Corpore,</span> <span class='ocrx_word' id='word_1_14' title='bbox 724 457 780 499; x_wconf 89' lang='lat' dir='ltr'>sic</span> <span class='ocrx_word' id='word_1_15' title='bbox 800 454 928 497; x_wconf 84' lang='lat' dir='ltr'>animi</span> <span class='ocrx_word' id='word_1_16' title='bbox 948 452 1132 508; x_wconf 84' lang='lat' dir='ltr'>sequitur</span> <span class='ocrx_word' id='word_1_17' title='bbox 1151 450 1352 492; x_wconf 86' lang='lat' dir='ltr'>sententia</span> <span class='ocrx_word' id='word_1_18' title='bbox 1371 449 1520 491; x_wconf 88' lang='lat' dir='ltr'>tenuis:</span> 
     </span>
    </p>
   </div>
   <div class='ocr_carea' id='block_1_4' title="bbox 850 150 1344 206">
    <p class='ocr_par' dir='ltr' id='par_1_4' title="bbox 850 150 1344 206">
     <span class='ocr_line' id='line_1_5' title="bbox 850 150 1344 206; baseline -0.016 0"><span class='ocrx_word' id='word_1_19' title='bbox 850 157 912 206; x_wconf 94' lang='lat' dir='ltr'><strong>T.</strong></span> <span class='ocrx_word' id='word_1_20' title='bbox 964 150 1344 204; x_wconf 88' lang='lat' dir='ltr'>LUCRETII</span> 
     </span>
    </p>
   </div>
   <div class='ocr_carea' id='block_1_5' title="bbox 1847 0 1884 506">
    <p class='ocr_par' dir='ltr' id='par_1_5' title="bbox 1847 0 1884 506">
     <span class='ocr_line' id='line_1_6' title="bbox 1847 0 1884 506; baseline 0 2786"><span class='ocrx_word' id='word_1_21' title='bbox 1847 0 1884 506; x_wconf 95' lang='lat' dir='ltr'> </span> 
     </span>
    </p>
   </div>
   <div class='ocr_carea' id='block_1_6' title="bbox 381 525 1417 586">
    <p class='ocr_par' dir='ltr' id='par_1_6' title="bbox 381 525 1417 586">
     <span class='ocr_line' id='line_1_7' title="bbox 381 525 1417 586; baseline -0.016 -5"><span class='ocrx_word' id='word_1_22' title='bbox 381 542 465 580; x_wconf 75' lang='lat'>450</span> <span class='ocrx_word' id='word_1_23' title='bbox 496 536 616 586; x_wconf 89' lang='lat' dir='ltr'>Inde,</span> <span class='ocrx_word' id='word_1_24' title='bbox 647 534 718 576; x_wconf 92' lang='lat' dir='ltr'>ubi</span> <span class='ocrx_word' id='word_1_25' title='bbox 738 530 914 573; x_wconf 83' lang='lat' dir='ltr'>robustis</span> <span class='ocrx_word' id='word_1_26' title='bbox 935 527 1111 570; x_wconf 82' lang='lat' dir='ltr'>adolevit</span> <span class='ocrx_word' id='word_1_27' title='bbox 1129 525 1282 568; x_wconf 88' lang='lat' dir='ltr'>viribus</span> <span class='ocrx_word' id='word_1_28' title='bbox 1302 532 1417 574; x_wconf 85' lang='lat' dir='ltr'>aetas,</span> 
     </span>
    </p>
   </div>
   <div class='ocr_carea' id='block_1_7' title="bbox 495 508 1863 862">
    <p class='ocr_par' dir='ltr' id='par_1_7' title="bbox 495 508 1862 847">
     <span class='ocr_line' id='line_1_8' title="bbox 498 508 1860 663; baseline -0.015 -10"><span class='ocrx_word' id='word_1_29' title='bbox 498 609 728 653; x_wconf 86' lang='lat' dir='ltr'>Consilium</span> <span class='ocrx_word' id='word_1_30' title='bbox 749 620 912 663; x_wconf 87' lang='lat' dir='ltr'>quoquc</span> <span class='ocrx_word' id='word_1_31' title='bbox 932 603 1077 658; x_wconf 82' lang='lat' dir='ltr'>majuS,</span> <span class='ocrx_word' id='word_1_32' title='bbox 1107 608 1147 642; x_wconf 90' lang='lat' dir='ltr'>et</span> <span class='ocrx_word' id='word_1_33' title='bbox 1167 600 1325 642; x_wconf 85' lang='lat' dir='ltr'>auctior</span> <span class='ocrx_word' id='word_1_34' title='bbox 1345 605 1405 639; x_wconf 89' lang='lat' dir='ltr'>est</span> <span class='ocrx_word' id='word_1_35' title='bbox 1425 597 1552 638; x_wconf 84' lang='lat' dir='ltr'>animi</span> <span class='ocrx_word' id='word_1_36' title='bbox 1572 596 1645 638; x_wconf 86' lang='lat' dir='ltr'>vis:</span> <span class='ocrx_word' id='word_1_37' title='bbox 1853 508 1860 663; x_wconf 61' lang='lat' dir='ltr'>l</span> 
     </span>
     <span class='ocr_line' id='line_1_9' title="bbox 495 670 1860 738; baseline -0.017 -10"><span class='ocrx_word' id='word_1_38' title='bbox 495 686 611 736; x_wconf 84' lang='lat' dir='ltr'>Post,</span> <span class='ocrx_word' id='word_1_39' title='bbox 647 683 719 725; x_wconf 90' lang='lat' dir='ltr'>ubi</span> <span class='ocrx_word' id='word_1_40' title='bbox 732 682 821 738; x_wconf 85' lang='lat' dir='ltr'>jam</span> <span class='ocrx_word' id='word_1_41' title='bbox 840 677 982 721; x_wconf 81' lang='lat' dir='ltr'>validis</span> <span class='ocrx_word' id='word_1_42' title='bbox 1002 682 1239 732; x_wconf 84' lang='lat' dir='ltr'>quassatum</span> <span class='ocrx_word' id='word_1_43' title='bbox 1258 681 1318 713; x_wconf 90' lang='lat' dir='ltr'>est</span> <span class='ocrx_word' id='word_1_44' title='bbox 1337 671 1492 712; x_wconf 89' lang='lat' dir='ltr'>viribus</span> <span class='ocrx_word' id='word_1_45' title='bbox 1512 670 1590 710; x_wconf 88' lang='lat' dir='ltr'>aevi</span> <span class='ocrx_word' id='word_1_46' title='bbox 1855 670 1860 700; x_wconf 62' lang='lat'><strong>⁸</strong></span> 
     </span>
     <span class='ocr_line' id='line_1_10' title="bbox 495 712 1862 847; baseline -0.016 -45"><span class='ocrx_word' id='word_1_47' title='bbox 495 761 673 816; x_wconf 85' lang='lat' dir='ltr'>Corpus,</span> <span class='ocrx_word' id='word_1_48' title='bbox 701 765 743 798; x_wconf 91' lang='lat' dir='ltr'>et</span> <span class='ocrx_word' id='word_1_49' title='bbox 762 754 916 797; x_wconf 87' lang='lat' dir='ltr'>obtusis</span> <span class='ocrx_word' id='word_1_50' title='bbox 936 750 1173 794; x_wconf 82' lang='lat' dir='ltr'>ceciderunt</span> <span class='ocrx_word' id='word_1_51' title='bbox 1195 747 1349 790; x_wconf 88' lang='lat' dir='ltr'>viribus</span> <span class='ocrx_word' id='word_1_52' title='bbox 1369 753 1481 788; x_wconf 86' lang='lat' dir='ltr'>artus</span> <span class='ocrx_word' id='word_1_53' title='bbox 1488 762 1501 796; x_wconf 86' lang='lat'>3</span> <span class='ocrx_word' id='word_1_54' title='bbox 1855 712 1862 847; x_wconf 54' lang='grc' dir='ltr'><strong>ι</strong></span> 
     </span>
    </p>

    <p class='ocr_par' dir='ltr' id='par_1_8' title="bbox 1856 847 1863 862">
     <span class='ocr_line' id='line_1_11' title="bbox 1856 847 1863 862; baseline 0 0"><span class='ocrx_word' id='word_1_55' title='bbox 1856 847 1863 862; x_wconf 89' lang='grc'><em>.</em></span> 
     </span>
    </p>
   </div>
   <div class='ocr_carea' id='block_1_8' title="bbox 348 908 1080 1938">
    <p class='ocr_par' dir='ltr' id='par_1_9' title="bbox 348 908 1080 1938">
     <span class='ocr_line' id='line_1_12' title="bbox 349 908 1077 953; baseline -0.021 -1"><span class='ocrx_word' id='word_1_56' title='bbox 349 920 385 952; x_wconf 90' lang='lat' dir='ltr'>in</span> <span class='ocrx_word' id='word_1_57' title='bbox 404 928 471 950; x_wconf 89' lang='lat' dir='ltr'>uno</span> <span class='ocrx_word' id='word_1_58' title='bbox 493 915 642 947; x_wconf 79' lang='lat' dir='ltr'>fasciculo</span> <span class='ocrx_word' id='word_1_59' title='bbox 665 911 833 953; x_wconf 79' lang='lat' dir='ltr'>colligavit:</span> <span class='ocrx_word' id='word_1_60' title='bbox 861 913 884 929; x_wconf 87' lang='lat'><strong>“</strong></span> <span class='ocrx_word' id='word_1_61' title='bbox 901 909 973 949; x_wconf 90' lang='lat' dir='ltr'>Ipse</span> <span class='ocrx_word' id='word_1_62' title='bbox 989 908 1077 939; x_wconf 87' lang='lat' dir='ltr'>deni-</span> 
     </span>
     <span class='ocr_line' id='line_1_13' title="bbox 348 961 1080 1013; baseline -0.019 -10"><span class='ocrx_word' id='word_1_63' title='bbox 348 975 374 994; x_wconf 84' lang='lat'><strong>“</strong></span> <span class='ocrx_word' id='word_1_64' title='bbox 389 981 451 1013; x_wconf 85' lang='lat' dir='ltr'>que</span> <span class='ocrx_word' id='word_1_65' title='bbox 465 969 601 1004; x_wconf 86' lang='lat' dir='ltr'>animus,</span> <span class='ocrx_word' id='word_1_66' title='bbox 624 964 679 1007; x_wconf 88' lang='lat' dir='ltr'>qui</span> <span class='ocrx_word' id='word_1_67' title='bbox 701 962 888 995; x_wconf 80' lang='lat' dir='ltr'>immortalis</span> <span class='ocrx_word' id='word_1_68' title='bbox 909 972 928 991; x_wconf 88' lang='lat' dir='ltr'>a</span> <span class='ocrx_word' id='word_1_69' title='bbox 945 961 1032 991; x_wconf 84' lang='lat' dir='ltr'>vobis</span> <span class='ocrx_word' id='word_1_70' title='bbox 1047 964 1080 990; x_wconf 87' lang='lat' dir='ltr'>et</span> 
     </span>
     <span class='ocr_line' id='line_1_14' title="bbox 349 1012 1079 1054; baseline -0.021 1"><span class='ocrx_word' id='word_1_71' title='bbox 349 1026 374 1044; x_wconf 87' lang='lat'>“</span> <span class='ocrx_word' id='word_1_72' title='bbox 389 1023 466 1054; x_wconf 86' lang='lat' dir='ltr'>deus</span> <span class='ocrx_word' id='word_1_73' title='bbox 487 1030 552 1051; x_wconf 85' lang='lat' dir='ltr'>esse</span> <span class='ocrx_word' id='word_1_74' title='bbox 574 1023 728 1054; x_wconf 83' lang='lat' dir='ltr'>narratur,</span> <span class='ocrx_word' id='word_1_75' title='bbox 751 1025 807 1046; x_wconf 90' lang='lat' dir='ltr'>cur</span> <span class='ocrx_word' id='word_1_76' title='bbox 828 1014 862 1044; x_wconf 89' lang='lat' dir='ltr'>in</span> <span class='ocrx_word' id='word_1_77' title='bbox 887 1012 978 1053; x_wconf 85' lang='lat' dir='ltr'>aegris</span> <span class='ocrx_word' id='word_1_78' title='bbox 996 1021 1079 1052; x_wconf 89' lang='lat' dir='ltr'>aeger</span> 
     </span>
     <span class='ocr_line' id='line_1_15' title="bbox 349 1066 1080 1112; baseline -0.019 -5"><span class='ocrx_word' id='word_1_79' title='bbox 349 1079 374 1095; x_wconf 76' lang='lat'>‘⁶</span> <span class='ocrx_word' id='word_1_80' title='bbox 390 1075 440 1112; x_wconf 88' lang='lat' dir='ltr'>sit,</span> <span class='ocrx_word' id='word_1_81' title='bbox 462 1075 497 1104; x_wconf 90' lang='lat' dir='ltr'>in</span> <span class='ocrx_word' id='word_1_82' title='bbox 511 1071 684 1103; x_wconf 89' lang='lat' dir='ltr'>infantibus</span> <span class='ocrx_word' id='word_1_83' title='bbox 706 1067 847 1103; x_wconf 78' lang='lat' dir='ltr'>stolidus,</span> <span class='ocrx_word' id='word_1_84' title='bbox 870 1066 905 1096; x_wconf 89' lang='lat' dir='ltr'>in</span> <span class='ocrx_word' id='word_1_85' title='bbox 919 1069 1080 1095; x_wconf 88' lang='lat' dir='ltr'>senectute</span> 
     </span>
     <span class='ocr_line' id='line_1_16' title="bbox 350 1116 1077 1164; baseline -0.018 -5"><span class='ocrx_word' id='word_1_86' title='bbox 350 1132 374 1148; x_wconf 78' lang='lat'>‘⁶</span> <span class='ocrx_word' id='word_1_87' title='bbox 391 1127 542 1164; x_wconf 85' lang='lat' dir='ltr'>defessus,</span> <span class='ocrx_word' id='word_1_88' title='bbox 564 1125 689 1161; x_wconf 82' lang='lat' dir='ltr'>delirat,</span> <span class='ocrx_word' id='word_1_89' title='bbox 700 1121 816 1163; x_wconf 79' lang='lat' dir='ltr'>fatuus</span> <span class='ocrx_word' id='word_1_90' title='bbox 831 1125 885 1156; x_wconf 79' lang='lat' dir='ltr'>est,</span> <span class='ocrx_word' id='word_1_91' title='bbox 912 1116 1077 1148; x_wconf 76' lang='lat' dir='ltr'>insanit?”</span> 
     </span>
     <span class='ocr_line' id='line_1_17' title="bbox 350 1169 1078 1216; baseline -0.021 -3"><span class='ocrx_word' id='word_1_92' title='bbox 350 1181 406 1213; x_wconf 80' lang='lat' dir='ltr'>Sic</span> <span class='ocrx_word' id='word_1_93' title='bbox 419 1180 548 1210; x_wconf 75' lang='lat' dir='ltr'>fortasse</span> <span class='ocrx_word' id='word_1_94' title='bbox 563 1173 795 1216; x_wconf 78' lang='lat' dir='ltr'>castigandum:</span> <span class='ocrx_word' id='word_1_95' title='bbox 814 1181 890 1202; x_wconf 87' lang='lat' dir='ltr'>nam</span> <span class='ocrx_word' id='word_1_96' title='bbox 903 1170 977 1200; x_wconf 84' lang='lat' dir='ltr'>libri</span> <span class='ocrx_word' id='word_1_97' title='bbox 991 1169 1078 1206; x_wconf 88' lang='lat' dir='ltr'>dant,</span> 
     </span>
     <span class='ocr_line' id='line_1_18' title="bbox 349 1220 1080 1270; baseline -0.021 -6"><span class='ocrx_word' id='word_1_98' title='bbox 349 1233 462 1269; x_wconf 82' lang='lat' dir='ltr'>delira,</span> <span class='ocrx_word' id='word_1_99' title='bbox 488 1235 517 1260; x_wconf 85' lang='lat' dir='ltr'>et</span> <span class='ocrx_word' id='word_1_100' title='bbox 528 1230 639 1270; x_wconf 81' lang='lat' dir='ltr'>fatua,</span> <span class='ocrx_word' id='word_1_101' title='bbox 664 1231 693 1256; x_wconf 81' lang='lat' dir='ltr'>et</span> <span class='ocrx_word' id='word_1_102' title='bbox 707 1227 836 1260; x_wconf 83' lang='lat' dir='ltr'>insana;</span> <span class='ocrx_word' id='word_1_103' title='bbox 860 1231 931 1262; x_wconf 87' lang='lat' dir='ltr'>quae</span> <span class='ocrx_word' id='word_1_104' title='bbox 957 1220 1080 1251; x_wconf 87' lang='lat' dir='ltr'>nullam</span> 
     </span>
     <span class='ocr_line' id='line_1_19' title="bbox 350 1272 1079 1316; baseline -0.021 0"><span class='ocrx_word' id='word_1_105' title='bbox 350 1282 546 1316; x_wconf 85' lang='lat' dir='ltr'>tolerabilem</span> <span class='ocrx_word' id='word_1_106' title='bbox 560 1277 824 1311; x_wconf 78' lang='lat' dir='ltr'>constructionem</span> <span class='ocrx_word' id='word_1_107' title='bbox 847 1273 1012 1305; x_wconf 82' lang='lat' dir='ltr'>admittere</span> <span class='ocrx_word' id='word_1_108' title='bbox 1032 1272 1079 1302; x_wconf 83' lang='lat' dir='ltr'>vi·</span> 
     </span>
     <span class='ocr_line' id='line_1_20' title="bbox 350 1327 1078 1368; baseline -0.018 0"><span class='ocrx_word' id='word_1_109' title='bbox 350 1336 474 1368; x_wconf 86' lang='lat' dir='ltr'>dentur.</span> <span class='ocrx_word' id='word_1_110' title='bbox 518 1333 643 1364; x_wconf 83' lang='lat' dir='ltr'>Insanit</span> <span class='ocrx_word' id='word_1_111' title='bbox 670 1334 778 1361; x_wconf 76' lang='lat' dir='ltr'>autem</span> <span class='ocrx_word' id='word_1_112' title='bbox 797 1338 914 1367; x_wconf 73' lang='lat' dir='ltr'>eegr-um</span> <span class='ocrx_word' id='word_1_113' title='bbox 940 1327 1078 1356; x_wconf 83' lang='lat' dir='ltr'>animum</span> 
     </span>
     <span class='ocr_line' id='line_1_21' title="bbox 350 1379 1077 1428; baseline -0.018 -8"><span class='ocrx_word' id='word_1_114' title='bbox 350 1387 490 1428; x_wconf 79' lang='lat' dir='ltr'>respicit3</span> <span class='ocrx_word' id='word_1_115' title='bbox 503 1386 618 1428; x_wconf 77' lang='lat' dir='ltr'>fatuus</span> <span class='ocrx_word' id='word_1_116' title='bbox 632 1392 770 1420; x_wconf 87' lang='lat' dir='ltr'>rursum,</span> <span class='ocrx_word' id='word_1_117' title='bbox 785 1380 937 1422; x_wconf 82' lang='lat' dir='ltr'>infantem</span> <span class='ocrx_word' id='word_1_118' title='bbox 943 1394 955 1415; x_wconf 88' lang='lat'>‚·</span> <span class='ocrx_word' id='word_1_119' title='bbox 981 1384 1012 1408; x_wconf 90' lang='lat' dir='ltr'>et</span> <span class='ocrx_word' id='word_1_120' title='bbox 1026 1379 1077 1408; x_wconf 85' lang='lat' dir='ltr'>de-</span> 
     </span>
     <span class='ocr_line' id='line_1_22' title="bbox 349 1431 1079 1479; baseline -0.019 -7"><span class='ocrx_word' id='word_1_121' title='bbox 349 1443 426 1472; x_wconf 78' lang='lat' dir='ltr'>lirat</span> <span class='ocrx_word' id='word_1_122' title='bbox 440 1438 588 1479; x_wconf 82' lang='lat' dir='ltr'>denique,</span> <span class='ocrx_word' id='word_1_123' title='bbox 609 1436 741 1468; x_wconf 81' lang='lat' dir='ltr'>senilem.</span> <span class='ocrx_word' id='word_1_124' title='bbox 786 1431 960 1468; x_wconf 77' lang='lat' dir='ltr'>Bentleius,</span> <span class='ocrx_word' id='word_1_125' title='bbox 983 1439 1079 1470; x_wconf 89' lang='lat' dir='ltr'>quem</span> 
     </span>
     <span class='ocr_line' id='line_1_23' title="bbox 350 1481 1078 1524; baseline -0.018 -1"><span class='ocrx_word' id='word_1_126' title='bbox 350 1502 438 1524; x_wconf 84' lang='lat' dir='ltr'>serus</span> <span class='ocrx_word' id='word_1_127' title='bbox 452 1486 725 1521; x_wconf 85' lang='lat' dir='ltr'>animadverterim</span> <span class='ocrx_word' id='word_1_128' title='bbox 741 1482 917 1515; x_wconf 89' lang='lat' dir='ltr'>Arnobiani</span> <span class='ocrx_word' id='word_1_129' title='bbox 937 1481 998 1512; x_wconf 89' lang='lat' dir='ltr'>loci</span> <span class='ocrx_word' id='word_1_130' title='bbox 1012 1491 1078 1511; x_wconf 90' lang='lat' dir='ltr'>me-</span> 
     </span>
     <span class='ocr_line' id='line_1_24' title="bbox 349 1532 1078 1581; baseline -0.021 -5"><span class='ocrx_word' id='word_1_131' title='bbox 349 1553 484 1581; x_wconf 87' lang='lat' dir='ltr'>morem,</span> <span class='ocrx_word' id='word_1_132' title='bbox 507 1539 547 1572; x_wconf 90' lang='lat' dir='ltr'>ad</span> <span class='ocrx_word' id='word_1_133' title='bbox 563 1549 623 1570; x_wconf 82' lang='lat' dir='ltr'>ver.</span> <span class='ocrx_word' id='word_1_134' title='bbox 647 1540 719 1569; x_wconf 91' lang='lat'><strong>465.</strong></span> <span class='ocrx_word' id='word_1_135' title='bbox 743 1533 978 1567; x_wconf 88' lang='lat' dir='ltr'>emendandum</span> <span class='ocrx_word' id='word_1_136' title='bbox 993 1532 1078 1568; x_wconf 84' lang='lat' dir='ltr'>dicit,</span> 
     </span>
     <span class='ocr_line' id='line_1_25' title="bbox 349 1584 1078 1636; baseline -0.019 -9"><span class='ocrx_word' id='word_1_137' title='bbox 349 1597 449 1627; x_wconf 80' lang='lat' dir='ltr'>delira</span> <span class='ocrx_word' id='word_1_138' title='bbox 454 1594 561 1636; x_wconf 83' lang='lat' dir='ltr'>satur,</span> <span class='ocrx_word' id='word_1_139' title='bbox 577 1598 605 1622; x_wconf 82' lang='lat' dir='ltr'>et</span> <span class='ocrx_word' id='word_1_140' title='bbox 620 1592 731 1621; x_wconf 83' lang='lat' dir='ltr'>insana</span> <span class='ocrx_word' id='word_1_141' title='bbox 737 1604 748 1625; x_wconf 89' lang='lat'><em>;</em></span> <span class='ocrx_word' id='word_1_142' title='bbox 771 1586 822 1618; x_wconf 91' lang='lat' dir='ltr'>vel</span> <span class='ocrx_word' id='word_1_143' title='bbox 836 1588 962 1617; x_wconf 79' lang='lat' dir='ltr'>insanit.</span> <span class='ocrx_word' id='word_1_144' title='bbox 1000 1584 1078 1615; x_wconf 90' lang='lat' dir='ltr'>Lec-</span> 
     </span>
     <span class='ocr_line' id='line_1_26' title="bbox 348 1637 1079 1679; baseline -0.018 -1"><span class='ocrx_word' id='word_1_145' title='bbox 348 1653 432 1678; x_wconf 78' lang='lat' dir='ltr'>tores</span> <span class='ocrx_word' id='word_1_146' title='bbox 445 1645 535 1676; x_wconf 87' lang='lat' dir='ltr'>litem</span> <span class='ocrx_word' id='word_1_147' title='bbox 549 1642 706 1674; x_wconf 82' lang='lat' dir='ltr'>dirimant.</span> <span class='ocrx_word' id='word_1_148' title='bbox 740 1639 878 1679; x_wconf 86' lang='lat' dir='ltr'>Egomet</span> <span class='ocrx_word' id='word_1_149' title='bbox 892 1647 965 1667; x_wconf 93' lang='lat' dir='ltr'>cum</span> <span class='ocrx_word' id='word_1_150' title='bbox 982 1637 1079 1666; x_wconf 88' lang='lat' dir='ltr'>Bent-</span> 
     </span>
     <span class='ocr_line' id='line_1_27' title="bbox 349 1690 1079 1733; baseline -0.018 -2"><span class='ocrx_word' id='word_1_151' title='bbox 349 1700 456 1731; x_wconf 89' lang='lat' dir='ltr'>leiano</span> <span class='ocrx_word' id='word_1_152' title='bbox 470 1695 618 1727; x_wconf 82' lang='lat' dir='ltr'>acumine</span> <span class='ocrx_word' id='word_1_153' title='bbox 636 1691 801 1733; x_wconf 86' lang='lat' dir='ltr'>digladiari</span> <span class='ocrx_word' id='word_1_154' title='bbox 816 1690 898 1721; x_wconf 89' lang='lat' dir='ltr'>nolo.</span> <span class='ocrx_word' id='word_1_155' title='bbox 944 1691 1019 1720; x_wconf 83' lang='lat' dir='ltr'>Non</span> <span class='ocrx_word' id='word_1_156' title='bbox 1035 1690 1079 1719; x_wconf 82' lang='lat' dir='ltr'>ita</span> 
     </span>
     <span class='ocr_line' id='line_1_28' title="bbox 351 1740 1080 1787; baseline -0.019 -4"><span class='ocrx_word' id='word_1_157' title='bbox 351 1751 493 1784; x_wconf 81' lang='lat' dir='ltr'>certandi</span> <span class='ocrx_word' id='word_1_158' title='bbox 507 1749 646 1787; x_wconf 83' lang='lat' dir='ltr'>cupidus.</span> <span class='ocrx_word' id='word_1_159' title='bbox 681 1744 825 1782; x_wconf 85' lang='lat' dir='ltr'>Insuper,</span> <span class='ocrx_word' id='word_1_160' title='bbox 840 1741 1027 1772; x_wconf 87' lang='lat' dir='ltr'>sententiam</span> <span class='ocrx_word' id='word_1_161' title='bbox 1041 1740 1080 1770; x_wconf 81' lang='lat' dir='ltr'>il-</span> 
     </span>
     <span class='ocr_line' id='line_1_29' title="bbox 350 1792 1078 1836; baseline -0.018 -2"><span class='ocrx_word' id='word_1_162' title='bbox 350 1803 530 1834; x_wconf 88' lang='lat' dir='ltr'>lustrabunt</span> <span class='ocrx_word' id='word_1_163' title='bbox 551 1798 646 1830; x_wconf 82' lang='lat' dir='ltr'>etiam</span> <span class='ocrx_word' id='word_1_164' title='bbox 661 1807 710 1835; x_wconf 86' lang='lat' dir='ltr'>ea,</span> <span class='ocrx_word' id='word_1_165' title='bbox 732 1805 803 1836; x_wconf 83' lang='lat' dir='ltr'>quae</span> <span class='ocrx_word' id='word_1_166' title='bbox 817 1793 988 1825; x_wconf 85' lang='lat' dir='ltr'>doctissimi</span> <span class='ocrx_word' id='word_1_167' title='bbox 1009 1792 1078 1823; x_wconf 88' lang='lat' dir='ltr'>ani-</span> 
     </span>
     <span class='ocr_line' id='line_1_30' title="bbox 351 1844 1080 1885; baseline -0.018 1"><span class='ocrx_word' id='word_1_168' title='bbox 351 1854 564 1885; x_wconf 84' lang='lat' dir='ltr'>madversores</span> <span class='ocrx_word' id='word_1_169' title='bbox 593 1848 716 1880; x_wconf 91' lang='lat' dir='ltr'>dudum</span> <span class='ocrx_word' id='word_1_170' title='bbox 743 1847 778 1878; x_wconf 90' lang='lat' dir='ltr'>in</span> <span class='ocrx_word' id='word_1_171' title='bbox 808 1845 944 1878; x_wconf 87' lang='lat' dir='ltr'>Arnobii</span> <span class='ocrx_word' id='word_1_172' title='bbox 972 1844 1080 1875; x_wconf 91' lang='lat' dir='ltr'>locum</span> 
     </span>
     <span class='ocr_line' id='line_1_31' title="bbox 352 1905 563 1938; baseline -0.024 0"><span class='ocrx_word' id='word_1_173' title='bbox 352 1905 563 1938; x_wconf 84' lang='lat' dir='ltr'>contulerunt.</span> 
     </span>
    </p>
   </div>
   <div class='ocr_carea' id='block_1_9' title="bbox 350 1957 1084 2785">
    <p class='ocr_par' dir='ltr' id='par_1_10' title="bbox 350 1957 1078 2109">
     <span class='ocr_line' id='line_1_32' title="bbox 393 1957 1078 1998; baseline -0.015 -1"><span class='ocrx_word' id='word_1_174' title='bbox 393 1967 470 1998; x_wconf 90' lang='lat' dir='ltr'>Ver.</span> <span class='ocrx_word' id='word_1_175' title='bbox 482 1967 555 1995; x_wconf 82' lang='lat'><strong>448.</strong></span> <span class='ocrx_word' id='word_1_176' title='bbox 578 1969 699 1993; x_wconf 78' lang='lat' dir='ltr'>tenero.-</span> <span class='ocrx_word' id='word_1_177' title='bbox 724 1959 823 1990; x_wconf 89' lang='lat' dir='ltr'>Vind.</span> <span class='ocrx_word' id='word_1_178' title='bbox 840 1958 880 1989; x_wconf 88' lang='lat' dir='ltr'>V.</span> <span class='ocrx_word' id='word_1_179' title='bbox 903 1957 953 1988; x_wconf 87' lang='lat' dir='ltr'>ed.</span> <span class='ocrx_word' id='word_1_180' title='bbox 979 1964 1020 1988; x_wconf 89' lang='grc' dir='ltr'>Π.</span> <span class='ocrx_word' id='word_1_181' title='bbox 1043 1961 1078 1988; x_wconf 80' lang='grc' dir='ltr'>Σ.</span> 
     </span>
     <span class='ocr_line' id='line_1_33' title="bbox 351 2007 1078 2052; baseline -0.021 0"><span class='ocrx_word' id='word_1_182' title='bbox 351 2027 469 2052; x_wconf 72' lang='lat' dir='ltr'>tenere:</span> <span class='ocrx_word' id='word_1_183' title='bbox 493 2015 641 2050; x_wconf 74' lang='lat' dir='ltr'>volentes,</span> <span class='ocrx_word' id='word_1_184' title='bbox 657 2012 778 2051; x_wconf 86' lang='lat' dir='ltr'>opinor,</span> <span class='ocrx_word' id='word_1_185' title='bbox 794 2017 921 2046; x_wconf 84' lang='lat' dir='ltr'>temere;</span> <span class='ocrx_word' id='word_1_186' title='bbox 952 2008 1007 2039; x_wconf 85' lang='lat' dir='ltr'>sed</span> <span class='ocrx_word' id='word_1_187' title='bbox 1020 2007 1078 2038; x_wconf 86' lang='lat' dir='ltr'>fal-</span> 
     </span>
     <span class='ocr_line' id='line_1_34' title="bbox 350 2065 791 2109; baseline -0.025 -4"><span class='ocrx_word' id='word_1_188' title='bbox 350 2072 470 2109; x_wconf 86' lang='lat' dir='ltr'>laciter,</span> <span class='ocrx_word' id='word_1_189' title='bbox 492 2069 563 2109; x_wconf 86' lang='lat' dir='ltr'>plus</span> <span class='ocrx_word' id='word_1_190' title='bbox 574 2077 640 2098; x_wconf 90' lang='lat' dir='ltr'>uno</span> <span class='ocrx_word' id='word_1_191' title='bbox 653 2065 791 2096; x_wconf 86' lang='lat' dir='ltr'>nomine.</span> 
     </span>
    </p>

    <p class='ocr_par' dir='ltr' id='par_1_11' title="bbox 353 2120 1084 2785">
     <span class='ocr_line' id='line_1_35' title="bbox 395 2120 1079 2164; baseline -0.019 -2"><span class='ocrx_word' id='word_1_192' title='bbox 395 2131 471 2162; x_wconf 91' lang='lat' dir='ltr'>Ver.</span> <span class='ocrx_word' id='word_1_193' title='bbox 489 2132 563 2160; x_wconf 86' lang='lat'><strong>449.</strong></span> <span class='ocrx_word' id='word_1_194' title='bbox 579 2128 695 2158; x_wconf 78' lang='lat' dir='ltr'>tenuis.-</span> <span class='ocrx_word' id='word_1_195' title='bbox 715 2125 750 2156; x_wconf 86' lang='lat' dir='ltr'><strong>P.</strong></span> <span class='ocrx_word' id='word_1_196' title='bbox 767 2130 901 2164; x_wconf 79' lang='lat' dir='ltr'>tempus;</span> <span class='ocrx_word' id='word_1_197' title='bbox 924 2120 1011 2152; x_wconf 85' lang='lat' dir='ltr'>haud</span> <span class='ocrx_word' id='word_1_198' title='bbox 1025 2120 1079 2150; x_wconf 87' lang='lat' dir='ltr'>ab·</span> 
     </span>
     <span class='ocr_line' id='line_1_36' title="bbox 353 2172 1081 2216; baseline -0.018 -1"><span class='ocrx_word' id='word_1_199' title='bbox 353 2183 463 2216; x_wconf 88' lang='lat' dir='ltr'>surde:</span> <span class='ocrx_word' id='word_1_200' title='bbox 496 2186 610 2211; x_wconf 82' lang='lat' dir='ltr'>nostrae</span> <span class='ocrx_word' id='word_1_201' title='bbox 632 2184 740 2209; x_wconf 82' lang='lat' dir='ltr'>tamen</span> <span class='ocrx_word' id='word_1_202' title='bbox 768 2175 911 2207; x_wconf 88' lang='lat' dir='ltr'>lectionis</span> <span class='ocrx_word' id='word_1_203' title='bbox 939 2174 973 2204; x_wconf 90' lang='lat' dir='ltr'>in</span> <span class='ocrx_word' id='word_1_204' title='bbox 999 2172 1081 2211; x_wconf 83' lang='lat' dir='ltr'>notis</span> 
     </span>
     <span class='ocr_line' id='line_1_37' title="bbox 353 2227 1083 2271; baseline -0.015 -4"><span class='ocrx_word' id='word_1_205' title='bbox 353 2235 549 2267; x_wconf 87' lang='lat' dir='ltr'>mentionem</span> <span class='ocrx_word' id='word_1_206' title='bbox 562 2233 652 2271; x_wconf 78' lang='lat' dir='ltr'>facit3</span> <span class='ocrx_word' id='word_1_207' title='bbox 675 2232 718 2263; x_wconf 89' lang='lat' dir='ltr'>V.</span> <span class='ocrx_word' id='word_1_208' title='bbox 733 2231 781 2262; x_wconf 82' lang='lat' dir='ltr'>ed.</span> <span class='ocrx_word' id='word_1_209' title='bbox 799 2237 840 2262; x_wconf 89' lang='grc' dir='ltr'>Π.</span> <span class='ocrx_word' id='word_1_210' title='bbox 855 2236 951 2260; x_wconf 83' lang='lat' dir='ltr'>tenus.</span> <span class='ocrx_word' id='word_1_211' title='bbox 995 2227 1083 2257; x_wconf 85' lang='lat' dir='ltr'>Inte-</span> 
     </span>
     <span class='ocr_line' id='line_1_38' title="bbox 353 2279 1084 2326; baseline -0.015 -8"><span class='ocrx_word' id='word_1_212' title='bbox 353 2297 418 2326; x_wconf 84' lang='lat' dir='ltr'>rea,</span> <span class='ocrx_word' id='word_1_213' title='bbox 447 2285 556 2317; x_wconf 86' lang='lat' dir='ltr'>lector!</span> <span class='ocrx_word' id='word_1_214' title='bbox 588 2293 693 2314; x_wconf 86' lang='lat' dir='ltr'>versus</span> <span class='ocrx_word' id='word_1_215' title='bbox 714 2282 851 2322; x_wconf 88' lang='lat' dir='ltr'>legimus</span> <span class='ocrx_word' id='word_1_216' title='bbox 875 2279 1084 2319; x_wconf 88' lang='lat' dir='ltr'>undequaque</span> 
     </span>
     <span class='ocr_line' id='line_1_39' title="bbox 354 2331 1083 2379; baseline -0.014 -10"><span class='ocrx_word' id='word_1_217' title='bbox 354 2337 583 2379; x_wconf 84' lang='lat' dir='ltr'>praecellentes;</span> <span class='ocrx_word' id='word_1_218' title='bbox 598 2332 855 2366; x_wconf 85' lang='lat' dir='ltr'>luculentissimis</span> <span class='ocrx_word' id='word_1_219' title='bbox 867 2331 965 2362; x_wconf 86' lang='lat' dir='ltr'>verbis</span> <span class='ocrx_word' id='word_1_220' title='bbox 977 2335 1013 2360; x_wconf 76' lang='lat' dir='ltr'>et</span> <span class='ocrx_word' id='word_1_221' title='bbox 1022 2339 1083 2360; x_wconf 91' lang='lat' dir='ltr'>nu-</span> 
     </span>
     <span class='ocr_line' id='line_1_40' title="bbox 355 2382 1084 2421; baseline -0.012 0"><span class='ocrx_word' id='word_1_222' title='bbox 355 2390 452 2421; x_wconf 88' lang='lat' dir='ltr'>meris</span> <span class='ocrx_word' id='word_1_223' title='bbox 466 2387 623 2420; x_wconf 82' lang='lat' dir='ltr'>facillimis</span> <span class='ocrx_word' id='word_1_224' title='bbox 645 2386 777 2417; x_wconf 83' lang='lat' dir='ltr'>feliciter</span> <span class='ocrx_word' id='word_1_225' title='bbox 791 2384 970 2416; x_wconf 83' lang='lat' dir='ltr'>elaboratos.</span> <span class='ocrx_word' id='word_1_226' title='bbox 1017 2382 1084 2421; x_wconf 90' lang='lat' dir='ltr'>Op-</span> 
     </span>
     <span class='ocr_line' id='line_1_41' title="bbox 353 2433 1081 2482; baseline -0.015 -9"><span class='ocrx_word' id='word_1_227' title='bbox 353 2448 510 2482; x_wconf 84' lang='lat' dir='ltr'>portunus</span> <span class='ocrx_word' id='word_1_228' title='bbox 523 2440 620 2471; x_wconf 88' lang='lat' dir='ltr'>etiam</span> <span class='ocrx_word' id='word_1_229' title='bbox 633 2437 769 2476; x_wconf 80' lang='lat' dir='ltr'>accedet,</span> <span class='ocrx_word' id='word_1_230' title='bbox 791 2442 828 2467; x_wconf 87' lang='lat' dir='ltr'>ut</span> <span class='ocrx_word' id='word_1_231' title='bbox 853 2435 907 2477; x_wconf 93' lang='lat' dir='ltr'>qui</span> <span class='ocrx_word' id='word_1_232' title='bbox 932 2433 1081 2472; x_wconf 83' lang='lat' dir='ltr'>maxime,</span> 
     </span>
     <span class='ocr_line' id='line_1_42' title="bbox 356 2489 1081 2530; baseline -0.012 -4"><span class='ocrx_word' id='word_1_233' title='bbox 356 2495 399 2526; x_wconf 91' lang='lat' dir='ltr'>D.</span> <span class='ocrx_word' id='word_1_234' title='bbox 414 2494 543 2530; x_wconf 85' lang='lat' dir='ltr'>Paulus,</span> <span class='ocrx_word' id='word_1_235' title='bbox 571 2496 584 2524; x_wconf 91' lang='lat' dir='ltr'>l</span> <span class='ocrx_word' id='word_1_236' title='bbox 603 2492 677 2523; x_wconf 89' lang='lat' dir='ltr'>Cor.</span> <span class='ocrx_word' id='word_1_237' title='bbox 693 2490 758 2521; x_wconf 84' lang='lat' dir='ltr'>xiii.</span> <span class='ocrx_word' id='word_1_238' title='bbox 777 2489 916 2521; x_wconf 69' lang='lat' dir='ltr'>11.—6ers</span> <span class='ocrx_word' id='word_1_239' title='bbox 940 2501 1012 2528; x_wconf 67' lang='lat' dir='ltr'>mam</span> <span class='ocrx_word' id='word_1_240' title='bbox 1036 2501 1081 2520; x_wconf 74' lang='lat' dir='ltr'>rn-</span> 
     </span>
     <span class='ocr_line' id='line_1_43' title="bbox 355 2540 1080 2586; baseline -0.014 -7"><span class='ocrx_word' id='word_1_241' title='bbox 355 2561 431 2586; x_wconf 71' lang='lat' dir='ltr'>mos,</span> <span class='ocrx_word' id='word_1_242' title='bbox 446 2547 482 2581; x_wconf 69' lang='grc' dir='ltr'>ὣς</span> <span class='ocrx_word' id='word_1_243' title='bbox 497 2558 591 2580; x_wconf 69' lang='lat' dir='ltr'>vna-103</span> <span class='ocrx_word' id='word_1_244' title='bbox 611 2551 729 2580; x_wconf 72' lang='grc' dir='ltr'>ελαλεν,</span> <span class='ocrx_word' id='word_1_245' title='bbox 746 2543 781 2577; x_wconf 72' lang='grc' dir='ltr'>ὡς</span> <span class='ocrx_word' id='word_1_246' title='bbox 799 2554 892 2576; x_wconf 64' lang='lat' dir='ltr'>arn-mog</span> <span class='ocrx_word' id='word_1_247' title='bbox 910 2548 1026 2583; x_wconf 69' lang='grc' dir='ltr'>εφρονεν,</span> <span class='ocrx_word' id='word_1_248' title='bbox 1045 2540 1080 2573; x_wconf 76' lang='grc' dir='ltr'>ὡς</span> 
     </span>
     <span class='ocr_line' id='line_1_44' title="bbox 354 2594 1081 2639; baseline -0.011 -9"><span class='ocrx_word' id='word_1_249' title='bbox 354 2612 449 2633; x_wconf 67' lang='grc' dir='ltr'><strong><em>»ἤπιος</em></strong></span> <span class='ocrx_word' id='word_1_250' title='bbox 466 2599 647 2639; x_wconf 76' lang='grc' dir='ltr'>ελογιζομην·</span> <span class='ocrx_word' id='word_1_251' title='bbox 671 2597 718 2627; x_wconf 70' lang='grc' dir='ltr'>ὅτε</span> <span class='ocrx_word' id='word_1_252' title='bbox 743 2594 771 2626; x_wconf 69' lang='grc' dir='ltr'>δε</span> <span class='ocrx_word' id='word_1_253' title='bbox 793 2607 904 2635; x_wconf 68' lang='grc' dir='ltr'>γεγοναι</span> <span class='ocrx_word' id='word_1_254' title='bbox 926 2606 1002 2634; x_wconf 71' lang='lat' dir='ltr'>amp,</span> <span class='ocrx_word' id='word_1_255' title='bbox 1025 2605 1081 2623; x_wconf 73' lang='grc' dir='ltr'><strong><em>καε-</em></strong></span> 
     </span>
     <span class='ocr_line' id='line_1_45' title="bbox 355 2647 1081 2693; baseline -0.011 -11"><span class='ocrx_word' id='word_1_256' title='bbox 355 2664 493 2693; x_wconf 70' lang='grc' dir='ltr'>τηργηκκ</span> <span class='ocrx_word' id='word_1_257' title='bbox 509 2664 550 2682; x_wconf 70' lang='grc' dir='ltr'>τοι</span> <span class='ocrx_word' id='word_1_258' title='bbox 565 2662 603 2681; x_wconf 68' lang='grc' dir='ltr'>τε</span> <span class='ocrx_word' id='word_1_259' title='bbox 618 2661 710 2683; x_wconf 68' lang='lat' dir='ltr'>mmu-</span> <span class='ocrx_word' id='word_1_260' title='bbox 755 2647 819 2678; x_wconf 88' lang='lat' dir='ltr'>Ubi</span> <span class='ocrx_word' id='word_1_261' title='bbox 835 2652 977 2677; x_wconf 83' lang='lat' dir='ltr'>mentem</span> <span class='ocrx_word' id='word_1_262' title='bbox 991 2655 1081 2685; x_wconf 86' lang='lat' dir='ltr'>apos-</span> 
     </span>
     <span class='ocr_line' id='line_1_46' title="bbox 355 2698 1080 2742; baseline -0.008 -9"><span class='ocrx_word' id='word_1_263' title='bbox 355 2702 412 2733; x_wconf 85' lang='lat' dir='ltr'>toli</span> <span class='ocrx_word' id='word_1_264' title='bbox 433 2702 565 2733; x_wconf 88' lang='lat' dir='ltr'>breviter</span> <span class='ocrx_word' id='word_1_265' title='bbox 586 2708 617 2733; x_wconf 86' lang='lat' dir='ltr'>et</span> <span class='ocrx_word' id='word_1_266' title='bbox 631 2701 791 2742; x_wconf 83' lang='lat' dir='ltr'>eleganter</span> <span class='ocrx_word' id='word_1_267' title='bbox 812 2698 980 2730; x_wconf 77' lang='lat' dir='ltr'>declaravit</span> <span class='ocrx_word' id='word_1_268' title='bbox 994 2707 1080 2728; x_wconf 89' lang='lat' dir='ltr'>sum-</span> 
     </span>
     <span class='ocr_line' id='line_1_47' title="bbox 356 2753 583 2785; baseline -0.004 0"><span class='ocrx_word' id='word_1_269' title='bbox 356 2764 428 2785; x_wconf 87' lang='lat' dir='ltr'>mus</span> <span class='ocrx_word' id='word_1_270' title='bbox 443 2753 583 2784; x_wconf 87' lang='lat' dir='ltr'>Grotius.</span> 
     </span>
    </p>
   </div>
   <div class='ocr_carea' id='block_1_10' title="bbox 355 2812 1084 2905">
    <p class='ocr_par' dir='ltr' id='par_1_12' title="bbox 355 2812 1084 2905">
     <span class='ocr_line' id='line_1_48' title="bbox 397 2812 1084 2854; baseline -0.003 -8"><span class='ocrx_word' id='word_1_271' title='bbox 397 2815 474 2846; x_wconf 88' lang='lat' dir='ltr'>Ver.</span> <span class='ocrx_word' id='word_1_272' title='bbox 485 2817 558 2846; x_wconf 87' lang='lat'><strong>450.</strong></span> <span class='ocrx_word' id='word_1_273' title='bbox 571 2814 661 2845; x_wconf 90' lang='lat' dir='ltr'>Hinc</span> <span class='ocrx_word' id='word_1_274' title='bbox 672 2813 792 2844; x_wconf 78' lang='lat' dir='ltr'>effinxit</span> <span class='ocrx_word' id='word_1_275' title='bbox 805 2812 962 2854; x_wconf 87' lang='lat' dir='ltr'>Virgilius</span> <span class='ocrx_word' id='word_1_276' title='bbox 971 2821 1084 2844; x_wconf 77' lang='lat' dir='ltr'>venus·</span> 
     </span>
     <span class='ocr_line' id='line_1_49' title="bbox 355 2864 977 2905; baseline 0.002 -10"><span class='ocrx_word' id='word_1_277' title='bbox 355 2865 489 2898; x_wconf 78' lang='lat' dir='ltr'>tissimus</span> <span class='ocrx_word' id='word_1_278' title='bbox 502 2875 609 2897; x_wconf 79' lang='lat' dir='ltr'>versus</span> <span class='ocrx_word' id='word_1_279' title='bbox 623 2874 706 2903; x_wconf 86' lang='lat' dir='ltr'>suos,</span> <span class='ocrx_word' id='word_1_280' title='bbox 728 2865 762 2895; x_wconf 86' lang='lat' dir='ltr'>in</span> <span class='ocrx_word' id='word_1_281' title='bbox 774 2874 842 2905; x_wconf 83' lang='lat' dir='ltr'>geo.</span> <span class='ocrx_word' id='word_1_282' title='bbox 856 2864 888 2895; x_wconf 81' lang='lat' dir='ltr'>ii.</span> <span class='ocrx_word' id='word_1_283' title='bbox 904 2867 977 2896; x_wconf 76' lang='grc'>562.</span> 
     </span>
    </p>
   </div>
   <div class='ocr_carea' id='block_1_11' title="bbox 1137 891 1912 1056">
    <p class='ocr_par' dir='ltr' id='par_1_13' title="bbox 1137 891 1912 1056">
     <span class='ocr_line' id='line_1_50' title="bbox 1137 891 1912 950; baseline -0.008 -20"><span class='ocrx_word' id='word_1_284' title='bbox 1137 905 1187 935; x_wconf 85' lang='lat' dir='ltr'>Ac,</span> <span class='ocrx_word' id='word_1_285' title='bbox 1204 904 1271 929; x_wconf 90' lang='lat' dir='ltr'>dum</span> <span class='ocrx_word' id='word_1_286' title='bbox 1283 903 1369 935; x_wconf 82' lang='lat' dir='ltr'>prima</span> <span class='ocrx_word' id='word_1_287' title='bbox 1381 901 1456 926; x_wconf 83' lang='lat' dir='ltr'>novis</span> <span class='ocrx_word' id='word_1_288' title='bbox 1466 899 1584 925; x_wconf 79' lang='lat' dir='ltr'>adolescit</span> <span class='ocrx_word' id='word_1_289' title='bbox 1586 899 1726 932; x_wconf 72' lang='lat' dir='ltr'>frondibus</span> <span class='ocrx_word' id='word_1_290' title='bbox 1736 902 1811 932; x_wconf 71' lang='lat' dir='ltr'>etas,</span> <span class='ocrx_word' id='word_1_291' title='bbox 1832 913 1834 915; x_wconf 97' lang='lat'>-</span> <span class='ocrx_word' id='word_1_292' title='bbox 1859 905 1868 950; x_wconf 42' lang='grc' dir='ltr'>ἲ</span> <span class='ocrx_word' id='word_1_293' title='bbox 1910 891 1912 895; x_wconf 67' lang='grc'><strong>’</strong></span> 
     </span>
     <span class='ocr_line' id='line_1_51' title="bbox 1137 930 1912 970; baseline -0.008 0"><span class='ocrx_word' id='word_1_294' title='bbox 1137 945 1302 970; x_wconf 80' lang='lat' dir='ltr'>Parcendum</span> <span class='ocrx_word' id='word_1_295' title='bbox 1315 942 1406 967; x_wconf 76' lang='lat' dir='ltr'>teneris</span> <span class='ocrx_word' id='word_1_296' title='bbox 1416 949 1493 967; x_wconf 87' lang='lat'><strong>—.·</strong></span> <span class='ocrx_word' id='word_1_297' title='bbox 1910 930 1912 932; x_wconf 29' lang='grc' dir='ltr'>Ι</span> 
     </span>
     <span class='ocr_line' id='line_1_52' title="bbox 1138 960 1868 1018; baseline -0.004 -8"><span class='ocrx_word' id='word_1_298' title='bbox 1138 987 1215 1016; x_wconf 80' lang='lat' dir='ltr'>Inde,</span> <span class='ocrx_word' id='word_1_299' title='bbox 1226 985 1280 1016; x_wconf 76' lang='lat' dir='ltr'>ubi,</span> <span class='ocrx_word' id='word_1_300' title='bbox 1283 987 1341 1018; x_wconf 83' lang='lat' dir='ltr'>jam</span> <span class='ocrx_word' id='word_1_301' title='bbox 1349 984 1450 1009; x_wconf 80' lang='lat' dir='ltr'>validis</span> <span class='ocrx_word' id='word_1_302' title='bbox 1461 982 1599 1015; x_wconf 80' lang='lat' dir='ltr'>amplexae</span> <span class='ocrx_word' id='word_1_303' title='bbox 1609 982 1734 1015; x_wconf 78' lang='lat' dir='ltr'>stirpibus</span> <span class='ocrx_word' id='word_1_304' title='bbox 1744 981 1847 1017; x_wconf 42' lang='lat' dir='ltr'>ulrum*</span> <span class='ocrx_word' id='word_1_305' title='bbox 1861 960 1868 986; x_wconf 60' lang='lat'><strong>¹</strong></span> 
     </span>
     <span class='ocr_line' id='line_1_53' title="bbox 1138 1022 1867 1056; baseline -0.007 -5"><span class='ocrx_word' id='word_1_306' title='bbox 1138 1026 1272 1056; x_wconf 72' lang='lat' dir='ltr'>Exim-int,</span> <span class='ocrx_word' id='word_1_307' title='bbox 1289 1029 1349 1050; x_wconf 86' lang='lat' dir='ltr'>tum</span> <span class='ocrx_word' id='word_1_308' title='bbox 1361 1024 1462 1056; x_wconf 78' lang='lat' dir='ltr'>stringe</span> <span class='ocrx_word' id='word_1_309' title='bbox 1473 1029 1635 1049; x_wconf 76' lang='lat' dir='ltr'>comas—.</span> <span class='ocrx_word' id='word_1_310' title='bbox 1863 1022 1867 1046; x_wconf 70' lang='grc' dir='ltr'>ἐ</span> 
     </span>
    </p>
   </div>
   <div class='ocr_carea' id='block_1_12' title="bbox 1855 1146 1912 2813">
    <p class='ocr_par' dir='ltr' id='par_1_14' title="bbox 1855 1146 1912 2813">
     <span class='ocr_line' id='line_1_54' title="bbox 1855 1146 1912 1395; baseline 0 -131"><span class='ocrx_word' id='word_1_311' title='bbox 1855 1146 1912 1395; x_wconf 95' lang='lat' dir='ltr'>   </span> 
     </span>
     <span class='ocr_line' id='line_1_55' title="bbox 1858 1447 1912 1641; baseline 0 -52"><span class='ocrx_word' id='word_1_312' title='bbox 1858 1447 1912 1641; x_wconf 95' lang='lat' dir='ltr'>    </span> 
     </span>
     <span class='ocr_line' id='line_1_56' title="bbox 1859 1641 1912 1693; baseline 0 1599"><span class='ocrx_word' id='word_1_313' title='bbox 1859 1641 1912 1693; x_wconf 95' lang='lat' dir='ltr'> </span> 
     </span>
     <span class='ocr_line' id='line_1_57' title="bbox 1861 1693 1912 1745; baseline 0 1547"><span class='ocrx_word' id='word_1_314' title='bbox 1861 1693 1912 1745; x_wconf 95' lang='lat' dir='ltr'> </span> 
     </span>
     <span class='ocr_line' id='line_1_58' title="bbox 1859 1745 1912 1984; baseline 0 -44"><span class='ocrx_word' id='word_1_315' title='bbox 1859 1745 1912 1984; x_wconf 95' lang='lat' dir='ltr'>   </span> 
     </span>
     <span class='ocr_line' id='line_1_59' title="bbox 1860 1984 1912 2179; baseline 0 -118"><span class='ocrx_word' id='word_1_316' title='bbox 1860 1984 1912 2179; x_wconf 95' lang='lat' dir='ltr'>     </span> 
     </span>
     <span class='ocr_line' id='line_1_60' title="bbox 1860 2199 1912 2354; baseline 0 -116"><span class='ocrx_word' id='word_1_317' title='bbox 1860 2199 1912 2354; x_wconf 95' lang='lat' dir='ltr'>    </span> 
     </span>
     <span class='ocr_line' id='line_1_61' title="bbox 1862 2354 1912 2502; baseline 0 0"><span class='ocrx_word' id='word_1_318' title='bbox 1862 2354 1912 2502; x_wconf 95' lang='lat' dir='ltr'>  </span> 
     </span>
     <span class='ocr_line' id='line_1_62' title="bbox 1864 2502 1912 2636; baseline 0 0"><span class='ocrx_word' id='word_1_319' title='bbox 1864 2502 1912 2636; x_wconf 95' lang='lat' dir='ltr'>  </span> 
     </span>
     <span class='ocr_line' id='line_1_63' title="bbox 1863 2636 1912 2813; baseline 0.061 -3"><span class='ocrx_word' id='word_1_320' title='bbox 1863 2713 1912 2813; x_wconf 95' lang='lat' dir='ltr'>  </span> <span class='ocrx_word' id='word_1_321' title='bbox 1886 2636 1912 2813; x_wconf 95' lang='lat' dir='ltr'>  </span> 
     </span>
    </p>
   </div>
   <div class='ocr_carea' id='block_1_13' title="bbox 1165 1073 1879 1121">
    <p class='ocr_par' dir='ltr' id='par_1_15' title="bbox 1165 1073 1879 1121">
     <span class='ocr_line' id='line_1_64' title="bbox 1165 1073 1879 1121; baseline 0 -1"><span class='ocrx_word' id='word_1_322' title='bbox 1165 1089 1241 1121; x_wconf 83' lang='lat' dir='ltr'>Ver.</span> <span class='ocrx_word' id='word_1_323' title='bbox 1253 1091 1327 1120; x_wconf 80' lang='lat'><strong>451.</strong></span> <span class='ocrx_word' id='word_1_324' title='bbox 1342 1090 1478 1120; x_wconf 78' lang='lat' dir='ltr'>auctior.-</span> <span class='ocrx_word' id='word_1_325' title='bbox 1497 1087 1596 1118; x_wconf 81' lang='lat' dir='ltr'>vind.</span> <span class='ocrx_word' id='word_1_326' title='bbox 1611 1085 1652 1118; x_wconf 89' lang='lat' dir='ltr'>V.</span> <span class='ocrx_word' id='word_1_327' title='bbox 1663 1085 1714 1118; x_wconf 81' lang='lat' dir='ltr'>ed.</span> <span class='ocrx_word' id='word_1_328' title='bbox 1732 1090 1853 1119; x_wconf 53' lang='lat' dir='ltr'>mauo-</span> <span class='ocrx_word' id='word_1_329' title='bbox 1862 1073 1879 1120; x_wconf 57' lang='grc' dir='ltr'>’τι</span> 
     </span>
    </p>
   </div>
   <div class='ocr_carea' id='block_1_14' title="bbox 1121 1147 1868 1231">
    <p class='ocr_par' dir='ltr' id='par_1_16' title="bbox 1121 1147 1878 1231">
     <span class='ocr_line' id='line_1_65' title="bbox 1121 1147 1178 1172; baseline -0.018 0"><span class='ocrx_word' id='word_1_330' title='bbox 1121 1147 1178 1172; x_wconf 79' lang='lat' dir='ltr'>tor.</span> 
     </span>
     <span class='ocr_line' id='line_1_66' title="bbox 1167 1153 1868 1231; baseline -0.007 -7"><span class='ocrx_word' id='word_1_331' title='bbox 1167 1192 1248 1224; x_wconf 88' lang='lat' dir='ltr'>Ibid.</span> <span class='ocrx_word' id='word_1_332' title='bbox 1263 1194 1364 1224; x_wconf 84' lang='lat' dir='ltr'>animi</span> <span class='ocrx_word' id='word_1_333' title='bbox 1377 1193 1431 1223; x_wconf 80' lang='lat' dir='ltr'>vis.</span> <span class='ocrx_word' id='word_1_334' title='bbox 1458 1189 1627 1231; x_wconf 86' lang='lat' dir='ltr'>Virgilius,</span> <span class='ocrx_word' id='word_1_335' title='bbox 1641 1190 1718 1221; x_wconf 84' lang='lat' dir='ltr'>AEn.</span> <span class='ocrx_word' id='word_1_336' title='bbox 1736 1199 1767 1221; x_wconf 82' lang='lat' dir='ltr'><strong>x.</strong></span> <span class='ocrx_word' id='word_1_337' title='bbox 1783 1153 1878 1223; x_wconf 53' lang='lat'><strong>898.&#39;-=</strong></span> 
     </span>
    </p>
   </div>
   <div class='ocr_carea' id='block_1_15' title="bbox 1121 1263 1906 1927">
    <p class='ocr_par' dir='ltr' id='par_1_17' title="bbox 1153 1263 1743 1294">
     <span class='ocr_line' id='line_1_67' title="bbox 1153 1263 1743 1294; baseline -0.003 -4"><span class='ocrx_word' id='word_1_338' title='bbox 1153 1278 1246 1286; x_wconf 91' lang='lat'>——</span> <span class='ocrx_word' id='word_1_339' title='bbox 1257 1266 1310 1290; x_wconf 80' lang='lat' dir='ltr'>Ubi</span> <span class='ocrx_word' id='word_1_340' title='bbox 1323 1271 1396 1290; x_wconf 88' lang='lat' dir='ltr'>nunc</span> <span class='ocrx_word' id='word_1_341' title='bbox 1406 1263 1559 1290; x_wconf 81' lang='lat' dir='ltr'>Mezentius</span> <span class='ocrx_word' id='word_1_342' title='bbox 1569 1269 1642 1294; x_wconf 82' lang='lat' dir='ltr'>acer,</span> <span class='ocrx_word' id='word_1_343' title='bbox 1657 1266 1687 1289; x_wconf 88' lang='lat' dir='ltr'>et</span> <span class='ocrx_word' id='word_1_344' title='bbox 1697 1263 1743 1288; x_wconf 80' lang='lat' dir='ltr'>illa</span> 
     </span>
    </p>

    <p class='ocr_par' dir='ltr' id='par_1_18' title="bbox 1155 1304 1409 1342">
     <span class='ocr_line' id='line_1_68' title="bbox 1155 1304 1409 1342; baseline -0.008 -11"><span class='ocrx_word' id='word_1_345' title='bbox 1155 1307 1240 1342; x_wconf 58' lang='lat' dir='ltr'>Efljera</span> <span class='ocrx_word' id='word_1_346' title='bbox 1251 1306 1298 1331; x_wconf 72' lang='lat' dir='ltr'>vis</span> <span class='ocrx_word' id='word_1_347' title='bbox 1307 1304 1409 1330; x_wconf 76' lang='lat' dir='ltr'>animi?</span> 
     </span>
    </p>

    <p class='ocr_par' dir='ltr' id='par_1_19' title="bbox 1121 1361 1906 1712">
     <span class='ocr_line' id='line_1_69' title="bbox 1166 1361 1871 1409; baseline -0.006 -8"><span class='ocrx_word' id='word_1_348' title='bbox 1166 1371 1241 1401; x_wconf 90' lang='lat' dir='ltr'>Ver.</span> <span class='ocrx_word' id='word_1_349' title='bbox 1259 1372 1329 1401; x_wconf 78' lang='lat'><strong>452.</strong></span> <span class='ocrx_word' id='word_1_350' title='bbox 1356 1374 1533 1409; x_wconf 83' lang='lat' dir='ltr'>quassatum</span> <span class='ocrx_word' id='word_1_351' title='bbox 1546 1373 1590 1398; x_wconf 82' lang='lat' dir='ltr'>est</span> <span class='ocrx_word' id='word_1_352' title='bbox 1608 1369 1731 1407; x_wconf 70' lang='lat' dir='ltr'>Corpus.</span> <span class='ocrx_word' id='word_1_353' title='bbox 1776 1361 1871 1398; x_wconf 83' lang='lat' dir='ltr'>Hoc</span> 
     </span>
     <span class='ocr_line' id='line_1_70' title="bbox 1121 1417 1874 1461; baseline -0.005 -8"><span class='ocrx_word' id='word_1_354' title='bbox 1121 1423 1251 1453; x_wconf 90' lang='lat' dir='ltr'>verbum</span> <span class='ocrx_word' id='word_1_355' title='bbox 1273 1421 1403 1461; x_wconf 87' lang='lat' dir='ltr'>pulchre</span> <span class='ocrx_word' id='word_1_356' title='bbox 1429 1420 1577 1450; x_wconf 87' lang='lat' dir='ltr'>lectorem</span> <span class='ocrx_word' id='word_1_357' title='bbox 1600 1417 1757 1449; x_wconf 88' lang='lat' dir='ltr'>recordari</span> <span class='ocrx_word' id='word_1_358' title='bbox 1779 1417 1855 1449; x_wconf 80' lang='lat' dir='ltr'>facit</span> <span class='ocrx_word' id='word_1_359' title='bbox 1866 1451 1874 1461; x_wconf 40' lang='grc' dir='ltr'>Ι</span> 
     </span>
     <span class='ocr_line' id='line_1_71' title="bbox 1122 1468 1856 1511; baseline -0.008 -6"><span class='ocrx_word' id='word_1_360' title='bbox 1122 1473 1336 1505; x_wconf 81' lang='lat' dir='ltr'>similitudinis</span> <span class='ocrx_word' id='word_1_361' title='bbox 1349 1472 1382 1502; x_wconf 89' lang='lat' dir='ltr'>in</span> <span class='ocrx_word' id='word_1_362' title='bbox 1398 1482 1459 1502; x_wconf 81' lang='lat' dir='ltr'>ver.</span> <span class='ocrx_word' id='word_1_363' title='bbox 1479 1474 1550 1502; x_wconf 82' lang='lat'><strong>442.</strong></span> <span class='ocrx_word' id='word_1_364' title='bbox 1571 1469 1633 1511; x_wconf 65' lang='lat' dir='ltr'>qua</span> <span class='ocrx_word' id='word_1_365' title='bbox 1649 1469 1739 1500; x_wconf 85' lang='lat' dir='ltr'>nulla</span> <span class='ocrx_word' id='word_1_366' title='bbox 1755 1468 1856 1509; x_wconf 84' lang='lat' dir='ltr'>aptior</span> 
     </span>
     <span class='ocr_line' id='line_1_72' title="bbox 1123 1520 1874 1566; baseline -0.005 -10"><span class='ocrx_word' id='word_1_367' title='bbox 1123 1531 1310 1566; x_wconf 89' lang='lat' dir='ltr'>argumento</span> <span class='ocrx_word' id='word_1_368' title='bbox 1331 1524 1431 1563; x_wconf 74' lang='lat' dir='ltr'>po&#39;etae</span> <span class='ocrx_word' id='word_1_369' title='bbox 1445 1520 1699 1553; x_wconf 82' lang='lat' dir='ltr'>commendando</span> <span class='ocrx_word' id='word_1_370' title='bbox 1721 1520 1874 1559; x_wconf 80' lang='lat' dir='ltr'>inveniri</span> 
     </span>
     <span class='ocr_line' id='line_1_73' title="bbox 1124 1571 1906 1618; baseline -0.006 -9"><span class='ocrx_word' id='word_1_371' title='bbox 1124 1584 1255 1618; x_wconf 88' lang='lat' dir='ltr'>poterat.</span> <span class='ocrx_word' id='word_1_372' title='bbox 1303 1576 1497 1607; x_wconf 87' lang='lat' dir='ltr'>Ammianus</span> <span class='ocrx_word' id='word_1_373' title='bbox 1513 1572 1734 1611; x_wconf 84' lang='lat' dir='ltr'>Marcellinus,</span> <span class='ocrx_word' id='word_1_374' title='bbox 1749 1571 1811 1602; x_wconf 85' lang='lat' dir='ltr'>xiv.</span> <span class='ocrx_word' id='word_1_375' title='bbox 1829 1572 1857 1604; x_wconf 84' lang='lat'><strong>5.</strong></span> <span class='ocrx_word' id='word_1_376' title='bbox 1904 1587 1906 1590; x_wconf 56' lang='lat'>&gt;</span> 
     </span>
     <span class='ocr_line' id='line_1_74' title="bbox 1123 1623 1858 1670; baseline -0.009 -10"><span class='ocrx_word' id='word_1_377' title='bbox 1123 1633 1193 1655; x_wconf 89' lang='lat'>—“</span> <span class='ocrx_word' id='word_1_378' title='bbox 1210 1639 1331 1670; x_wconf 84' lang='lat' dir='ltr'>aegrum</span> <span class='ocrx_word' id='word_1_379' title='bbox 1346 1638 1455 1668; x_wconf 69' lang='lat' dir='ltr'>corpus</span> <span class='ocrx_word' id='word_1_380' title='bbox 1469 1628 1613 1667; x_wconf 82' lang='lat' dir='ltr'>quassari</span> <span class='ocrx_word' id='word_1_381' title='bbox 1627 1625 1722 1656; x_wconf 85' lang='lat' dir='ltr'>etiam</span> <span class='ocrx_word' id='word_1_382' title='bbox 1737 1623 1888 1655; x_wconf 76' lang='lat' dir='ltr'>levibus</span> 
     </span>
     <span class='ocr_line' id='line_1_75' title="bbox 1125 1678 1460 1712; baseline -0.012 1"><span class='ocrx_word' id='word_1_383' title='bbox 1125 1685 1148 1701; x_wconf 90' lang='lat'><strong>“</strong></span> <span class='ocrx_word' id='word_1_384' title='bbox 1164 1681 1243 1712; x_wconf 90' lang='lat' dir='ltr'>solet</span> <span class='ocrx_word' id='word_1_385' title='bbox 1257 1678 1460 1711; x_wconf 87' lang='lat' dir='ltr'>offensis-.’&#39;</span> 
     </span>
    </p>

    <p class='ocr_par' dir='ltr' id='par_1_20' title="bbox 1122 1728 1870 1869">
     <span class='ocr_line' id='line_1_76' title="bbox 1166 1728 1870 1766; baseline -0.011 -3"><span class='ocrx_word' id='word_1_386' title='bbox 1166 1733 1243 1763; x_wconf 89' lang='lat' dir='ltr'>Ver.</span> <span class='ocrx_word' id='word_1_387' title='bbox 1258 1736 1329 1764; x_wconf 80' lang='lat'><strong>455.</strong></span> <span class='ocrx_word' id='word_1_388' title='bbox 1345 1732 1456 1762; x_wconf 76' lang='lat' dir='ltr'>obtusis</span> <span class='ocrx_word' id='word_1_389' title='bbox 1471 1730 1595 1761; x_wconf 82' lang='lat' dir='ltr'>viribus.</span> <span class='ocrx_word' id='word_1_390' title='bbox 1618 1728 1764 1759; x_wconf 87' lang='lat' dir='ltr'>Verbum</span> <span class='ocrx_word' id='word_1_391' title='bbox 1778 1730 1870 1766; x_wconf 87' lang='lat' dir='ltr'>prae-</span> 
     </span>
     <span class='ocr_line' id='line_1_77' title="bbox 1125 1777 1858 1823; baseline -0.011 -7"><span class='ocrx_word' id='word_1_392' title='bbox 1125 1785 1217 1822; x_wconf 89' lang='lat' dir='ltr'>teriit,</span> <span class='ocrx_word' id='word_1_393' title='bbox 1233 1785 1287 1815; x_wconf 86' lang='lat' dir='ltr'>sed</span> <span class='ocrx_word' id='word_1_394' title='bbox 1301 1783 1433 1823; x_wconf 82' lang='lat' dir='ltr'>arripuit</span> <span class='ocrx_word' id='word_1_395' title='bbox 1446 1782 1677 1821; x_wconf 82' lang='lat' dir='ltr'>metaphoram,</span> <span class='ocrx_word' id='word_1_396' title='bbox 1687 1777 1858 1820; x_wconf 80' lang='lat' dir='ltr'>Virgilius,</span> 
     </span>
     <span class='ocr_line' id='line_1_78' title="bbox 1122 1830 1759 1869; baseline -0.009 0"><span class='ocrx_word' id='word_1_397' title='bbox 1122 1839 1198 1869; x_wconf 81' lang='lat' dir='ltr'>AEn.</span> <span class='ocrx_word' id='word_1_398' title='bbox 1213 1837 1252 1868; x_wconf 86' lang='lat' dir='ltr'>vi.</span> <span class='ocrx_word' id='word_1_399' title='bbox 1269 1838 1340 1868; x_wconf 78' lang='lat'><strong>752.</strong></span> <span class='ocrx_word' id='word_1_400' title='bbox 1664 1830 1667 1832; x_wconf 39' lang='grc'><strong>“</strong></span> <span class='ocrx_word' id='word_1_401' title='bbox 1755 1839 1759 1842; x_wconf 90' lang='grc'><strong>’</strong></span> 
     </span>
    </p>

    <p class='ocr_par' dir='ltr' id='par_1_21' title="bbox 1184 1894 1611 1927">
     <span class='ocr_line' id='line_1_79' title="bbox 1184 1894 1611 1927; baseline -0.012 -5"><span class='ocrx_word' id='word_1_402' title='bbox 1184 1895 1355 1927; x_wconf 78' lang='lat' dir='ltr'>Terrenique</span> <span class='ocrx_word' id='word_1_403' title='bbox 1365 1894 1483 1919; x_wconf 75' lang='lat' dir='ltr'>hebetum</span> <span class='ocrx_word' id='word_1_404' title='bbox 1495 1896 1611 1918; x_wconf 82' lang='lat' dir='ltr'>artus—.</span> 
     </span>
    </p>
   </div>
   <div class='ocr_carea' id='block_1_16' title="bbox 1123 1957 1909 2694">
    <p class='ocr_par' dir='ltr' id='par_1_22' title="bbox 1123 1957 1909 2694">
     <span class='ocr_line' id='line_1_80' title="bbox 1171 1957 1859 1991; baseline -0.01 0"><span class='ocrx_word' id='word_1_405' title='bbox 1171 1959 1255 1991; x_wconf 90' lang='lat' dir='ltr'>Ibid.</span> <span class='ocrx_word' id='word_1_406' title='bbox 1280 1960 1454 1990; x_wconf 79' lang='lat' dir='ltr'>ceciderunt</span> <span class='ocrx_word' id='word_1_407' title='bbox 1470 1963 1577 1989; x_wconf 80' lang='lat' dir='ltr'>artus:</span> <span class='ocrx_word' id='word_1_408' title='bbox 1604 1958 1628 1974; x_wconf 91' lang='lat'><strong>“</strong></span> <span class='ocrx_word' id='word_1_409' title='bbox 1643 1965 1663 1985; x_wconf 87' lang='lat' dir='ltr'>a</span> <span class='ocrx_word' id='word_1_410' title='bbox 1677 1959 1762 1985; x_wconf 84' lang='lat' dir='ltr'>recto</span> <span class='ocrx_word' id='word_1_411' title='bbox 1777 1957 1859 1984; x_wconf 90' lang='lat' dir='ltr'>statu</span> 
     </span>
     <span class='ocr_line' id='line_1_81' title="bbox 1124 2003 1859 2042; baseline -0.011 0"><span class='ocrx_word' id='word_1_412' title='bbox 1124 2015 1146 2031; x_wconf 86' lang='lat'>“</span> <span class='ocrx_word' id='word_1_413' title='bbox 1162 2021 1220 2042; x_wconf 91' lang='lat' dir='ltr'>suo</span> <span class='ocrx_word' id='word_1_414' title='bbox 1240 2011 1275 2040; x_wconf 88' lang='lat' dir='ltr'>in</span> <span class='ocrx_word' id='word_1_415' title='bbox 1297 2015 1412 2040; x_wconf 88' lang='lat' dir='ltr'>terram</span> <span class='ocrx_word' id='word_1_416' title='bbox 1434 2005 1656 2038; x_wconf 86' lang='lat' dir='ltr'>declinantes.”</span> <span class='ocrx_word' id='word_1_417' title='bbox 1703 2003 1778 2042; x_wconf 91' lang='lat' dir='ltr'>Sed,</span> <span class='ocrx_word' id='word_1_418' title='bbox 1804 2013 1859 2034; x_wconf 90' lang='lat' dir='ltr'>ve-</span> 
     </span>
     <span class='ocr_line' id='line_1_82' title="bbox 1124 2056 1903 2102; baseline -0.012 -8"><span class='ocrx_word' id='word_1_419' title='bbox 1124 2063 1176 2094; x_wconf 69' lang='lat' dir='ltr'>nia</span> <span class='ocrx_word' id='word_1_420' title='bbox 1195 2062 1359 2102; x_wconf 83' lang='lat' dir='ltr'>po&#39;e&#39;tarum</span> <span class='ocrx_word' id='word_1_421' title='bbox 1381 2071 1469 2098; x_wconf 84' lang='lat' dir='ltr'>usus,</span> <span class='ocrx_word' id='word_1_422' title='bbox 1492 2058 1664 2090; x_wconf 88' lang='lat' dir='ltr'>dictionem</span> <span class='ocrx_word' id='word_1_423' title='bbox 1693 2056 1859 2087; x_wconf 81' lang='lat' dir='ltr'>fortiorem</span> <span class='ocrx_word' id='word_1_424' title='bbox 1884 2075 1903 2092; x_wconf 63' lang='lat'>-„</span> 
     </span>
     <span class='ocr_line' id='line_1_83' title="bbox 1123 2100 1881 2155; baseline -0.012 -10"><span class='ocrx_word' id='word_1_425' title='bbox 1123 2114 1237 2155; x_wconf 82' lang='lat' dir='ltr'>posuit.</span> <span class='ocrx_word' id='word_1_426' title='bbox 1282 2113 1372 2143; x_wconf 90' lang='lat' dir='ltr'>Hinc</span> <span class='ocrx_word' id='word_1_427' title='bbox 1401 2111 1442 2142; x_wconf 88' lang='lat' dir='ltr'>ad</span> <span class='ocrx_word' id='word_1_428' title='bbox 1469 2113 1609 2142; x_wconf 83' lang='lat' dir='ltr'>animum</span> <span class='ocrx_word' id='word_1_429' title='bbox 1634 2107 1765 2140; x_wconf 86' lang='lat' dir='ltr'>Persius</span> <span class='ocrx_word' id='word_1_430' title='bbox 1785 2100 1881 2138; x_wconf 45' lang='lat' dir='ltr'>remst-</span> 
     </span>
     <span class='ocr_line' id='line_1_84' title="bbox 1124 2161 1634 2200; baseline -0.014 -2"><span class='ocrx_word' id='word_1_431' title='bbox 1124 2172 1252 2198; x_wconf 87' lang='lat' dir='ltr'>vcnuste</span> <span class='ocrx_word' id='word_1_432' title='bbox 1268 2163 1440 2200; x_wconf 80' lang='lat' dir='ltr'>transtulit,</span> <span class='ocrx_word' id='word_1_433' title='bbox 1462 2167 1518 2193; x_wconf 88' lang='lat' dir='ltr'>sat.</span> <span class='ocrx_word' id='word_1_434' title='bbox 1533 2161 1564 2192; x_wconf 90' lang='lat' dir='ltr'>ii.</span> <span class='ocrx_word' id='word_1_435' title='bbox 1581 2163 1634 2192; x_wconf 88' lang='lat'><strong>61.</strong></span> 
     </span>
     <span class='ocr_line' id='line_1_85' title="bbox 1141 2217 1839 2254; baseline -0.016 -1"><span class='ocrx_word' id='word_1_436' title='bbox 1141 2229 1165 2254; x_wconf 92' lang='lat'><em>0</em></span> <span class='ocrx_word' id='word_1_437' title='bbox 1175 2233 1270 2253; x_wconf 65' lang='lat' dir='ltr'>curve</span> <span class='ocrx_word' id='word_1_438' title='bbox 1279 2226 1306 2250; x_wconf 79' lang='lat' dir='ltr'>in</span> <span class='ocrx_word' id='word_1_439' title='bbox 1317 2224 1390 2249; x_wconf 78' lang='lat' dir='ltr'>terris</span> <span class='ocrx_word' id='word_1_440' title='bbox 1403 2223 1516 2253; x_wconf 80' lang='lat' dir='ltr'>animae,</span> <span class='ocrx_word' id='word_1_441' title='bbox 1532 2226 1561 2247; x_wconf 88' lang='lat' dir='ltr'>et</span> <span class='ocrx_word' id='word_1_442' title='bbox 1572 2219 1727 2246; x_wconf 77' lang='lat' dir='ltr'>coelestium</span> <span class='ocrx_word' id='word_1_443' title='bbox 1736 2217 1839 2244; x_wconf 79' lang='lat' dir='ltr'>inanes!</span> 
     </span>
     <span class='ocr_line' id='line_1_86' title="bbox 1126 2267 1861 2314; baseline -0.014 -5"><span class='ocrx_word' id='word_1_444' title='bbox 1126 2279 1167 2309; x_wconf 84' lang='lat' dir='ltr'>In</span> <span class='ocrx_word' id='word_1_445' title='bbox 1182 2278 1286 2314; x_wconf 79' lang='lat' dir='ltr'>terris,</span> <span class='ocrx_word' id='word_1_446' title='bbox 1299 2280 1336 2305; x_wconf 91' lang='lat' dir='ltr'>ut</span> <span class='ocrx_word' id='word_1_447' title='bbox 1351 2276 1384 2305; x_wconf 84' lang='lat' dir='ltr'>in</span> <span class='ocrx_word' id='word_1_448' title='bbox 1399 2280 1497 2305; x_wconf 85' lang='lat' dir='ltr'>terras</span> <span class='ocrx_word' id='word_1_449' title='bbox 1502 2288 1514 2309; x_wconf 90' lang='lat'>,·</span> <span class='ocrx_word' id='word_1_450' title='bbox 1537 2270 1608 2301; x_wconf 89' lang='lat' dir='ltr'>vide</span> <span class='ocrx_word' id='word_1_451' title='bbox 1622 2279 1681 2300; x_wconf 88' lang='lat' dir='ltr'>nos</span> <span class='ocrx_word' id='word_1_452' title='bbox 1692 2267 1734 2299; x_wconf 82' lang='lat' dir='ltr'>ad</span> <span class='ocrx_word' id='word_1_453' title='bbox 1748 2268 1770 2298; x_wconf 87' lang='lat' dir='ltr'>i.</span> <span class='ocrx_word' id='word_1_454' title='bbox 1786 2269 1861 2299; x_wconf 76' lang='lat'><strong>250.</strong></span> 
     </span>
     <span class='ocr_line' id='line_1_87' title="bbox 1126 2316 1871 2366; baseline -0.015 -7"><span class='ocrx_word' id='word_1_455' title='bbox 1126 2329 1177 2359; x_wconf 88' lang='lat' dir='ltr'>hic</span> <span class='ocrx_word' id='word_1_456' title='bbox 1205 2334 1312 2358; x_wconf 64' lang='lat' dir='ltr'>tamen</span> <span class='ocrx_word' id='word_1_457' title='bbox 1335 2325 1438 2366; x_wconf 87' lang='lat' dir='ltr'>magis</span> <span class='ocrx_word' id='word_1_458' title='bbox 1460 2324 1591 2364; x_wconf 87' lang='lat' dir='ltr'>probem</span> <span class='ocrx_word' id='word_1_459' title='bbox 1615 2324 1649 2352; x_wconf 82' lang='lat' dir='ltr'>in</span> <span class='ocrx_word' id='word_1_460' title='bbox 1673 2327 1784 2358; x_wconf 79' lang='lat' dir='ltr'>terras,</span> <span class='ocrx_word' id='word_1_461' title='bbox 1811 2316 1871 2348; x_wconf 87' lang='lat' dir='ltr'>u&#39;</span> 
     </span>
     <span class='ocr_line' id='line_1_88' title="bbox 1126 2372 1909 2421; baseline -0.017 -9"><span class='ocrx_word' id='word_1_462' title='bbox 1126 2381 1241 2421; x_wconf 88' lang='lat' dir='ltr'>legitur</span> <span class='ocrx_word' id='word_1_463' title='bbox 1263 2379 1298 2409; x_wconf 86' lang='lat' dir='ltr'>in</span> <span class='ocrx_word' id='word_1_464' title='bbox 1324 2376 1487 2409; x_wconf 89' lang='lat' dir='ltr'>nonnullis</span> <span class='ocrx_word' id='word_1_465' title='bbox 1511 2372 1758 2413; x_wconf 82' lang='lat' dir='ltr'>exemplaribus:</span> <span class='ocrx_word' id='word_1_466' title='bbox 1785 2372 1878 2407; x_wconf 70' lang='lat' dir='ltr'>nam}</span> <span class='ocrx_word' id='word_1_467' title='bbox 1896 2375 1909 2389; x_wconf 59' lang='lat'><strong>⁶</strong></span> 
     </span>
     <span class='ocr_line' id='line_1_89' title="bbox 1126 2421 1858 2473; baseline -0.018 -9"><span class='ocrx_word' id='word_1_468' title='bbox 1126 2433 1256 2473; x_wconf 90' lang='lat' dir='ltr'>pulchre</span> <span class='ocrx_word' id='word_1_469' title='bbox 1269 2430 1383 2462; x_wconf 87' lang='lat' dir='ltr'>alludit</span> <span class='ocrx_word' id='word_1_470' title='bbox 1395 2429 1484 2460; x_wconf 84' lang='lat' dir='ltr'>locus</span> <span class='ocrx_word' id='word_1_471' title='bbox 1506 2427 1546 2458; x_wconf 86' lang='lat' dir='ltr'>ad</span> <span class='ocrx_word' id='word_1_472' title='bbox 1559 2426 1649 2456; x_wconf 90' lang='lat' dir='ltr'>illam</span> <span class='ocrx_word' id='word_1_473' title='bbox 1665 2429 1786 2456; x_wconf 86' lang='lat' dir='ltr'>naturae</span> <span class='ocrx_word' id='word_1_474' title='bbox 1807 2421 1858 2452; x_wconf 77' lang='lat' dir='ltr'>in-</span> 
     </span>
     <span class='ocr_line' id='line_1_90' title="bbox 1129 2468 1883 2520; baseline -0.013 -3"><span class='ocrx_word' id='word_1_475' title='bbox 1129 2486 1338 2520; x_wconf 85' lang='lat' dir='ltr'>stitutionem,</span> <span class='ocrx_word' id='word_1_476' title='bbox 1363 2482 1481 2514; x_wconf 86' lang='lat' dir='ltr'>ovidio</span> <span class='ocrx_word' id='word_1_477' title='bbox 1496 2480 1681 2520; x_wconf 82' lang='lat' dir='ltr'>expositam,</span> <span class='ocrx_word' id='word_1_478' title='bbox 1703 2477 1738 2507; x_wconf 88' lang='lat' dir='ltr'>iu</span> <span class='ocrx_word' id='word_1_479' title='bbox 1753 2480 1827 2506; x_wconf 87' lang='lat' dir='ltr'>met.</span> <span class='ocrx_word' id='word_1_480' title='bbox 1842 2468 1883 2516; x_wconf 43' lang='grc' dir='ltr'>μ’,</span> 
     </span>
     <span class='ocr_line' id='line_1_91' title="bbox 1126 2521 1905 2578; baseline -0.017 -9"><span class='ocrx_word' id='word_1_481' title='bbox 1126 2542 1177 2569; x_wconf 83' lang='lat'><strong>84.</strong></span> <span class='ocrx_word' id='word_1_482' title='bbox 1200 2546 1298 2578; x_wconf 81' lang='lat' dir='ltr'>quam</span> <span class='ocrx_word' id='word_1_483' title='bbox 1311 2536 1370 2565; x_wconf 89' lang='lat' dir='ltr'>hoc</span> <span class='ocrx_word' id='word_1_484' title='bbox 1392 2543 1493 2575; x_wconf 88' lang='lat' dir='ltr'>genus</span> <span class='ocrx_word' id='word_1_485' title='bbox 1507 2529 1736 2562; x_wconf 83' lang='lat' dir='ltr'>homunciones</span> <span class='ocrx_word' id='word_1_486' title='bbox 1761 2521 1905 2571; x_wconf 51' lang='lat' dir='ltr'>iuven-J,</span> 
     </span>
     <span class='ocr_line' id='line_1_92' title="bbox 1126 2572 1882 2622; baseline -0.016 0"><span class='ocrx_word' id='word_1_487' title='bbox 1126 2591 1247 2622; x_wconf 80' lang='lat' dir='ltr'>tissem:</span> <span class='ocrx_word' id='word_1_488' title='bbox 1844 2572 1849 2575; x_wconf 60' lang='grc'><strong>’</strong></span> <span class='ocrx_word' id='word_1_489' title='bbox 1878 2582 1882 2586; x_wconf 90' lang='grc'><strong>”</strong></span> 
     </span>
     <span class='ocr_line' id='line_1_93' title="bbox 1140 2655 1885 2694; baseline -0.019 -5"><span class='ocrx_word' id='word_1_490' title='bbox 1140 2667 1279 2694; x_wconf 81' lang='lat' dir='ltr'>Pronaque</span> <span class='ocrx_word' id='word_1_491' title='bbox 1289 2668 1353 2686; x_wconf 89' lang='lat' dir='ltr'>cum</span> <span class='ocrx_word' id='word_1_492' title='bbox 1364 2662 1488 2693; x_wconf 85' lang='lat' dir='ltr'>spectent</span> <span class='ocrx_word' id='word_1_493' title='bbox 1499 2655 1624 2684; x_wconf 75' lang='lat' dir='ltr'>animalia</span> <span class='ocrx_word' id='word_1_494' title='bbox 1636 2657 1738 2680; x_wconf 82' lang='lat' dir='ltr'>caetera</span> <span class='ocrx_word' id='word_1_495' title='bbox 1747 2644 1895 2691; x_wconf 42' lang='lat' dir='ltr'>terramh‘</span> 
     </span>
    </p>
   </div>
   <div class='ocr_carea' id='block_1_17' title="bbox 1141 2690 1912 2776">
    <p class='ocr_par' dir='ltr' id='par_1_23' title="bbox 1141 2690 1912 2776">
     <span class='ocr_line' id='line_1_94' title="bbox 1145 2690 1912 2733; baseline -0.021 -4"><span class='ocrx_word' id='word_1_496' title='bbox 1145 2705 1181 2729; x_wconf 87' lang='lat' dir='ltr'>Os</span> <span class='ocrx_word' id='word_1_497' title='bbox 1191 2701 1296 2728; x_wconf 81' lang='lat' dir='ltr'>homini</span> <span class='ocrx_word' id='word_1_498' title='bbox 1305 2701 1420 2725; x_wconf 85' lang='lat' dir='ltr'>sublime</span> <span class='ocrx_word' id='word_1_499' title='bbox 1431 2698 1517 2728; x_wconf 83' lang='lat' dir='ltr'>dedit,</span> <span class='ocrx_word' id='word_1_500' title='bbox 1533 2696 1692 2726; x_wconf 85' lang='lat' dir='ltr'>coelumque</span> <span class='ocrx_word' id='word_1_501' title='bbox 1701 2692 1775 2718; x_wconf 80' lang='lat' dir='ltr'>tueri</span> <span class='ocrx_word' id='word_1_502' title='bbox 1845 2694 1850 2705; x_wconf 89' lang='lat'>¹</span> <span class='ocrx_word' id='word_1_503' title='bbox 1871 2696 1887 2733; x_wconf 55' lang='grc' dir='ltr'>ξ.</span> <span class='ocrx_word' id='word_1_504' title='bbox 1910 2690 1912 2694; x_wconf 94' lang='grc'><strong>“</strong></span> 
     </span>
     <span class='ocr_line' id='line_1_95' title="bbox 1141 2733 1755 2776; baseline -0.021 -6"><span class='ocrx_word' id='word_1_505' title='bbox 1141 2744 1234 2776; x_wconf 74' lang='lat' dir='ltr'>jussit,</span> <span class='ocrx_word' id='word_1_506' title='bbox 1250 2746 1278 2768; x_wconf 85' lang='lat' dir='ltr'>et</span> <span class='ocrx_word' id='word_1_507' title='bbox 1290 2745 1394 2767; x_wconf 86' lang='lat' dir='ltr'>erectos</span> <span class='ocrx_word' id='word_1_508' title='bbox 1405 2740 1439 2765; x_wconf 81' lang='lat' dir='ltr'>ad</span> <span class='ocrx_word' id='word_1_509' title='bbox 1450 2739 1535 2764; x_wconf 77' lang='lat' dir='ltr'>sidera</span> <span class='ocrx_word' id='word_1_510' title='bbox 1547 2735 1643 2762; x_wconf 85' lang='lat' dir='ltr'>tollere</span> <span class='ocrx_word' id='word_1_511' title='bbox 1652 2733 1755 2759; x_wconf 79' lang='lat' dir='ltr'>vultus.</span> 
     </span>
    </p>
   </div>
   <div class='ocr_carea' id='block_1_18' title="bbox 1169 2783 1912 2846">
    <p class='ocr_par' dir='ltr' id='par_1_24' title="bbox 1169 2775 1912 2846">
     <span class='ocr_line' id='line_1_96' title="bbox 1169 2783 1912 2846; baseline -0.022 -7"><span class='ocrx_word' id='word_1_512' title='bbox 1169 2808 1245 2839; x_wconf 80' lang='lat' dir='ltr'>Ver.</span> <span class='ocrx_word' id='word_1_513' title='bbox 1262 2808 1333 2838; x_wconf 76' lang='lat'><strong>454.</strong></span> <span class='ocrx_word' id='word_1_514' title='bbox 1356 2806 1470 2835; x_wconf 70' lang='lat' dir='ltr'>delirat</span> <span class='ocrx_word' id='word_1_515' title='bbox 1481 2816 1491 2833; x_wconf 93' lang='lat'><strong>.·</strong></span> <span class='ocrx_word' id='word_1_516' title='bbox 1518 2801 1559 2832; x_wconf 90' lang='lat' dir='ltr'><strong>v.</strong></span> <span class='ocrx_word' id='word_1_517' title='bbox 1579 2799 1627 2830; x_wconf 83' lang='lat' dir='ltr'>ed.</span> <span class='ocrx_word' id='word_1_518' title='bbox 1646 2783 1889 2846; x_wconf 69' lang='lat' dir='ltr'>decim—ltm-</span> <span class='ocrx_word' id='word_1_519' title='bbox 1907 2805 1912 2815; x_wconf 59' lang='grc' dir='ltr'>ι</span> 
     </span>
    </p>
   </div>
   <div class='ocr_carea' id='block_1_19' title="bbox 1127 2842 1912 2901">
    <p class='ocr_par' dir='ltr' id='par_1_25' title="bbox 1127 2842 1912 2901">
     <span class='ocr_line' id='line_1_97' title="bbox 1127 2842 1912 2901; baseline -0.02 -9"><span class='ocrx_word' id='word_1_520' title='bbox 1127 2869 1262 2901; x_wconf 74' lang='lat' dir='ltr'>guoque,</span> <span class='ocrx_word' id='word_1_521' title='bbox 1277 2866 1439 2897; x_wconf 79' lang='lat' dir='ltr'>mensque:</span> <span class='ocrx_word' id='word_1_522' title='bbox 1458 2853 1496 2887; x_wconf 91' lang='lat' dir='ltr'><strong>L.</strong></span> <span class='ocrx_word' id='word_1_523' title='bbox 1511 2854 1681 2893; x_wconf 81' lang='lat' dir='ltr'>linguaque</span> <span class='ocrx_word' id='word_1_524' title='bbox 1691 2857 1789 2885; x_wconf 79' lang='lat' dir='ltr'>mens;</span> <span class='ocrx_word' id='word_1_525' title='bbox 1813 2842 1863 2877; x_wconf 72' lang='lat' dir='ltr'><strong>M.</strong></span> <span class='ocrx_word' id='word_1_526' title='bbox 1884 2851 1885 2854; x_wconf 76' lang='grc'>’</span> <span class='ocrx_word' id='word_1_527' title='bbox 1906 2851 1912 2876; x_wconf 70' lang='lat' dir='ltr'>l</span> 
     </span>
    </p>
   </div>
  </div>
 </body>
</html>
