1912 3292
329 226 425 264 410

825 210 886 258 T.
940 207 1323 258 LUCRETII

474 346 546 396 Et,
575 344 722 401 quibus
742 351 836 384 ante
856 342 970 384 domi
989 341 1176 382 fecundae
1197 355 1305 396 saepe
1324 340 1557 396 nequissent

479 420 648 462 Uxores
667 431 826 473 parere,
848 417 1014 456 inventa
1034 423 1094 456 est
1113 414 1188 455 illis
1208 429 1371 470 quoque
1390 429 1545 469 conpar

478 494 654 543 Natura,
680 500 726 533 ut
744 498 910 546 possent
929 490 1064 546 gnatis
1083 489 1245 530 munire
1264 497 1480 530 senectam.

342 574 449 610 1250

539 568 684 623 Usque
704 565 808 607 adeo
827 564 968 620 magni
988 563 1124 612 refert,
1146 571 1192 603 ut
1212 563 1367 604 semina
1386 563 1542 618 possint

481 641 714 685 Seminibus
733 636 974 680 conmisceri
993 635 1223 692 genitaliter
1243 643 1354 690 apta,

336 809 384 835 το,
409 797 500 828 scribi
516 795 695 832 maluimus,
717 797 930 836 Subscz‘pae'unl:
957 800 988 826 et
1002 796 1064 826 huc

340 851 469 882 fortasse
495 847 764 879 dissimilitudines
790 847 1006 887 exemplorum
1025 847 1066 879 V.

341 905 389 936 ed.
417 910 449 935 et
473 909 509 936 Σ.
534 904 740 943 Snsccipz'zmt‚
767 904 960 942 Succipz'unt,
988 901 1068 932 refe-

343 957 449 988 rendae
464 961 546 987 sunt.

394 1008 475 1039 Ibid.
513 1010 737 1048 ingravescunt.

343 1071 411 1104 geo.
427 1061 458 1091 ii.
477 1064 551 1092 429.

792 1005 928 1037 Pulchre
966 1005 1070 1041 Maro,

361 1136 417 1160 Nec
428 1133 518 1158 minus
529 1133 631 1158 interea
639 1132 701 1164 fetu
714 1137 809 1157 nemus
821 1137 902 1156 omne
909 1130 1052 1162 gravescit.

389 1209 464 1240 Ver.
482 1211 574 1239 1244.
602 1209 709 1246 Quom,
731 1206 780 1237 vel
807 1207 900 1237 Cum.-
926 1205 970 1235 sic
984 1204 1020 1234 L.
1044 1210 1074 1234 et

345 1259 458 1300 placet,
494 1265 603 1299 utpote
631 1258 805 1289 rationibus
836 1256 1076 1288 constructionis

346 1310 431 1341 haud
457 1310 563 1350 paullo
591 1309 834 1340 convenientius.
878 1308 997 1349 Vulgo,
1021 1309 1074 1339 Ee.

347 1364 514 1393 —multaet
553 1368 594 1392 n.
620 1361 1002 1401 multante—Hymenaeis:
1041 1363 1076 1390 Δ.

348 1416 519 1455 hymenaeos
535 1423 590 1452 pro
604 1422 666 1443 var.
682 1412 752 1443 lect.
772 1419 816 1443 Ω.
832 1413 1063 1452 lcymenaeisque.

395 1465 468 1495 Ver.
485 1466 577 1496 1245.
599 1470 627 1495 et
652 1470 770 1495 παι-ια’.-
798 1463 846 1494 P.
862 1470 890 1494 ee
905 1469 1007 1498 namu
1036 1462 1078 1493 O.

350 1523 378 1547 et
402 1522 493 1547 noctu
501 1531 511 1552 ;
537 1520 571 1546 Δ.
587 1520 808 1554 amotae.—post
828 1520 917 1545 sunt:
942 1515 1010 1543 haec
1036 1518 1082 1543 est

353 1568 546 1600 admirabilis
571 1567 750 1598 emendatio
776 1566 936 1604 Lambini,
961 1575 1019 1605 pro
1043 1565 1081 1594 li-

354 1623 483 1651 brorum
511 1619 587 1649 vitio
612 1620 891 1658 1)ossunt.—zmcle.·
930 1617 967 1647 P.
984 1615 1081 1646 Vind.

355 1672 396 1702 V.
423 1671 471 1701 ed.
498 1675 533 1700 Δ.
553 1676 594 1699 Π.
611 1673 646 1700 Σ.
663 1675 709 1698 Ω.
735 1669 825 1703 inde‚·
853 1667 894 1697 O.
919 1668 979 1697 ille.
1017 1666 1083 1696 No-

357 1721 429 1752 nius
455 1720 551 1751 etiam
576 1719 610 1748 in
632 1718 682 1748 his
704 1717 886 1757 corruptelis
907 1717 1086 1748 societatem

356 1775 460 1809 habet,
476 1771 516 1802 ad
531 1771 562 1802 ii.
579 1774 650 1802 688.
676 1777 772 1808 παίω,
792 1775 930 1810 possunt,
957 1774 988 1799 et
1003 1771 1086 1807 z'mle,

358 1825 515 1859 exhibens,
546 1823 579 1853 in
608 1832 683 1853 voce
713 1824 846 1860 Puellos,
877 1831 933 1860 pro
960 1830 1088 1860 pueros;

360 1877 450 1917 cujus
465 1874 608 1914 exempla
622 1873 752 1914 protulit
767 1884 805 1904 ex
820 1873 938 1911 Ennio,
954 1872 1089 1910 Lucilio,

361 1939 397 1959 ac
428 1929 579 1958 Varrone.
635 1925 752 1956 Videas
788 1925 915 1964 insuper
952 1925 1090 1954 Festum.

363 1979 524 2010 Glossator
539 1982 640 2008 vetus:
667 1980 690 1995 “
702 1977 839 2011 Picenus,
856 1987 934 2011 παις,
950 1988 1090 2016 αρχαιως·

363 2034 387 2051 “
404 2029 542 2061 παιδιον.”
587 2027 776 2063 Priscianus,
792 2026 845 2057 lib.
861 2027 900 2057 vi.
915 2037 943 2066 p.
961 2030 1033 2057 697.
1054 2035 1092 2055 ex

363 2082 505 2122 pluribus
520 2080 596 2110 locis
611 2085 750 2109 veterum
765 2079 848 2108 vocis
862 2089 957 2108 usum
971 2079 1091 2117 probat;

366 2135 421 2166 ubi
446 2131 562 2163 Lucilii
587 2130 757 2161 versiculus
786 2131 828 2160 ita
856 2130 1092 2170 transpositione

367 2182 572 2226 corrigendus
589 2188 649 2214 est:

368 2268 435 2293 lnde
445 2267 521 2293 venit
531 2269 647 2292 Romam
656 2270 732 2293 tener
741 2267 797 2299 ipse
806 2267 891 2297 etiam,
899 2270 974 2300 atque
983 2266 1094 2299 puellus.

373 2344 495 2386 Vulgo,
522 2350 613 2384 atque
637 2345 739 2379 etiam.
785 2342 900 2373 Nescio
925 2342 994 2383 quis
1018 2341 1102 2381 apud

374 2396 526 2433 Gellium,
546 2401 641 2426 noctt.
660 2395 728 2426 Att.
746 2394 807 2425 xix.
826 2398 875 2425 11.
895 2405 972 2426 usus
987 2400 1034 2425 est
1048 2404 1101 2425 vo-

372 2447 497 2479 cabulo:

529 2522 602 2545 Dum
613 2519 771 2545 semihiulco
781 2520 853 2544 savio

529 2561 622 2584 Meum
631 2558 744 2591 puellum
756 2558 914 2583 savior—.

418 2631 494 2661 Ver.
514 2633 605 2662 1246.
616 2636 755 2670 possent:
783 2630 820 2660 P.
833 2634 868 2662 Σ.
885 2628 1006 2661 codices
1021 2629 1104 2665 dant,

370 2690 508 2723 possunt.

421 2733 502 2764 Ibid.
527 2734 701 2773 Subscipere
711 2734 836 2772 puellos.
863 2732 1014 2764 Similiter
1031 2733 1104 2764 Vir·

379 2785 485 2827 gilius,
504 2786 578 2816 AEn.
594 2787 633 2816 iv.
647 2788 720 2816 527.

441 2870 552 2900 Saltem,
563 2870 646 2902 siqua
658 2871 724 2896 mihi
735 2871 769 2896 de
779 2874 807 2897 te
817 2875 929 2905 πατρία
941 2871 1032 2898 fuisset

443 2912 513 2936 Ante
523 2910 617 2943 fugam
628 2910 791 2936 κώπη-η

1154 797 1234 828 Ibid.
1253 802 1347 836 partu
1362 797 1514 827 ditescere.
1559 795 1634 826 Non
1655 794 1776 826 abludit
1793 794 1832 825 il-

1110 851 1167 882 lud
1183 851 1419 889 Maronianurn,
1437 851 1513 881 AEn.
1527 860 1558 881 x.
1572 854 1644 882 201.

1224 935 1344 964 Mantua,
1360 933 1437 958 dives
1447 933 1584 958 avis—.-

1114 1005 1169 1036 ubi
1184 1005 1281 1035 miror
1302 1004 1484 1040 Heinsium,
1509 1007 1736 1043 proponentem
1760 1004 1839 1043 agri.

1116 1057 1290 1097 Vulgatam
1307 1056 1474 1086 lectionem
1490 1055 1694 1086 Burmannus
1715 1053 1840 1095 elegan-

1117 1113 1164 1138 ter
1179 1108 1277 1138 tuitus
1292 1112 1347 1143 est,
1363 1112 1456 1147 atque
1469 1105 1598 1137 erudite.

1162 1158 1235 1188 Ver.
1255 1161 1346 1189 1247.
1368 1163 1439 1188 ante
1451 1157 1618 1198 fecundae:
1642 1156 1662 1187 i.
1678 1166 1704 1186 e.
1726 1155 1761 1186 in
1779 1155 1843 1195 pri-

1117 1209 1224 1240 oribus
1239 1208 1441 1249 Hymenaeis;
1462 1213 1498 1238 ut
1512 1208 1572 1238 hoc
1586 1206 1766 1246 exemplum
1779 1216 1840 1237 un-

1118 1261 1279 1302 dequaque
1301 1260 1472 1291 consentiat
1486 1259 1593 1299 priori,
1615 1260 1650 1289 in
1672 1269 1732 1289 ver.
1749 1261 1842 1289 1244.

1117 1312 1282 1352 proposito.
1318 1311 1512 1343 Lambinum
1525 1312 1575 1341 hae
1590 1310 1741 1341 dictiones
1754 1309 1844 1340 valde

1120 1364 1294 1394 cruciatum
1321 1364 1510 1401 habuerunt,
1546 1372 1648 1403 neque
1680 1360 1845 1392 intellectae

1123 1421 1196 1446 sunt
1212 1415 1441 1454 interpretibus,

1165 1467 1241 1496 Ver.
1260 1469 1350 1497 1249.
1369 1467 1491 1505 gnatis:
1517 1464 1559 1494 sic
1579 1463 1614 1494 P.
1632 1463 1727 1494 Vind.
1743 1464 1784 1493 V.
1799 1463 1847 1494 ed.

1127 1518 1166 1548 O.
1187 1522 1222 1547 Δ.
1235 1523 1275 1547 Π.
1292 1521 1328 1547 Σ.
1345 1522 1389 1546 Ω.
1404 1521 1435 1546 et
1449 1515 1578 1545 fortasse
1589 1514 1711 1555 reliqui.
1728 1514 1851 1555 Vulgo,

1126 1571 1220 1599 natis.

1172 1619 1253 1650 Ibid.
1272 1621 1377 1659 gnatis
1399 1620 1537 1650 munire:
1563 1619 1650 1659 quasi
1669 1618 1852 1658 praesidium

1129 1670 1192 1702 sint
1207 1670 1272 1700 nati
1287 1675 1453 1709 parentum
1476 1669 1712 1706 senescentium,
1735 1675 1766 1699 et
1790 1669 1853 1699 ful-

1129 1722 1232 1752 cimen
1249 1721 1361 1752 domus
1384 1721 1555 1752 inclinatae:
1581 1719 1651 1751 vide
1676 1720 1766 1751 nobis
1778 1720 1856 1751 olim

1131 1772 1347 1804 animadversa
1377 1782 1469 1812 super
1497 1773 1555 1803 hac
1583 1782 1628 1810 re,
1664 1771 1705 1802 ad
1728 1771 1761 1802 ii.
1785 1775 1858 1802 642.

1134 1825 1223 1855 Hinc
1249 1823 1462 1865 pereleganter
1487 1822 1644 1854 Leonidas
1657 1821 1857 1861 Tarentinus,

1134 1876 1214 1917 epig.
1229 1875 1301 1906 lxiv.
1334 1916 1340 1920 ι

1134 1962 1279 1988 ΠΑΙΔΩΝ
1291 1972 1327 1991 τις
1340 1972 1474 1995 parmam-o,
1489 1973 1534 1988 xm
1546 1961 1678 1988 ἑδνωσσατο
1688 1966 1809 1993 vomam·

1174 2012 1203 2035 ῙΞι
1214 2020 1260 2035 και
1273 2020 1315 2042 μιν
1327 2009 1411 2035 bama
1423 2006 1544 2037 axem-05
1554 2017 1631 2039 πενιη,

1136 2058 1202 2085 Ζωην
1218 2057 1473 2082 ΣΤΥΛΩΣΔΙΤΟ·
1483 2066 1565 2083 κακον
1577 2055 1598 2081 δ’
1613 2055 1787 2083 ΔΣΤΥΛΟΣ
1800 2055 1865 2082 ιδία-

1315 2102 1355 2129 θαι

1175 2153 1297 2180 Οικος-;

1138 2229 1157 2259 i.
1175 2239 1200 2259 e.
1225 2229 1394 2259 liberorum
1416 2229 1563 2259 columnis
1585 2227 1682 2257 vitam
1701 2227 1867 2269 suffulciat.

1141 2280 1221 2316 Quae
1237 2285 1409 2320 sequuntur
1419 2280 1452 2309 in
1461 2278 1516 2308 illo
1530 2279 1688 2317 po‘e'matio
1701 2278 1866 2319 depravata

1145 2337 1227 2362 sunt.
1275 2331 1324 2362 Sic
1339 2337 1445 2362 autem
1461 2336 1528 2361 erat
1541 2330 1812 2372 distinguendum,
1829 2341 1871 2362 ne

1147 2383 1335 2414 constructio
1355 2383 1536 2421 dehisceret,
1566 2382 1633 2412 sine
1654 2381 1747 2413 calcis
1768 2382 1869 2414 ferru-

1146 2441 1262 2465 mento.
1308 2435 1386 2466 Huc
1410 2439 1550 2475 spectant
1574 2434 1729 2466 Homerei
1753 2444 1870 2474 versus,

1147 2485 1187 2517 Il.
1204 2493 1225 2517 1.
1241 2490 1315 2518 490.

1187 2584 1264 2592 —-—-
1275 2575 1349 2597 αλλοι
1359 2580 1386 2597 σε
1397 2571 1488 2601 srmone,
1501 2571 1568 2599 320ae
1579 2570 1688 2597 επιυκελ·
1699 2571 1822 2605 Axium,

1188 2619 1318 2654 Ποιευμκν,
1331 2617 1372 2644 ἵνα
1380 2628 1424 2652 μοι
1435 2617 1489 2644 ποτ’
1503 2627 1592 2644 aazia
1603 2623 1684 2650 λοιγον
1695 2627 1804 2653 apulum.-

1150 2694 1169 2723 i.
1185 2703 1211 2723 e.
1235 2696 1258 2711 “
1274 2698 1310 2723 ut
1324 2703 1375 2723 me
1397 2699 1554 2724 senectute
1568 2693 1684 2724 fessum
1699 2698 1875 2734 protegeres

1150 2750 1172 2764 “
1189 2752 1220 2776 et
1235 2746 1437 2777 vindicares.”
1484 2747 1633 2777 Conferas
1661 2746 1735 2777 Stat.
1755 2746 1819 2776 silv.
1835 2747 1875 2777 iv.

1149 2801 1178 2828 8.
1194 2802 1243 2828 45.
1267 2798 1365 2829 Theb.
1390 2797 1433 2828 iii.
1450 2801 1519 2830 154.
1545 2804 1588 2836 et,
1614 2807 1709 2838 quem
1735 2797 1876 2828 imitatus

1150 2855 1207 2887 est,
1233 2849 1325 2889 Virg.
1348 2849 1423 2879 AEn.
1446 2848 1464 2879 i.
1487 2852 1559 2880 664.
1597 2848 1663 2878 Hic
1683 2853 1789 2879 autem
1813 2858 1876 2878 ser-

1149 2901 1252 2932 monis
1278 2906 1367 2932 tenor
1392 2901 1536 2932 barbaros
1561 2910 1665 2932 mores
1697 2899 1818 2940 resipit;
1849 2906 1881 2931 et
