1912 3292
335 169 398 208 42

369 294 474 332 260-
458 291 665 380 Compta
684 292 834 343 modis,
854 294 1039 351 vigeant3
1071 294 1275 336 rationem
1298 294 1473 338 reddere
1493 304 1683 339 aventem

458 345 703 409 Abstrahit
723 367 900 410 invitum
920 369 1043 424 p'atrii
1063 370 1265 411 sermonis
1285 378 1458 427 egestas·

486 440 568 482 Sed
589 448 744 492 tamen,
776 449 822 483 ut
840 450 988 497 potero
1008 444 1245 486 summatim
1266 443 1497 502 adtingere,
1529 454 1710 504 tangam.

544 515 661 557 Inter
681 516 791 558 enim
812 527 978 560 cursant
998 519 1242 574 primordia,
1275 519 1576 575 principiorum

485 589 674 632 Motibus
694 591 802 633 inter
822 607 879 643 se,
912 592 1015 634 nihil
1034 601 1081 635 ut
1101 593 1304 635 secernier
1324 608 1458 636 unum

370 666 452 704 265
486 663 635 716 Possit,
666 670 744 707 nec
763 667 896 722 spatio
916 665 1006 708 fieri
1026 667 1156 709 divisa
1175 674 1355 723 potestas
1361 686 1376 718 3

340 819 422 855 Quae
447 819 578 858 pulchra
603 826 650 851 est
673 822 913 853 constructionis
928 824 1071 862 varietas,

339 875 432 910 atque
446 870 532 900 haud
546 870 642 901 dubie
657 872 763 902 scribis
777 873 936 913 imposuit.
964 875 1073 916 Vulgo

338 920 494 960 scribitur,
522 925 544 940 “
560 928 593 953 ut
610 923 721 953 timeas
735 924 804 954 ue.’'

383 971 456 1002 Ver.
472 975 545 1004 256.
575 975 701 1005 caulas:
728 975 827 1006 Vind.
844 976 885 1006 V.
907 975 954 1007 ed.
980 977 1020 1007 Ο.
1037 982 1072 1008 Δ.

338 1025 472 1059 mamas,-
502 1030 543 1054 Π.
560 1028 594 1056 Σ.
622 1027 754 1063 culinas,
777 1036 832 1065 per
857 1027 984 1058 eosdem
1009 1028 1072 1059 ele·

339 1081 520 1106 mentorum
536 1075 649 1108 ductus
657 1089 667 1115 3
691 1078 730 1114 Q.
746 1080 857 1110 culvia.
903 1079 986 1110 Redi
1001 1091 1074 1112 vero

339 1128 379 1160 ad
394 1128 426 1160 ii.
441 1132 515 1161 950.

382 1179 459 1211 Ver.
486 1184 558 1212 257.
578 1183 642 1224 fit:
671 1189 712 1213 11.
728 1183 820 1224 fuit;
844 1186 931 1215 abest
957 1188 1072 1217 A.—z'n

338 1242 453 1262 summo
469 1234 575 1272 quasi:
594 1233 694 1264 vind.
715 1234 754 1265 Ο.
773 1242 818 1266 Ω.
834 1237 926 1277 quasi
940 1238 973 1267 in
988 1248 1071 1268 sum—

338 1295 403 1320 m0;
428 1288 466 1314 Δ.
484 1290 527 1314 n.
546 1288 581 1316 Σ.
603 1296 719 1316 summo
736 1288 769 1317 in
785 1289 895 1327 quasi:
920 1294 952 1319 et
968 1288 1007 1320 V.
1023 1289 1071 1321 ed.

337 1333 495 1365 desiderat
507 1338 790 1377 quasi.—corpore.·
817 1339 856 1375 Q„
873 1343 1016 1380 corporis.

381 1394 458 1426 Ver.
473 1398 546 1427 258.
569 1398 721 1429 Motibus:
742 1405 783 1429 Π.
801 1401 985 1438 Montibus;
1003 1412 1073 1443 quae

338 1446 470 1489 nomina
478 1447 718 1480 confunduntur
726 1451 822 1481 etiam
832 1451 966 1483 librariis
976 1454 1072 1494 scrip-

338 1497 458 1529 toribus
471 1499 512 1530 ad
528 1499 619 1541 Virg.
641 1511 709 1542 geo.
736 1502 758 1533 i.
780 1505 854 1534 475.
877 1504 931 1534 ubi
952 1511 1073 1536 nostras

339 1549 625 1583 animadversiones
633 1552 938 1593 inspicias.—vieam.·
952 1563 992 1587 Π.
999 1559 1072 1588 υἰια.

383 1601 459 1632 Ver.
477 1606 549 1634 260.
571 1610 726 1636 aventem:
754 1606 792 1642 Q
819 1613 931 1638 ventem
939 1623 950 1644 ‚·
976 1608 1073 1640 Vind.

341 1651 384 1682 V.
400 1653 448 1683 ed.
472 1654 511 1690 B.
527 1654 563 1684 L.
588 1659 624 1686 Δ.
649 1661 684 1687 Σ.
710 1663 755 1687 Ω.
780 1659 947 1689 habentem.
994 1660 1075 1691 Sane

340 1713 435 1742 supra
456 1703 606 1744 vidimus,
628 1706 669 1736 ad
696 1717 756 1737 ver.
783 1712 812 1739 6.
836 1709 967 1750 hujusce
992 1710 1073 1750 libri,

341 1759 532 1796 quantopere
556 1757 673 1797 passim
697 1757 851 1791 fluctuent
875 1761 910 1791 in
937 1762 986 1792 his
1008 1763 1073 1794 dic-

339 1807 480 1839 tionibus
493 1809 613 1848 scribae,
630 1811 670 1841 ob
686 1811 822 1842 similem
837 1824 953 1844 sonum
967 1815 1072 1846 litera-

338 1870 411 1890 rum
426 1862 443 1891 b
458 1866 490 1891 et
503 1873 536 1892 v:
564 1862 618 1892 sed
641 1864 756 1902 nescio,
781 1875 821 1895 an
844 1865 937 1897 lectio
959 1869 1071 1899 haben-

339 1918 398 1943 tem
414 1912 466 1942 hic
487 1912 548 1944 loci
563 1923 628 1944 non
644 1915 782 1954 praeferri
797 1917 908 1948 debeat
914 1931 924 1956 ;
951 1925 986 1949 ut
1001 1930 1072 1950 sen·

340 1973 393 1994 sus
407 1963 459 1994 sit:
493 1967 515 1982 “
533 1964 686 2000 Quamvis
705 1967 836 1997 habeam
852 1979 915 2010 quo
930 1970 1072 2010 reddam,

339 2018 362 2033 “
380 2014 430 2045 vel
455 2015 576 2047 valeam
602 2016 740 2054 reddere,
767 2027 933 2059 paupertas
955 2021 1073 2062 lingua:

341 2069 364 2085 ‘⁴
379 2067 498 2107 patriae,
521 2069 680 2099 vocabulis
701 2070 922 2112 philosophicis
940 2074 1073 2105 minime

340 2121 362 2137 “
379 2119 549 2156 instructae,
572 2120 704 2161 impedit
719 2125 952 2166 moraturque.“
990 2126 1072 2157 Ver-

339 2172 418 2202 bum
440 2173 531 2203 habeo
557 2172 639 2204 banc
663 2180 849 2214 potestatem
875 2177 932 2208 sibi
956 2178 1072 2217 passim

339 2222 492 2261 vindicam
515 2230 552 2254 ut
566 2224 589 2255 ii
604 2235 726 2265 omnes,
745 2227 804 2268 qui
826 2229 882 2258 has
895 2228 1000 2260 literas
1014 2240 1071 2261 no-

340 2275 415 2314 rint,
445 2277 542 2315 probe
566 2284 692 2308 norunt.
740 2279 844 2310 Graeci
871 2293 932 2321 εχω
955 2282 1072 2321 passim

342 2329 485 2360 similiter
498 2331 546 2360 uti
560 2331 670 2363 solent.

385 2382 468 2413 Ibid.
493 2385 635 2424 Compta:
667 2384 688 2415 i.
703 2394 731 2416 e.
756 2386 915 2424 adornata,
939 2388 1072 2419 instruc-

343 2440 390 2464 ta:
417 2434 489 2465 vide
504 2444 562 2465 nos
576 2435 616 2465 ad
629 2435 649 2466 i.
665 2439 738 2469 949.
774 2438 840 2474 Qui
862 2445 1073 2478 portentosam

343 2484 513 2516 dictionem
532 2489 635 2527 Copta,
651 2488 670 2518 i.
683 2493 709 2519 e.
724 2494 844 2528 coapta,
859 2490 952 2521 nobis
966 2492 1069 2531 propi-

342 2543 432 2574 nant,
454 2543 548 2578 atque
562 2539 657 2570 etiam
679 2540 714 2570 in
729 2540 868 2571 Lucretii
888 2548 1070 2573 contextum

341 2587 485 2626 trudunt,
509 2589 595 2621 libris
609 2592 756 2622 omnibus
779 2598 888 2623 contra
906 2594 1070 2633 stantibus,

342 2639 442 2670 odiosi
457 2640 551 2672 nimis
567 2649 654 2682 sunt;
671 2644 749 2683 imo,
765 2645 832 2676 risu
845 2645 1006 2687 sibilisque
1019 2656 1072 2677 ex-

343 2691 492 2731 cipiendi:
518 2703 617 2734 quum
634 2707 674 2727 ne
695 2707 798 2728 unum
812 2697 940 2739 quidem
964 2698 1071 2739 depra-

342 2749 422 2774 vatae
445 2745 577 2776 literulae
602 2749 769 2791 vestigium
792 2756 887 2782 tantae
907 2751 1073 2782 temeritati

343 2797 578 2828 excusationem
593 2799 654 2831 det.
700 2802 741 2832 In
758 2803 905 2834 maximis
918 2804 1071 2835 nimirum

342 2849 523 2882 Lucretiani
545 2850 674 2884 editoris
697 2853 879 2887 infortuniis
899 2865 1069 2887 numeran-

829 160 890 210 T.
937 161 1320 212 LUCRETII

1115 824 1193 855 dum
1208 831 1266 862 est,
1281 825 1366 866 quod
1381 835 1445 855 non
1461 824 1568 856 minus
1582 834 1709 857 neeesse
1719 826 1759 856 sit
1773 836 1847 859 cum

1115 876 1233 907 vitiosis
1248 877 1489 916 exemplaribus,
1513 887 1609 918 quam
1621 888 1694 910 cum
1709 878 1846 910 vin‘anti-

1116 930 1175 959 bus
1191 929 1454 966 emendatoribus,
1471 930 1656 971 pugnaciter
1667 930 1847 963 conflictari.
1882 928 1888 974 f

1159 980 1234 1010 Ver.
1249 984 1323 1011 261.
1345 983 1493 1012 invitum.
1517 981 1540 1012 i.
1556 992 1582 1012 e.
1610 982 1789 1022 cupientem
1811 981 1864 1014 ei

1116 1031 1265 1062 brevitate
1279 1027 1374 1073 atque
1389 1033 1607 1073 perspicuitate
1631 1048 1866 1092 ovopoeerooromv,

1116 1093 1179 1124 qua
1199 1083 1330 1113 Graeciae
1347 1085 1470 1114 ubertas
1485 1083 1590 1124 pollet.
1615 1084 1765 1125 Respicit,
1780 1073 1866 1138 opi-3.

1116 1144 1185 1170 nor,
1207 1134 1407 1174 potissimum
1422 1145 1474 1166 eas
1489 1146 1642 1167 novarum
1657 1147 1771 1168 vocum
1785 1124 1863 1168 for-

1115 1186 1271 1218 mationes
1297 1193 1439 1218 veterum
1459 1188 1619 1228 juncturis
1642 1188 1751 1228 factas,
1773 1200 1851 1231 quas

1115 1238 1194 1268 olim
1222 1239 1362 1280 attigerit
1384 1240 1417 1270 in
1440 1239 1462 1270 i.
1492 1244 1672 1272 850-834.
1699 1247 1731 1272 et
1755 1236 1872 1280 dole&

1115 1301 1182 1321 esse
1211 1290 1251 1320 ad
1281 1291 1573 1323 circumlocutiones
1599 1292 1852 1335 confugiendum

1117 1343 1187 1382 sibi,
1211 1343 1271 1374 nisi
1293 1345 1397 1384 potius
1411 1345 1486 1376 velit
1512 1356 1580 1376 rem
1601 1353 1700 1378 totam
1723 1354 1850 1387 praeter-

1116 1395 1252 1434 mittere,
1275 1406 1383 1436 quam,
1408 1396 1433 1426 si
1445 1396 1551 1427 minus
1565 1397 1679 1428 diserte
1689 1404 1784 1439 atque
1798 1408 1850 1429 co-

1117 1448 1213 1488 piose,
1229 1449 1362 1479 breviter
1373 1454 1534 1490 utcunque
1543 1456 1575 1480 et
1586 1450 1772 1482 summatim
1787 1450 1859 1490 elo-¹

1115 1499 1180 1540 qui.

1160 1551 1233 1582 Ver.
1245 1554 1318 1582 262.
1330 1553 1507 1583 summatim
1519 1555 1689 1593 adtingere.
1713 1553 1765 1585 Ita
1773 1553 1852 1586 Dio-

1118 1608 1168 1643 tys
1185 1603 1354 1640 Cretensis,
1370 1614 1397 1634 v.
1414 1607 1443 1634 2.
1459 1604 1545 1635 haud
1560 1605 1682 1646 vulgari
1697 1616 1773 1637 cum
1788 1607 1855 1644 elon,

1118 1653 1240 1695 gamin,
1263 1660 1300 1685 ut
1314 1660 1361 1685 est
1380 1655 1511 1694 scriptor
1533 1655 1773 1688 lectissimamm
1789 1659 1852 1690 for-

1119 1707 1280 1737 mularum
1294 1706 1553 1746 studiosissimus,
1569 1714 1601 1739 et
1611 1710 1651 1740 ab
1662 1711 1751 1741 omni
1765 1709 1875 1751 pam·
1910 1708 1912 1710 ’

1119 1763 1313 1788 coacervatas
1327 1758 1483 1789 inserens:
1509 1762 1532 1778 “
1550 1759 1708 1802 Namque,
1731 1762 1758 1792 si
1771 1753 1874 1802 praa-²

1121 1813 1142 1829 ‘⁸
1159 1810 1252 1841 terita
1267 1811 1353 1841 mala
1367 1814 1545 1843 summatim
1563 1816 1716 1855 attingere
1730 1822 1874 1855 opem-i-

1120 1865 1142 1880 “
1158 1868 1201 1898 at,
1224 1873 1264 1893 en
1280 1873 1423 1904 unquam
1445 1863 1554 1895 civitas
1569 1871 1687 1904 nostra,
1709 1866 1881 1907 depressa-l
1906 1879 1909 1887 ⁸

1120 1917 1143 1931 “
1159 1914 1322 1953 aerumnis,
1345 1914 1385 1945 ad
1401 1915 1542 1955 requiem
1557 1912 1880 1959 emersit?”—Sue-?l
1905 1916 1908 1923 ⁴

1118 1965 1234 2004 tonius,
1257 1965 1289 1996 ii.
1305 1969 1357 1998 85.
1382 1970 1404 1984 “
1422 1967 1588 1998 I‘o'eticam
1603 1972 1778 2001 summatim
1794 1962 1880 2006 adq-‚l
1908 1983 1909 1988 ¹

1118 2020 1140 2035 “
1155 2018 1252 2057 tigie.'‘
1300 2017 1446 2056 Orosius,
1470 2018 1540 2049 hist.
1564 2019 1584 2050 i.
1605 2023 1631 2050 l.
1656 2025 1678 2039 “
1698 2021 1764 2053 Res
1785 2022 1853 2062 ipsa

1118 2072 1140 2087 “
1156 2068 1256 2110 exigit
1270 2079 1370 2109 pauca
1385 2072 1472 2101 adlin
1474 2072 1573 2112 gere-’³
1614 2071 1755 2104 Pessime
1771 2084 1860 2113 non-5

1117 2119 1199 2151 nulli
1215 2120 1356 2152 scribunt
1370 2125 1546 2163 contingere
1557 2122 1591 2154 in
1600 2123 1746 2156 hocloco.
1765 2125 1862 2161 νοω,

1116 2171 1271 2213 singulari
1296 2183 1364 2204 rem
1389 2174 1564 2213 expediunt
1591 2175 1694 2206 Graeci
1719 2176 1860 2217 scilicetfl,

1116 2231 1152 2256 ut
1169 2226 1342 2265 Hesiodus,
1367 2237 1438 2267 opp.
1454 2234 1486 2259 et
1501 2227 1554 2259 dd.
1573 2232 1646 2260 106.
1841 2242 1851 2271 ᾳ
1906 2245 1907 2249 ’

1281 2304 1356 2340 ἕτερον
1368 2315 1404 2332 τοι
1418 2315 1466 2337 εγω
1478 2311 1552 2339 noyn
1565 2308 1826 2334 ΕΚΚΟΡΥΦΩΣΩι
1872 2329 1876 2363 Ι
1907 2320 1909 2322 ·

1116 2366 1232 2404 confer,
1249 2367 1275 2398 si
1291 2368 1370 2398 tanti
1381 2368 1433 2407 sit,
1443 2375 1584 2400 nostram
1600 2369 1675 2401 Silv.
1687 2370 1764 2401 Crit.
1777 2368 1850 2402 secu
1872 2368 1875 2375 '

1116 2418 1229 2449 lxxxvi.
1276 2419 1327 2450 Sic
1343 2426 1450 2452 autem
1470 2422 1538 2452 sine
1552 2422 1736 2462 metaphora
1749 2421 1854 2453 maxi:

1117 2481 1191 2502 mus
1208 2472 1418 2511 Mantuanus,
1442 2472 1482 2504 ad
1500 2474 1575 2505 AEn.
1590 2474 1612 2505 i.
1631 2477 1704 2506 737.

1144 2539 1298 2572 Primaque,
1314 2541 1407 2572 libato,
1428 2549 1526 2567 summo
1536 2545 1610 2568 tenus
1619 2542 1712 2576 adtigit
1720 2550 1777 2569 ore.

1157 2598 1233 2629 Ver.
1241 2603 1324 2631 «265.
1347 2600 1484 2637 Puncto‚
1506 2606 1577 2641 post
1593 2603 1767 2641 primordia
1790 2611 1851 2641 po*

1117 2649 1187 2687 sito,
1210 2651 1287 2688 cavi,
1311 2662 1352 2682 ne
1361 2652 1512 2693 jungeres
1521 2654 1696 2693 primordia
1713 2658 1744 2683 et
1753 2654 1846 2693 prin-

1116 2704 1278 2742 cipiorum,
1295 2710 1403 2735 contra
1416 2704 1568 2735 sermonis
1581 2704 1763 2736 Lucretiani
1771 2702 1852 2739 conr?

1117 2753 1330 2791 suetudinem,
1355 2755 1407 2786 cui
1430 2761 1506 2786 sunt
1520 2755 1605 2787 idem
1619 2766 1745 2796 prorsus
1754 2757 1851 2796 prim?

1116 2806 1199 2845 cipio
1215 2811 1247 2836 et
1254 2808 1434 2846 primordia
1441 2823 1452 2843 ‚-
1470 2807 1737 2848 quemadmodum
1749 2817 1788 2838 ex
1797 2805 1849 2839 in*-

1114 2859 1255 2889 numeris
1269 2857 1348 2890 locis
1362 2860 1647 2899 constat.-Porro,
1665 2866 1706 2891 Π.
1721 2863 1834 2892 cursat.
1867 2902 1872 2906 Ὗ
