1912 3292
308 215 402 256 304

807 205 868 255 T.
916 205 1294 256 LUCRETII

456 339 581 381 Unco
600 352 709 394 saepe
727 338 842 380 labro
861 339 1037 381 calamos
1056 339 1257 395 percurrit
1276 337 1464 389 hianteis,

456 412 610 455 Fistula
629 412 860 469 sylvestrem
880 427 933 454 ne
953 421 1079 454 cesset
1096 412 1267 454 fimdere
1286 427 1457 454 musam.

456 487 619 529 Caetera
637 486 690 529 de
707 502 858 546 genere
876 487 956 529 hoc
976 494 1161 529 monstra
1180 501 1227 529 ac
1250 494 1441 542 portenta
1459 486 1698 543 loquuntur,

312 660 396 692 Pun.
419 661 462 692 iii.
487 665 557 694 276.
580 663 664 704 quod
686 664 780 694 totius
805 663 864 695 loci
887 663 972 694 color
996 673 1035 694 ex

310 712 482 743 abundanti
497 720 648 743 monstret
661 714 745 744 scitis
758 715 936 745 lectoribus:

716 794 864 826 squalentia
874 795 955 820 barba

339 833 392 856 Ora
403 833 480 862 vir'ss5
497 832 678 864 humerosque
687 837 785 866 tegunt
796 835 942 860 manamine
951 836 1025 869 capri

340 871 487 903 Saetigero:
507 872 595 904 panda
606 879 701 898 manus
711 878 751 899 eet
761 878 863 899 armata
874 875 972 901 cateii:

308 941 328 972 i.
344 952 370 972 e.
395 944 591 985 προέληματι,
617 947 803 978 munimento
809 962 820 984 ;
844 953 880 978 ut
903 947 936 978 in
961 949 1030 979 He-

309 992 409 1024 rodoti
419 994 499 1032 loco,
511 995 552 1025 iv.
566 999 637 1027 175.
651 1006 744 1038 quem
758 997 1034 1030 Drakenborchius

308 1043 478 1085 adscripsit.
523 1046 673 1078 Humilia
701 1054 775 1079 sunt
801 1055 831 1080 et
856 1050 1035 1091 tautologiae

308 1095 425 1133 affinia,
441 1108 511 1138 quae
526 1098 646 1139 vulgari
662 1099 762 1130 solent
778 1111 816 1131 ex
832 1100 919 1132 libris
933 1103 1034 1132 omni-

306 1147 375 1184 bus,
390 1154 495 1188 tegunt
508 1151 672 1182 velamine:
691 1152 831 1182 conferas
843 1153 982 1193 ejusdem
995 1154 1033 1185 iv.

308 1200 381 1229 561.
404 1208 430 1229 v.
449 1203 517 1230 133.
564 1201 664 1232 Haud
686 1202 748 1233 alio
769 1204 864 1235 modo
881 1204 1035 1246 Virgilius

307 1250 464 1281 verissime
478 1252 698 1291 restituendus,
713 1255 754 1286 ad
768 1266 836 1297 geo.
855 1257 901 1288 iii.
917 1261 990 1288 583.

337 1323 422 1354 Talis,
434 1325 606 1357 Hyperboreo
616 1331 720 1360 septem
732 1329 850 1361 subjecta
860 1331 952 1362 trioni,

339 1363 413 1388 Gens
423 1364 523 1390 effrena
536 1366 626 1392 virum
640 1367 753 1399 Rhipaeo
764 1369 883 1394 tunditur
891 1372 974 1402 Euro;

338 1404 372 1428 Et
386 1405 523 1436 pecudum
533 1405 612 1432 fulvis
623 1408 746 1433 vallatur
755 1416 866 1442 corpora
876 1413 963 1436 saetis:

306 1474 327 1506 i.
342 1486 367 1507 e.
391 1479 417 1495 “
430 1480 570 1510 munitur
585 1485 693 1511 contra
707 1483 826 1513 verbera
850 1483 1034 1524 glacialium

307 1530 330 1545 “
347 1530 548 1560 ventorum:¹’
571 1530 641 1562 vide
658 1533 837 1564 Bentleium
854 1534 894 1564 ad
921 1534 1034 1574 fragm.

301 1578 431 1616 ffCallim.
456 1581 553 1612 cxxiv.
579 1583 666 1618 Quid
692 1585 934 1625 congruentius?
958 1585 1035 1626 quid

305 1629 500 1671 elegantius?
525 1633 742 1672 Dis-putationi
758 1645 822 1666 non
838 1636 973 1666 obnoxia
988 1642 1035 1666 est

306 1682 373 1712 haec
388 1683 574 1714 emendatio.
620 1685 739 1726 Vulgo,
762 1689 889 1723 velatur,
911 1688 960 1718 vel
986 1699 1034 1720 ve·

305 1734 428 1770 Ionem-,-
444 1734 498 1764 sed
513 1735 694 1774 exemplum
708 1737 876 1778 singulare,
893 1740 1032 1770 vellatur.

308 1783 374 1814 Adi
389 1784 495 1815 doctos
510 1786 774 1819 animadversores
788 1789 822 1819 in
837 1789 909 1820 Val.
933 1791 959 1820 F
961 1790 1034 1820 lace.

305 1836 344 1866 iv.
361 1840 433 1869 298.
448 1847 543 1878 quem
558 1838 663 1869 locum
679 1850 742 1870 non
755 1841 824 1880 jam
839 1852 924 1872 nunc
939 1841 1034 1872 attin-

306 1899 389 1930 gam.
433 1890 599 1922 Lucretius
613 1893 709 1933 igitur
733 1893 773 1924 ad
799 1895 912 1934 pinum
928 1895 1036 1934 capitis

306 1943 453 1984 ἧλιοστερη
468 1944 637 1976 rectissime
647 1955 756 1977 vocem
764 1949 930 1978 vallamina
948 1947 1033 1978 vide-

305 1999 357 2023 tur
371 1993 521 2024 retulisse.
567 1996 642 2026 Non
657 1997 785 2028 aliunde
807 1998 944 2037 plurima
965 1998 1034 2029 loca

306 2050 447 2076 veterum
462 2047 683 2086 proprietatem
697 2059 786 2079 suam
810 2056 905 2091 atque
920 2061 1032 2081 venus-

306 2101 402 2126 tatem
418 2103 611 2130 mutuantur.
656 2100 813 2140 Exemplo
827 2101 867 2131 sit
884 2101 1033 2142 Virgilia-

307 2157 368 2178 nus
382 2146 445 2184 ille,
463 2148 539 2179 AEn.
552 2150 589 2180 vi.
607 2153 679 2182 772.

339 2212 430 2244 Atque
438 2213 554 2239 umbrata
565 2219 663 2248 gerunt
674 2217 745 2242 civili
757 2221 880 2251 tempora
890 2225 993 2251 quercu.

310 2269 361 2300 Ita
382 2270 499 2302 scilicet
524 2274 582 2303 sub
605 2273 658 2304 dio
681 2274 801 2306 defensi
827 2282 934 2307 contra
963 2276 1036 2307 solis

307 2322 426 2362 spicula
440 2325 598 2357 acutioris:
625 2328 787 2359 committe
806 2335 948 2360 nostrum
963 2339 1035 2360 nos-

307 2378 418 2414 traque
432 2376 584 2415 superius,
599 2377 640 2408 ad
656 2378 699 2409 iii.
715 2383 787 2410 926.
809 2389 850 2409 ne
865 2380 1036 2410 tritioribus

308 2424 444 2456 nimium
459 2427 514 2457 diu
540 2428 789 2460 inhaerescamus.
834 2430 895 2461 Rei
917 2431 1036 2461 interea

306 2476 406 2515 ipsius
428 2484 538 2510 testem
563 2490 628 2512 non
654 2483 822 2512 obscurum
851 2493 976 2522 prorsus
1003 2493 1036 2513 se

308 2530 398 2559 nobis
416 2531 541 2562 exhibet
568 2533 771 2572 Calpurnius,
792 2534 849 2565 ecl.
866 2534 885 2565 i.
906 2538 954 2566 10.
977 2534 1038 2575 syl-

307 2586 422 2611 vestres
437 2582 510 2613 deos
525 2583 574 2613 his
584 2585 707 2615 coronis
721 2585 822 2624 capita
832 2585 992 2622 obtexisse,
1002 2591 1039 2616 ut

309 2631 435 2663 ardores
449 2633 512 2664 diei
527 2635 642 2666 nimios
657 2636 885 2676 propulsarent:

341 2702 398 2729 Hoc
410 2707 508 2737 potius,
528 2707 613 2734 frater
623 2709 762 2742 Corydon,
781 2695 877 2735 nemus
905 2709 953 2735 ista
965 2713 1039 2742 peta-

433 2752 494 2770 mus

340 2783 425 2808 Antra
435 2787 517 2816 patris
529 2788 609 2813 Fauni
615 2796 627 2817 ;
646 2789 757 2821 graciles
765 2789 810 2814 ubi
817 2789 892 2822 pinea
904 2790 998 2814 densat

340 2822 425 2854 Sylva
437 2830 539 2855 comas,
550 2827 693 2859 rapidoque
703 2832 780 2861 caput
790 2829 865 2853 levat
877 2829 956 2854 obvia
965 2828 1021 2853 soli.

312 2884 435 2918 Decore
450 2887 612 2926 nimirum,
628 2896 660 2921 et
670 2890 843 2933 ingeniose,
858 2891 974 2924 Statius
985 2891 1038 2923 ad-

1077 662 1232 693 ministrat
1260 672 1336 699 rem,
1367 660 1408 692 ad
1436 661 1536 693 Theb.
1561 662 1612 694 vii.
1641 666 1714 695 262.
1747 662 1801 703 qui

1077 715 1121 745 sic
1135 716 1291 746 vallaverit
1308 715 1411 744 hero'is
1425 720 1517 754 caput
1539 715 1573 744 in
1599 715 1697 754 praelii
1719 715 1800 755 peri-

1077 765 1164 796 cula:

1107 838 1248 864 Proximus
1259 839 1449 871 Eurymedon;
1467 839 1511 864 cui
1525 840 1665 872 pastoralia
1677 841 1761 866 Fauni

1107 879 1192 904 Arma
1202 879 1294 911 patris,
1303 879 1432 912 pinusque
1439 880 1515 910 jubas
1525 880 1648 905 imitatur
1657 881 1777 912 equinas.

1076 941 1151 972 Non
1166 941 1286 972 alienus
1300 941 1458 972 advenerit
1472 943 1640 981 Arnobius‚
1650 943 1703 975 lib.
1717 944 1756 975 vi.
1772 955 1802 984 p.

1081 995 1220 1024 197.—“
1235 1002 1308 1022 cum
1338 998 1442 1031 petaso
1464 998 1577 1031 gnatus
1601 993 1709 1032 Maiae,
1733 1001 1803 1026 tan..

1079 1047 1101 1062 “
1118 1054 1213 1084 quam
1229 1043 1293 1073 vias
1315 1042 1443 1084 aggredi
1470 1050 1631 1082 praeparet‚
1657 1051 1689 1074 et
1712 1048 1801 1078 solem

1081 1098 1102 1113 “
1118 1094 1340 1134 pulveremque
1355 1093 1520 1124 declinet?
1553 1093 1614 1124 Sed
1630 1094 1805 1134 Papiniano

1079 1146 1218 1177 carmine
1233 1145 1311 1176 nihil
1326 1144 1549 1185 tempestivius,
1565 1145 1630 1176 silv.
1646 1156 1672 1177 v.
1689 1150 1718 1178 5.
1735 1151 1804 1182 143,

1078 1204 1114 1228 ut
1129 1196 1208 1228 nihil
1223 1202 1269 1227 est
1295 1195 1433 1236 profecto
1452 1195 1614 1236 pulchrius
1634 1202 1665 1227 et
1686 1197 1806 1238 expoli-

1079 1249 1154 1280 tius:

1089 1324 1127 1348 Sit
1138 1329 1254 1356 pronum
1265 1321 1358 1348 vicisse
1368 1321 1452 1347 domi.
1481 1323 1552 1354 Quid
1562 1322 1664 1348 Achaea
1672 1324 1770 1350 mereri

1088 1363 1212 1388 Praernia?
1223 1369 1296 1387 nunc
1304 1362 1382 1387 ramis
1390 1363 1494 1392 Phoebi,
1500 1369 1572 1387 nunc
1577 1363 1691 1394 germine
1697 1365 1805 1395 Lemae,

1089 1406 1166 1430 Nunc
1177 1405 1369 1431 Athamantaea
1377 1408 1516 1438 protectum
1526 1408 1636 1437 tempora
1643 1405 1719 1437 pinu.

1078 1468 1147 1499 Nec
1169 1468 1298 1499 alienior
1323 1474 1369 1498 est
1394 1467 1499 1504 Silius,
1533 1468 1616 1498 Pun.
1641 1468 1707 1500 xiii.
1731 1472 1804 1500 531.

1078 1519 1146 1558 ipso
1157 1519 1196 1550 de
1213 1521 1300 1551 Pane
1316 1519 1452 1550 versibus
1463 1518 1666 1549 ornatissimis
1678 1529 1805 1550 canens:

1109 1587 1200 1619 Cingit
1211 1590 1290 1612 acuta
1299 1593 1399 1616 comas,
1409 1590 1437 1612 et
1449 1589 1537 1618 opacat
1547 1589 1668 1618 tempora,
1675 1586 1764 1618 pimus

1079 1655 1097 1674 a
1111 1645 1342 1674 vehementiore
1357 1643 1473 1674 scilicet
1487 1643 1586 1684 rapidi
1613 1643 1686 1675 solis
1710 1651 1805 1684 aestu;

1078 1696 1220 1727 conferas
1235 1695 1308 1726 ibid.
1329 1705 1390 1726 ver.
1405 1699 1477 1726 541.
1498 1696 1604 1726 statim
1620 1696 1805 1729 venientem.

1078 1747 1263 1778 Emendabo
1278 1746 1413 1788 denique
1427 1747 1451 1778 J
1453 1756 1619 1786 uvencum,
1635 1747 1704 1778 hist.
1717 1758 1761 1779 ev.
1771 1749 1803 1780 ii.

1080 1803 1097 1831 7
1103 1802 1151 1831 76.

1110 1873 1165 1898 En!
1184 1873 1277 1905 populi
1287 1875 1392 1898 mentes
1406 1872 1544 1897 vallantur
1554 1871 1588 1897 ad
1599 1872 1690 1898 omnia
1701 1873 1790 1898 crassis

1109 1912 1234 1943 Obicibus,
1247 1919 1323 1937 sensu
1336 1918 1371 1938 ne
1381 1915 1494 1944 tangant
1506 1918 1619 1938 munera
1629 1912 1712 1937 vitae:

1076 1976 1097 2006 i.
1113 1986 1140 2007 e.
1163 1977 1355 2007 muniuntur.
1398 1974 1519 2015 Vulgo,
1534 1976 1681 2006 velantur.
1714 1975 1807 2006 Solus

1079 2027 1194 2058 sufficit
1229 2027 1415 2067 conjecturae
1451 2025 1614 2056 firmanda:
1642 2026 1805 2068 Virgilius,

1079 2079 1154 2109 AEn.
1171 2078 1234 2108 viii.
1253 2081 1324 2108 227.

1274 2147 1409 2180 fultosque
1419 2147 1525 2172 emuniit
1535 2147 1599 2172 obice
1610 2151 1707 2180 postes.

1125 2206 1206 2237 Ibid.
1231 2209 1330 2237 Ρίηεα
1355 2206 1531 2236 vnllamina.
1578 2204 1629 2235 Sic
1662 2205 1805 2245 Ovidius,

1081 2264 1154 2289 met.
1170 2258 1230 2288 xiv.
1245 2261 1317 2288 638.
1333 2256 1446 2287 usitata
1460 2265 1534 2287 cum
1548 2255 1716 2296 elegantizi:

1274 2323 1338 2355 pinu
1348 2321 1477 2355 precincti
1488 2328 1590 2347 cornua
1603 2323 1684 2347 Panes
1694 2331 1703 2348 .-

1080 2380 1350 2423 quemadmodum
1365 2386 1395 2410 et
1410 2379 1492 2411 alibi.
1533 2379 1658 2412 Suidas:
1680 2386 1806 2413 nar-vac·

1080 2447 1201 2472 τεττας,
1218 2435 1231 2464 ὅ
1247 2439 1326 2464 How·

1122 2512 1245 2538 ΠΑΝΟΣ
1261 2511 1284 2537 τ’
1295 2520 1412 2545 κχκεστα
1423 2512 1710 2539 ΠΙΤΥΣΤΕΙῘΤΟΙΟ
1720 2515 1807 2541 auur..

1083 2583 1165 2618 Quae
1176 2589 1250 2613 sunt
1267 2582 1461 2623 Crinagorae,
1477 2582 1559 2622 epig.
1577 2585 1606 2613 7.
1691 2617 1694 2619 ,

1128 2636 1209 2667 Ibid.
1233 2636 1367 2677 semiferi
1381 2638 1509 2676 capitis:
1528 2637 1568 2666 ob
1582 2644 1699 2666 cornua
1712 2634 1808 2664 nimi-

1082 2698 1164 2723 rum,
1189 2699 1207 2718 a
1229 2688 1420 2726 temporibus
1441 2686 1639 2726 pullulantia,
1667 2691 1699 2715 et
1718 2695 1808 2716 aures

1082 2739 1114 2768 in
1131 2748 1263 2769 acumen
1279 2745 1434 2768 tenuatas:
1453 2737 1492 2768 de
1504 2736 1617 2777 quibus
1625 2735 1723 2775 po'e‘tae
1738 2745 1807 2775 pas-

1083 2791 1153 2820 sim.
1199 2790 1380 2820 Martianus
1406 2787 1545 2827 Capella,
1571 2787 1622 2817 lib.
1649 2786 1688 2817 ἰΧ.
1711 2791 1740 2817 4.
1758 2790 1810 2818 ΤΟ.

1082 2841 1132 2877 ita,
1155 2840 1215 2870 nisi
1229 2840 1329 2876 fallor,
1355 2837 1571 2870 emendandus
1585 2843 1642 2876 est,
1669 2847 1698 2878 p.
1718 2841 1808 2869 1448.

1082 2891 1154 2923 edit.
1171 2891 1323 2924 Maittair.
1339 2900 1437 2933 quam
1451 2889 1550 2921 solam
1564 2890 1676 2920 habeo:
