1912 3292
460 243 693 293 LIBER
741 240 1130 298 QUARTUS.

189 376 252 419 Ut
270 388 491 433 puerorum
511 380 609 414 aetas
628 371 846 427 inprovida
865 369 1098 412 ludificetur

107 454 157 491 15
188 450 420 492 Labrorum
439 456 577 496 tenus3
608 447 764 487 interea
782 451 973 500 perpotet
992 458 1180 485 amarum

189 522 398 565 Absinthii
415 520 592 571 laticem,
614 520 865 575 deceptaque
884 532 971 559 non
991 518 1192 572 capiatur,

191 596 274 638 Sed
292 595 442 650 potius,
473 595 544 636 tali
563 610 588 635 a
606 602 719 635 tactu
738 601 934 643 recreata,
956 592 1147 633 valescat:

191 669 259 711 Sic
278 684 356 726 ego
376 684 503 720 nunc,
535 669 731 725 quoniam
750 668 842 709 haec
862 667 968 709 ratio
988 666 1227 722 plerumque
1246 664 1406 706 videtur

192 742 369 783 Tristior
389 757 488 793 esse,
520 743 666 799 quibus
686 757 772 783 non
793 749 853 782 est
872 748 1059 790 tractata,
1092 748 1283 795 retroque

106 820 161 856 20
192 816 349 873 Volgus
368 817 562 858 abhorret
581 818 634 859 ab
653 817 731 858 hac
738 835 750 866 3
783 816 894 857 volui
914 815 989 856 tibi
1009 814 1304 870 suaviloquenti

195 890 390 932 Carmine
412 891 550 932 Pierio
570 892 773 932 rationem
793 905 1000 945 exponere
1020 897 1219 939 nostram,

196 964 253 1005 Et
273 966 387 1020 quasi
410 965 574 1007 Musaeo
595 966 705 1007 dulci
726 966 967 1022 contingere
987 963 1123 1013 melle3

198 1038 243 1080 Si
263 1038 338 1079 tibi
356 1038 461 1081 forte
481 1041 666 1081 animum
686 1039 756 1080 tali
776 1039 934 1079 ratione
954 1047 1094 1079 tenere

198 1111 393 1154 Versibus
414 1114 458 1154 in
477 1115 626 1156 nostris
645 1128 822 1169 possem,
854 1113 954 1154 dum
973 1111 1148 1167 percipis
1168 1123 1334 1151 omnem

61 1267 179 1308 “facto
195 1267 387 1300 dubitatione
401 1270 531 1307 sublata,
546 1276 651 1302 tantus
660 1270 786 1301 incessit

62 1321 85 1336 ‘⁸
100 1318 279 1350 timor—:'‘
302 1322 568 1360 quemadmodum
587 1322 640 1352 alii
655 1322 784 1361 saepissi-

62 1379 122 1400 me.
167 1371 337 1411 Hyginum
363 1377 469 1402 tamen
494 1373 674 1409 admovebo,
701 1374 784 1412 po'et.

63 1427 175 1452 astron.
200 1421 232 1451 ii.
252 1425 281 1452 4.
337 1425 358 1441 “
375 1423 521 1459 Quorum
549 1435 604 1454 rex
635 1425 787 1455 Aristaeus

65 1474 87 1489 “
102 1472 181 1511 petit
194 1482 213 1502 a
227 1478 365 1512 parente,
388 1484 450 1514 quo
461 1475 551 1516 facto
568 1486 586 1505 a
612 1475 788 1506 calamitate

64 1526 88 1542 “
102 1523 258 1554 civitatem
272 1532 374 1564 posset
382 1526 543 1557 liberare.’‘
567 1527 633 1558 Ubi
645 1527 789 1567 quaedam

65 1575 208 1615 exempla
222 1576 298 1606 dant
306 1584 408 1616 pacto.

109 1627 183 1657 Ver.
203 1631 253 1658 18.
277 1639 348 1667 ego:
373 1629 414 1659 V.
429 1629 476 1660 ed.
501 1633 787 1671 erga—quoniam:

68 1677 206 1718 M,qz'w;
229 1678 308 1709 forte
333 1691 389 1719 pro
413 1684 552 1721 quando:
578 1682 617 1712 de
642 1681 703 1722 qui
730 1683 790 1712 fre-

68 1735 181 1770 quente
195 1731 374 1767 variatione,
403 1732 474 1762 vide
498 1733 789 1763 Drakenborchium

69 1780 110 1810 ad
124 1780 191 1811 Liv.
206 1781 247 1812 ix,
264 1786 292 1812 8.
309 1784 463 1814 5.-Ιναιίο
473 1797 482 1814 .·
504 1789 540 1813 Δ.
553 1795 630 1820 ηοη,-
655 1785 709 1824 qui
723 1795 794 1823 pro-

70 1832 157 1861 venit
170 1842 265 1870 error,
289 1838 325 1862 ut
338 1840 458 1872 putem,
483 1845 503 1864 a
523 1835 607 1864 brevi
629 1835 730 1864 sonna
752 1839 795 1872 νδ,

73 1883 218 1914 codicum
233 1884 605 1924 scriptorum—videtur.-
634 1892 668 1917 Δ.
691 1889 795 1918 viden-

75 1941 136 1966 tur.

120 1980 195 2016 Ver]
213 1989 263 2017 19.
287 1992 321 2018 Σ.
344 1989 499 2019 interserit
513 1991 576 2020 illis
591 1995 659 2028 post
672 2001 745 2028 esse,
768 1997 799 2020 et

75 2037 192 2067 omittit
205 2049 276 2068 non.
317 2039 420 2070 Voces
433 2052 494 2071 non
509 2047 552 2071 est
567 2042 680 2071 absunt
694 2042 734 2072 V.
752 2042 798 2073 ed.

77 2095 118 2119 11.
133 2095 265 2120 tractata
277 2103 287 2119 .·
312 2090 350 2120 B.
366 2091 402 2121 L.
419 2092 466 2122 M.
481 2098 799 2133 tractatque.—retr0-

75 2151 153 2181 que:
179 2141 216 2171 P.
231 2142 363 2182 ideoque.

120 2191 204 2222 Ibid.
227 2194 361 2224 tristior.-
394 2193 414 2224 i.
439 2204 465 2224 e.
489 2194 633 2231 amarior,
663 2201 803 2234 respectu

78 2243 304 2282 similitudinis,
330 2255 399 2285 quae
421 2246 582 2285 praecessit.
628 2246 804 2287 Utramque

79 2304 188 2326 vocem
202 2295 330 2335 pulchre
348 2297 455 2337 junxit
476 2298 620 2336 Ovidius,
643 2298 729 2337 epist.
744 2299 806 2331 xix.

82 2351 153 2378 184.

176 2423 238 2448 Fert
247 2422 303 2447 aliis
313 2422 406 2449 tristem
417 2431 494 2450 sucus
504 2432 608 2450 amarus
620 2432 712 2457 opem.

129 2508 207 2538 Ver.
225 2511 275 2539 20.
297 2510 335 2539 ab
349 2511 423 2540 hac:
449 2511 486 2540 B.
511 2512 544 2540 ob
566 2511 808 2541 hoco—suavilo-

85 2563 208 2601 quenti:
236 2565 270 2592 Σ.
288 2567 333 2591 Ω.
352 2572 441 2592 suave
455 2564 599 2602 loquenti.

131 2610 205 2641 Ver.
223 2615 272 2641 22.
297 2613 413 2643 Musoeo
429 2615 533 2643 melle:
560 2619 596 2643 ut
610 2613 737 2644 Persius
753 2615 810 2644 Pe-

88 2664 229 2702 gase'ium
244 2670 350 2694 nectar
357 2679 367 2699 ,·
393 2664 462 2695 vide
479 2675 536 2695 nos
556 2665 596 2695 ad
614 2665 634 2696 i.
652 2669 724 2697 946.
745 2671 814 2704 post

90 2725 185 2755 quem
200 2715 379 2747 Martianus
397 2717 525 2757 Capella
547 2718 636 2756 dixit,
659 2720 737 2750 vocis
755 2720 813 2749 Pe-

89 2768 201 2804 gase'z'oe
227 2774 341 2804 nectar,
379 2769 460 2799 hanc
483 2769 648 2800 lectionem
672 2769 814 2805 firmans;

96 2817 144 2846 uti
155 2817 286 2849 Vossius
304 2821 484 2858 observavit,
507 2821 541 2851 in
563 2827 618 2852 art.
633 2830 765 2861 gramm.
788 2819 818 2850 ii.

97 2869 148 2898 16.

139 2918 213 2951 Ver.
229 2924 278 2954 24.
298 2925 450 2963 percipis.-
476 2924 520 2955 ita
535 2924 574 2954 V.
590 2925 637 2955 ed.
665 2925 704 2955 Ο.
723 2928 755 2955 Δ.
775 2930 817 2955 Π.

828 1273 862 1300 Σ.
882 1274 928 1299 Ω.
953 1265 1094 1307 quamvis
1115 1263 1215 1304 major
1232 1271 1384 1293 numerus
1403 1261 1555 1292 librorum

828 1322 963 1350 habeant
971 1320 1134 1359 perspicis,
1157 1316 1197 1347 ad
1212 1317 1231 1346 i.
1250 1319 1322 1347 948.
1339 1314 1385 1345 uti
1399 1314 1451 1344 hic
1461 1314 1556 1343 etiam

829 1372 870 1403 P.
887 1371 983 1401 Vind.
1008 1371 1044 1400 B.
1065 1370 1102 1400 L.
1127 1369 1175 1399 M.
1200 1367 1226 1397 si
1251 1367 1327 1397 fides
1351 1365 1495 1396 habenda
1519 1365 1558 1394 sit

829 1422 1042 1459 collatoribus;
1066 1420 1180 1461 quibus
1202 1424 1318 1456 tamen,
1344 1417 1464 1458 quoties
1483 1415 1558 1446 levi·

831 1474 939 1505 uscula
953 1484 1000 1504 res
1014 1472 1181 1509 videretur,
1204 1481 1270 1500 non
1292 1477 1408 1500 temere
1429 1467 1558 1498 creden-

832 1527 910 1558 dum
926 1537 991 1557 esse
1008 1531 1152 1564 expertus
1166 1523 1247 1553 novi.
1282 1523 1326 1552 Et
1339 1520 1478 1561 profecto
1492 1530 1559 1549 ver-

832 1580 909 1608 bum
920 1578 1056 1617 percipis
1071 1585 1145 1606 cum
1159 1579 1306 1614 sequente
1316 1573 1467 1613 persentis
1482 1570 1560 1601 ami-

834 1629 955 1660 cissime
970 1627 1146 1659 concordat.

877 1681 953 1710 Ver.
968 1682 1019 1710 25.
1037 1680 1204 1718 persentis:
1230 1677 1268 1707 V.
1285 1675 1332 1706 ed.
1360 1686 1418 1715 per
1439 1685 1563 1714 presen-

836 1733 889 1766 tis;
916 1730 953 1760 L.
970 1730 1017 1760 M.
1035 1730 1070 1759 P.
1081 1730 1260 1768 praesentis,
1283 1726 1336 1756 sed
1359 1725 1479 1756 codices
1501 1724 1569 1764 ejus

838 1781 977 1822 quidam,
995 1782 1162 1820 persentz's;
1199 1779 1237 1808 B.
1261 1776 1424 1817 perpsztz's:
1460 1782 1491 1806 et
1512 1786 1569 1815 pro

838 1844 952 1870 rerum,
976 1831 1061 1861 idem
1078 1840 1231 1870 praesens;
1257 1839 1313 1868 per
1335 1828 1566 1865 confusionem,

840 1885 930 1925 cujus
945 1893 1053 1914 caussa
1066 1881 1186 1922 liquido
1200 1886 1293 1920 patet.

884 1936 966 1967 Ibid.
993 1936 1111 1965 Versus
1134 1939 1267 1974 quatuor
1297 1937 1460 1972 sequentes
1488 1931 1569 1960 inse-

840 1994 954 2019 runtur
967 1993 1036 2026 post
1050 1996 1110 2016 ver.
1127 1988 1178 2016 51.
1204 1985 1238 2014 in
1252 1983 1402 2023 exemplis
1416 1984 1452 2014 P.
1468 1982 1568 2012 Vind.

843 2041 885 2070 V.
901 2040 947 2070 ed.
964 2040 1001 2069 B.
1018 2039 1054 2069 L.
1072 2038 1119 2068 M.
1139 2037 1179 2067 Ο.
1203 2043 1244 2067 Π.
1267 2043 1311 2067 Ω.
1334 2041 1365 2066 et
1384 2035 1436 2065 hic
1451 2033 1571 2064 deside-

843 2098 953 2123 rantur
967 2091 1062 2121 etiam
1077 2090 1110 2119 in
1127 2093 1161 2120 Σ.
1207 2088 1291 2120 Aliae
1312 2093 1386 2118 sunt
1413 2093 1519 2117 autem
1538 2086 1573 2116 in

845 2144 932 2175 codd.
956 2144 1036 2173 meis
1060 2141 1316 2181 transpositiones
1345 2146 1437 2180 atque
1462 2138 1574 2178 repeti-

846 2197 958 2234 tiones,
981 2196 1093 2236 quibus
1114 2193 1311 2224 recensendis
1336 2202 1401 2222 non
1426 2192 1574 2221 immora-

847 2250 915 2286 bor,
938 2247 998 2277 nisi
1014 2246 1134 2287 quoties
1150 2244 1204 2275 alii
1219 2244 1291 2274 libri
1305 2243 1525 2274 consenserint.

892 2301 968 2330 Ver.
985 2303 1035 2329 26.
1064 2297 1219 2328 Ordinem
1244 2301 1406 2335 receptum
1431 2303 1578 2324 versuum

850 2351 1021 2383 rectissime
1035 2361 1068 2380 se
1081 2351 1195 2380 habere
1207 2349 1327 2390 judico,
1353 2357 1410 2377 nec
1426 2346 1498 2376 satis
1514 2355 1579 2375 esse

851 2413 980 2442 caussae,
1010 2409 1046 2432 ut
1073 2407 1224 2439 mutetur,
1256 2408 1437 2441 quanquam
1461 2397 1496 2427 in
1521 2397 1580 2426 hoc

851 2455 921 2486 loco
931 2453 1150 2485 constituendo
1159 2450 1364 2483 vexatissimis
1374 2448 1476 2480 modis
1486 2447 1579 2486 scrip-

852 2507 877 2537 ti
892 2512 923 2536 et
937 2505 1012 2536 editi
1027 2505 1138 2536 vetusti
1153 2506 1289 2535 turbent.

899 2561 977 2590 Ver.
996 2563 1046 2590 28.
1068 2566 1198 2590 aeterno:
1224 2559 1261 2589 P.
1277 2558 1319 2587 V.
1339 2556 1386 2586 ed.
1410 2555 1447 2585 L.
1473 2554 1521 2584 M.
1539 2553 1578 2584 Ο.

857 2618 898 2643 Π.
915 2617 950 2643 Σ.
968 2617 1012 2641 Ω.
1039 2613 1154 2641 alterno
1161 2626 1171 2646 ;
1197 2607 1251 2639 sed
1270 2606 1360 2638 aliter
1382 2611 1486 2636 noster
1500 2604 1539 2635 ad
1553 2604 1585 2634 ii.

860 2665 950 2693 1054.
973 2668 1004 2691 et
1019 2663 1068 2692 hae
1083 2662 1232 2692 dictiones
1252 2658 1447 2690 commisceri
1470 2656 1585 2693 solent3

858 2719 894 2743 ut
908 2713 942 2742 in
960 2713 1051 2743 Ovid.
1067 2713 1134 2742 fast.
1155 2712 1174 2742 i.
1193 2714 1262 2742 151.
1288 2709 1358 2739 vide
1381 2719 1449 2747 nos,
1472 2707 1491 2738 i.
1515 2710 1588 2738 768.

859 2767 901 2797 iii.
928 2770 978 2797 35.
1023 2766 1135 2806 Neque
1159 2765 1246 2795 aliud
1276 2763 1424 2793 nimirum
1451 2772 1501 2792 res
1523 2760 1589 2799 ipsa

863 2818 988 2858 patitur.
1020 2817 1177 2856 Epicurus
1190 2816 1263 2855 ipse,
1279 2813 1361 2854 apud
1378 2813 1472 2853 Diog.
1488 2811 1590 2842 La'e'rt.

864 2881 893 2901 X.
910 2874 1130 2901 48.-κιν8νται
1147 2882 1179 2900 τε
1201 2871 1404 2901 ΣΤΝΕΧΩΣ
1427 2866 1459 2896 αἱ
1479 2877 1595 2903 ατομοι.

868 2922 995 2954 Addam
1014 2921 1236 2961 Plutarchum,
1259 2919 1298 2952 de
1312 2919 1390 2959 plac.
1408 2916 1516 2958 philos.
1533 2916 1551 2945 i.
1565 2918 1601 2960 4-Ι
