1912 3292
378 194 439 232 20

881 181 942 230 Τ.
994 178 1375 228 LUCRETII

512 314 614 356 Esse
632 313 810 355 hominis
828 320 989 368 partem
1008 311 1137 353 nihilo
1156 311 1307 360 minus,
1329 324 1376 351 ac
1397 323 1557 360 manus,
1577 317 1619 350 et
1638 323 1724 365 pes,

513 390 652 445 Atque
672 386 818 437 oculei,
838 394 974 441 partes
990 385 1211 427 animantis
1226 384 1355 425 *totius
1375 390 1553 424 exstant.

570 462 709 512 Quam
729 461 788 502 vis
807 459 936 502 multa
954 459 1120 516 quidem
1141 459 1370 514 sapientum
1391 457 1512 499 turba
1529 463 1728 513 putarunt

514 537 688 580 Sensum
708 535 834 577 animi
855 534 964 576 certa
986 549 1073 575 non
1094 548 1179 575 esse
1198 533 1241 573 in
1262 539 1379 588 parte
1398 532 1576 574 locatum
1583 549 1597 582 3

406 616 484 651 100
514 611 671 653 Verum
691 610 877 651 habitum
898 608 1117 665 quemdam
1136 607 1299 649 vitalem
1320 606 1503 662 corporis
1522 620 1623 657 esse,

512 686 687 740 Ἀςμονιαν
708 684 850 727 Graiei
870 698 995 740 quam
1015 682 1177 732 dicunt3
1209 682 1278 738 qui
1300 680 1421 722 faciat
1440 695 1516 721 nos

513 759 663 800 Vivere
683 773 777 800 cum
797 773 931 808 sensu,
954 757 1063 799 nulla
1083 771 1212 813 quom
1234 757 1276 797 in
1295 763 1411 812 parte
1432 755 1506 796 siet
1523 768 1655 795 mens:

515 832 578 874 Ut
595 833 706 873 bona
725 848 834 888 saepe
855 832 1042 874 valetudo
1062 847 1187 888 quom
1207 831 1358 872 dicitur
1378 845 1463 871 esse

517 905 730 960 Corporis,
753 914 794 946 et
812 920 898 947 non
919 914 979 947 est
998 914 1136 948 tamen
1156 906 1247 946 haec
1266 920 1362 960 pars
1382 904 1463 946 ulla
1482 902 1671 953 valentis;

406 983 483 1019 105
517 978 585 1020 Sic
605 978 731 1018 animi
751 991 914 1019 sensum
934 993 1020 1018 non
1040 977 1149 1019 cert-⁶1
1169 986 1286 1033 parte
1306 985 1528 1033 reponunt:

515 1051 677 1108 Magno
697 1065 820 1106 opere
839 1050 883 1092 in
903 1065 986 1107 quo
1006 1050 1063 1092 mi
1083 1051 1258 1093 divorsei
1278 1066 1414 1094 errare
1433 1051 1636 1092 videntur.

362 1224 612 1262 ·constructione;
631 1234 693 1265 quo
708 1224 786 1254 nihil
801 1225 927 1264 optimis
940 1224 1094 1265 scriptori-

1182 1225 1258 1256 Ver.
1274 1229 1325 1257 90.
1337 1227 1488 1268 fingunt:
1514 1223 1611 1254 Vind.
1629 1223 1668 1255 V.
1692 1222 1742 1254 ed.
1768 1223 1806 1254 Β.
1831 1228 1868 1254 Δ.

369 1278 428 1307 bus
442 1276 585 1306 usitatius
599 1286 664 1306 esse
685 1275 853 1306 invenitur.-
880 1276 951 1306 vide
978 1276 1019 1306 sis
1045 1287 1095 1307 me
1127 1277 1280 1318 saginum
1309 1277 1347 1312 Q.
1361 1279 1496 1316 tingunt.

368 1328 409 1359 ad
427 1327 499 1358 silv.
518 1328 593 1358 Crit.
609 1334 680 1357 sect.
695 1327 826 1358 cxxxvii.
855 1333 887 1358 et
908 1328 946 1358 iv.
970 1339 998 1367 p.
1024 1331 1094 1359 176.

369 1379 516 1410 Editores
538 1385 655 1417 tamen,
678 1379 747 1409 loco
768 1382 886 1417 suadet,
913 1380 1094 1410 Lambinia-

367 1441 449 1461 num
466 1431 572 1472 fundo
602 1441 657 1470 per
682 1440 838 1460 summam
867 1430 1095 1470 impudentiam

369 1482 515 1512 Lucretio
529 1483 738 1512 obtruserunt.

430 1555 549 1580 Hoccine
559 1554 693 1585 credibile,
705 1558 751 1579 aut
762 1555 948 1585 memorabile,

427 1599 518 1621 'Tanta
529 1597 754 1622 vecordiainnata
765 1597 910 1628 quoiquam
923 1600 953 1621 ut
964 1597 1030 1622 siet?

414 1661 495 1691 Ibid.
519 1663 551 1691 z'n
567 1659 703 1692 summa:
723 1661 742 1691 i.
758 1671 783 1690 e.
804 1663 826 1678 “
842 1666 878 1691 ut
893 1660 1001 1691 omnia
1014 1671 1095 1691 sum-

371 1715 392 1730 “
405 1714 522 1748 matim,
539 1717 571 1741 et
580 1721 645 1741 uno
660 1711 747 1751 quasi
759 1713 862 1748 verbo,
873 1711 1068 1750 complectar.
1076 1711 1095 1723 ”

372 1762 422 1792 Sic
436 1761 504 1799 alii3
528 1767 564 1792 ut
583 1762 746 1800 Horatius,
763 1762 850 1801 epist.
866 1762 886 1793 i.
904 1766 931 1793 1.
950 1766 1020 1793 106.
1044 1763 1095 1793 Ad

369 1826 528 1846 summam.

411 1867 487 1896 Ver.
511 1869 560 1897 85.
579 1868 744 1906 parenteis.
789 1866 998 1897 BIarklandus
1022 1876 1094 1896 nos-

368 1924 442 1955 tras,
468 1917 501 1947 in
527 1917 609 1946 notis
635 1917 851 1947 eruditissimis
872 1917 912 1947 ad
936 1917 1012 1948 Stat.
1028 1917 1094 1947 silv.

368 1979 398 2008 p.
415 1972 485 1999 286.
500 1968 669 2008 legendum
685 1969 728 1998 sic
743 1969 831 1999 aliter
846 1970 1004 2009 proponit:

686 2028 811 2058 patriam,
820 2035 947 2060 carosque
955 2029 1076 2061 pennicis.

371 2078 455 2109 Mihi
484 2088 607 2119 quoque
629 2078 662 2108 in
685 2085 824 2110 mentem
850 2080 978 2120 Virgilii
1007 2080 1095 2111 locus

370 2140 434 2160 non
449 2130 543 2160 aliam
558 2130 766 2170 suspicionem
788 2131 952 2171 indiderat,
978 2143 1046 2174 geo.
1062 2133 1094 2163 ii.

370 2184 441 2212 505.

401 2239 449 2264 Hic
459 2239 527 2272 petit
539 2239 662 2265 exscidiis
673 2240 780 2271 urbem,
791 2240 955 2272 miserosque
964 2240 1075 2273 penatis.-

369 2297 423 2328 ubi
451 2297 536 2328 color
561 2297 646 2328 idem
669 2303 714 2327 est
742 2297 901 2336 orationis,
931 2303 962 2328 et
985 2297 1094 2328 eadem

369 2353 523 2379 stmctura
542 2359 702 2379 versuum:
729 2348 781 2379 sed
805 2349 892 2385 nihil,
915 2349 1000 2379 haud
1027 2358 1095 2379 om-

367 2401 447 2432 nino
461 2402 680 2440 necessarium,
705 2412 742 2432 ex
762 2402 921 2432 voluntate
936 2401 1021 2432 mera
1038 2412 1095 2431 no·

369 2453 509 2484 vandum
538 2454 572 2484 in
598 2454 755 2491 Lucretio,
785 2454 911 2493 optimis
940 2453 1096 2484 codicibus

371 2505 503 2542 munito,
519 2515 645 2545 prorsus
658 2505 909 2536 existimaverim.

410 2557 486 2587 Ver.
503 2561 552 2589 86.
576 2558 676 2588 Deest
688 2568 793 2588 versus
807 2557 907 2588 codici
920 2562 955 2588 Δ.
967 2557 1022 2598 qui
1033 2563 1093 2587 sta-

369 2609 439 2644 tim,
455 2619 511 2648 pro
526 2616 627 2650 atque,
643 2611 735 2641 habet
749 2621 795 2641 ac.

413 2659 486 2689 Ver.
504 2663 553 2690 87.
576 2663 665 2692 caect's
687 2663 721 2691 in
743 2662 879 2692 tenebris.
924 2660 1094 2696 Arnobius,

368 2710 420 2741 lib.
431 2710 462 2740 ii.
475 2721 504 2750 p.
517 2715 632 2742 48.—-“
648 2713 755 2743 omnia
763 2715 852 2745 caecz‘s
863 2713 1095 2744 obscuritatibus

369 2766 392 2781 “
407 2762 618 2794 involuta—.”
651 2765 1003 2802 Caetemm,11icversus,
1019 2774 1092 2795 cum

369 2814 468 2845 tribus
481 2815 622 2855 proxime
643 2817 855 2858 sequentibus,
876 2818 944 2858 jam
960 2816 1044 2847 venit
1059 2816 1093 2846 in

369 2865 399 2895 ii.
415 2868 465 2898 54.

1181 1329 1255 1359 Ver.
1274 1331 1322 1359 91.
1348 1329 1465 1358 Hunc:
1493 1327 1533 1357 V.
1549 1325 1596 1357 ed.
1619 1326 1658 1356 O.
1684 1333 1724 1357 Π.
1748 1328 1862 1358 ,Νιιηεε

1136 1387 1170 1411 et
1184 1380 1333 1420 posterior
1348 1379 1452 1410 statim
1464 1381 1576 1416 radiis,
1593 1388 1648 1417 pro
1662 1381 1772 1409 radici.

1183 1432 1255 1462 Ver.
1283 1434 1332 1462 9‘2.
1355 1441 1466 1470 neque:
1498 1435 1532 1460 A.
1563 1430 1716 1460 nea—Et
1745 1429 1777 1459 hi
1805 1434 1868 1460 tres
1892 1439 1893 1450 ¹

1138 1494 1243 1515 versus
1254 1483 1322 1524 jam
1336 1482 1383 1513 bis
1398 1482 1489 1522 positi
1504 1487 1587 1518 sunt,
1603 1481 1643 1512 ad
1658 1480 1678 1512 i.
1704 1484 1775 1513 147.
1790 1487 1822 1512 et
1834 1481 1867 1512 ii.

1138 1542 1188 1570 58.

1181 1599 1261 1629 Ibid.
1284 1601 1341 1630 tela
1359 1601 1423 1629 diez·
1438 1599 1630 1629 Discutiunt.
1671 1596 1870 1627 Mantuanus

1139 1651 1283 1682 similiter
1298 1652 1427 1681 verbum
1443 1649 1596 1686 adhibuit,
1615 1649 1688 1679 AEn.
1706 1649 1758 1679 xii.
1773 1652 1846 1680 669.

1173 1736 1211 1759 Ut
1233 1734 1352 1766 primum
1371 1733 1490 1758 discussae
1504 1732 1623 1762 umbrae,
1645 1734 1673 1757 et
1694 1731 1743 1756 lux
1763 1730 1869 1756 reddita
1896 1727 1900 1731 ’

1263 1773 1366 1798 menti:

1140 1844 1252 1875 lucidis
1267 1844 1338 1875 telis
1355 1854 1468 1884 nempe
1483 1842 1620 1873 rationis.
1658 1842 1702 1873 Et
1712 1851 1770 1872 suo
1781 1851 1869 1872 more

1139 1896 1354 1927 Tertullianus
1381 1897 1439 1926 hac
1465 1893 1649 1934 metaphora
1671 1895 1787 1925 abusus
1812 1899 1869 1930 est,
1893 1890 1903 1929 ι’,

1138 1948 1177 1977 de
1191 1946 1354 1986 pudicitia,
1377 1957 1442 1985 cap.
1459 1949 1555 1977 7.—“
1570 1945 1684 1986 quibus
1704 1945 1870 1985 exquiren·
1898 1976 1902 1987 1

1138 2003 1160 2017 “
1177 1999 1235 2036 dis,
1262 2009 1326 2028 non
1345 2000 1480 2029 lacernae
1503 1998 1631 2037 spiculo,
1657 1997 1790 2034 lumine,
1814 1996 1870 2027 sed
1899 1996 1901 1999 ’

1139 2054 1160 2069 “
1178 2050 1273 2081 totius
1287 2051 1357 2081 solis
1378 2048 1496 2085 lancea,
1522 2059 1600 2089 opus
1623 2048 1699 2079 est.”
1746 2048 1797 2079 Sic
1822 2048 1869 2080 le-

1138 2101 1291 2143 gendum2
1310 2101 1415 2142 vulgo,
1426 2102 1546 2141 spiculi.
1564 2099 1653 2130 Ordo
1668 2105 1726 2130 est:
1742 2103 1765 2118 “
1778 2099 1869 2139 Opus
1899 2095 1902 2105 “

1138 2157 1161 2172 “
1177 2159 1224 2184 est
1247 2153 1380 2189 lumine,
1403 2163 1468 2183 non
1490 2151 1611 2191 spiculo
1636 2151 1798 2196 lucemae,
1813 2150 1868 2182 sed
1895 2176 1903 2194 ,ζ

1900 2201 1903 2212 D

1139 2208 1161 2223 ‘⁵
1177 2205 1249 2235 solis
1263 2204 1399 2235 lancea!³

1180 2265 1254 2295 Ver.
1280 2267 1330 2296 94.
1365 2275 1469 2304 quem:
1509 2263 1665 2303 Sosipater
1697 2262 1868 2299 Charinus,

1139 2315 1221 2346 instt.
1246 2325 1345 2355 gram.
1374 2315 1426 2345 lib.
1449 2314 1482 2345 ii.
1507 2324 1535 2353 p.
1554 2316 1624 2345 187.
1647 2313 1735 2354 legit,
1755 2325 1865 2355 quam5
1900 2310 1903 2317 '

1139 2367 1266 2398 fortasse
1282 2372 1375 2397 recte:
1403 2376 1477 2396 mox
1495 2365 1579 2396 enim
1595 2364 1735 2401 inferius,
1751 2365 1792 2395 ad
1806 2374 1868 2396 ver.

1143 2422 1212 2449 101.
1235 2417 1362 2456 scilicet,
1377 2416 1479 2447 simile
1494 2416 1635 2457 regimen
1651 2415 1829 2447 adhibetur.

1183 2469 1257 2499 Ver.
1278 2472 1329 2500 95.
1352 2470 1503 2499 locatum:
1528 2468 1572 2497 ita
1588 2468 1625 2498 P.
1640 2461 1741 2505 solus;
1757 2465 1870 2507 reliqui
1894 2486 1898 2490 »

1139 2521 1179 2552 ad
1207 2531 1320 2559 unum,
1350 2527 1497 2552 vocatum.
1551 2519 1643 2556 Sane,
1673 2518 1734 2548 nisi
1762 2518 1869 2549 versus

1138 2573 1340 2613 praecedentis
1354 2571 1451 2602 finem
1466 2572 1580 2602 librarii
1596 2570 1706 2602 oculus
1715 2569 1784 2610 jam
1798 2575 1869 2601 tum

1139 2624 1383 2660 circumvolaret,
1394 2624 1478 2666 quod
1489 2633 1561 2654 vero
1571 2621 1770 2653 simillimum
1781 2621 1867 2652 vide-
1896 2622 1905 2659 f,

1138 2683 1198 2714 tur,
1227 2687 1290 2707 non
1321 2676 1522 2708 reformidem
1551 2674 1653 2705 dicere
1680 2673 1866 2705 Lucretium
1899 2686 1909 2698 ι·

1139 2729 1293 2768 scripsisse
1301 2741 1307 2758 :

1171 2818 1211 2850 Id,
1227 2818 1292 2852 quod
1303 2818 1442 2844 consilium
1455 2817 1532 2847 vitae,
1545 2816 1730 2849 regimenque,
1741 2818 1865 2840 vocatum

1263 2861 1312 2884 est.

1891 1854 1903 1878 ‘l
