1912 3292
439 215 681 265 LIBER
729 215 1086 264 TERTIUS.

1459 229 1516 268 41

165 350 338 399 Omnia3
369 347 586 403 postremis
605 346 730 388 datur
748 347 922 398 ossibus,
944 355 1068 404 atque
1087 348 1289 400 medullis,

165 425 261 467 Sive
281 424 463 478 voluptas
483 431 558 473 est,
580 423 664 463 sive
683 431 745 464 est
764 422 995 464 contrarius
1015 423 1151 464 ardor.

163 499 252 540 Nec
271 506 423 538 temere
442 496 526 538 huc
545 496 664 537 dolor
683 512 813 553 usque
832 505 968 552 potest
987 506 1222 552 penetrare,
1244 512 1382 556 neque
1401 514 1494 541 acre

163 572 412 613 Pel-manare
431 571 602 622 malum,
624 572 725 627 quin
745 572 887 612 omnia
903 572 1217 627 perturbentur3

14 665 16 682 ι
49 651 129 688 255
163 646 304 702 thue
324 646 427 687 adeo
446 647 542 687 vitae
562 646 666 687 desit
685 645 813 696 locus,
836 654 958 702 atque
978 647 1136 688 animai

0 1096 119 1158 'lruzmt¹
135 1106 204 1137 loco
221 1109 303 1143 z'unt;
331 1113 367 1138 ut
391 1107 428 1138 Β.
452 1109 537 1145 vivit,
561 1118 618 1147 pro
633 1106 745 1138 eedem

2 1177 3 1181 =
37 1158 180 1197 epravatfi
194 1169 276 1189 voce.
323 1159 366 1189 Et
381 1159 470 1189 locus
492 1157 647 1193 ασυνδετως
670 1168 742 1198 pro-

31 1209 114 1248 edit;
137 1216 174 1240 ut
187 1210 207 1240 i.
223 1213 295 1241 289.
324 1215 354 1239 et
368 1209 444 1240 alias
458 1216 574 1248 noster,
590 1210 677 1240 haud
692 1220 742 1239 ra-

0 1274 1 1285 :
14 1271 57 1292 ro.
90 1261 202 1299 Porro,
217 1267 281 1291 tum
298 1262 384 1291 abest
396 1268 442 1292 Ω.

0 1322 3 1330 ·
55 1311 138 1342 Ibid.
155 1313 389 1352 persentiscunt.
418 1312 516 1342 Plura
530 1312 660 1353 hujusce
674 1312 740 1343 dic-

53 1465 128 1497 Ver.
145 1468 219 1496 251.
239 1467 416 1505 postremis:
437 1471 471 1496 Δ.
481 1472 632 1506 postremo
639 1481 649 1501 ;
672 1476 742 1507 quae

25 1516 117 1555 ectio,
139 1523 246 1547 contra
261 1522 356 1547 tantae
371 1517 524 1547 librorum
538 1517 585 1546 vis
604 1517 737 1547 auctori-

110 1592 119 1606 ,
148 1579 181 1599 se
209 1568 368 1598 immerito
397 1568 537 1608 probaw't
565 1570 743 1609 praegraesis

0 1633 2 1646 >
50 1620 190 1651 ‘toribus
233 1620 309 1651 Non
324 1620 413 1651 aliter
428 1621 636 1656 Mantuanus,
663 1620 739 1650 AEn.

11 1866 195 1897 Homerum
208 1867 395 1907 exprimens
441 1867 525 1898 Rem
546 1867 596 1898 vel
616 1868 740 1908 pueruli

12 1925 128 1950 tenent.
173 1919 288 1959 Pudet,
318 1919 458 1950 multum
486 1919 595 1959 pudet,
610 1935 615 1939 *
628 1920 741 1951 talium

46 1970 219 2002 floetiarum
239 1971 274 2001 in
299 1981 332 2001 se
346 1971 420 2001 viris
434 1971 564 2002 eruditis
590 1972 738 2003 admissa-

49 2075 213 2107 Vereffiz
228 2078 338 2107 ardor:
363 2075 426 2106 i.-e.
441 2076 590 2115 impetus,
605 2076 654 2107 vel
668 2077 736 2117 agi-

53 2126 96 2166 '03
115 2126 185 2167 jam
208 2137 282 2157 vero
306 2126 457 2167 voluptati
479 2130 638 2158 centraria
665 2129 731 2168 agi·

53 2177 62 2184 '
85 2201 94 2217 ‚
110 2188 234 2208 neeesse
247 2183 294 2208 est
306 2178 456 2209 dolor‘sit.
502 2178 627 2209 Nonius
643 2179 731 2209 Mar·

43 2227 114 2265 llus,
123 2228 167 2259 iv.
186 2232 234 2260 16.
250 2233 275 2248 “
287 2229 421 2269 Ardere,
436 2231 547 2266 dolere,
556 2230 606 2260 vel
619 2230 736 2262 irasci.”

9 2278 174 2320 VirgiliuS,
193 2280 272 2310 AEn.
283 2280 326 2311 ix.
337 2284 389 2312 66.

328 2352 401 2377 duris
407 2352 478 2377 dolor
488 2352 581 2377 ossibus
591 2352 663 2377 ardet
671 2361 682 2378 .·

8 2407 150 2439 L‘ucretii
167 2409 226 2445 sui,
248 2415 286 2439 ut
307 2410 441 2449 videtur,
467 2420 533 2441 non
557 2410 734 2441 immemor.

11 2459 130 2491 Confer
157 2460 254 2490 etiam
281 2461 356 2492 ibid.
385 2472 413 2492 v.
446 2465 515 2493 172.
558 2462 735 2493 Lambinus

11 2517 118 2542 autem
132 2518 307 2552 opportune
321 2513 396 2544 huic
409 2513 479 2545 loco
496 2514 658 2545 Catullum
682 2514 738 2545 ad-

9 2563 118 2602 movit,
132 2573 227 2594 carm.
243 2563 273 2594 ii.
291 2567 320 2595 7.

26 2664 29 2666 ,
71 2643 111 2666 Ut
121 2642 274 2668 solatiolum
283 2645 324 2668 sui
331 2644 433 2676 doloris,
613 2667 619 2673 .

72 2681 177 2712 Cred03
194 2686 226 2707 ut
238 2686 298 2707 tum
305 2684 403 2715 gravis
413 2684 567 2716 adquiescat
577 2686 664 2711 ardor.

14 2743 102 2780 Quos
115 2755 230 2782 versus,
247 2753 283 2777 ut
306 2753 342 2778 ut
367 2748 480 2779 criticis
502 2756 643 2788 vexatos,
656 2752 733 2784 3³12-

13 2794 186 2828 cerieuffmos
207 2798 351 2840 equidem
373 2806 462 2839 puto,
489 2806 520 2831 et
544 2802 625 2832 nihil
645 2802 680 2832 in
703 2813 735 2833 se

15 2844 203 2880 difficultatis
227 2852 352 2891 habere,
378 2853 405 2882 si
430 2854 629 2893 parenthesin
654 2864 734 2884 non-

13 2896 172 2933 nullorum
195 2902 350 2936 editorum
365 2905 465 2943 tollas,
487 2912 519 2937 et
542 2906 669 2946 plenam
695 2905 736 2937 ad

160 720 395 777 Diffugient
413 730 550 775 partes
569 735 644 775 per
664 720 798 762 caulas
819 721 1004 776 corporis
1024 722 1195 763 omneis.

162 795 245 838 Sed
264 794 505 850 plerumque
525 793 587 844 fit,
610 795 652 834 in
675 809 838 835 summo
859 795 975 850 quasi
996 809 1185 850 corpore,
1207 795 1302 837 finis

159 869 367 912 Motibus:
397 869 504 911 hanc
525 870 580 911 ob
600 884 689 910 rem
711 870 837 910 vitam
858 869 1035 911 retinere
1054 870 1247 912 valemus.

218 944 359 996 Nunc,
393 960 441 986 ea
461 960 544 1002 quo
561 952 686 1001 pacto
706 944 817 988 inter
838 958 924 987 sese
943 944 1089 996 mixta,
1121 945 1351 1003 quibusque

786 1106 881 1135 ardor
911 1104 1147 1136 distinctionem
1176 1115 1283 1144 ponas·
1331 1105 1454 1143 Cicero,
1481 1105 1522 1137 de

787 1157 864 1187 finn.
882 1167 908 1187 v.
924 1161 975 1187 52.
1021 1161 1044 1176 “
1062 1157 1108 1195 Is,
1131 1167 1206 1187 cum
1229 1159 1350 1188 arderet
1373 1157 1521 1198 podagrae

788 1212 810 1226 ‘⁴
827 1208 1052 1238 doloribus—.''

828 1259 903 1288 Ver.
932 1262 1005 1289 253.
1041 1270 1130 1289 acre:
1167 1265 1208 1289 Π.
1233 1265 1301 1290 acto
1314 1275 1324 1296 ,·
1360 1265 1391 1290 et
1416 1259 1521 1290 statim

788 1312 990 1341 Per-manere:
1016 1320 1074 1340 nec
1096 1320 1161 1340 non
1184 1313 1320 1350 quando,
1343 1321 1400 1350 pro
1425 1314 1515 1352 quin,-

787 1367 823 1391 ut
838 1361 934 1391 etiam
950 1361 990 1392 V.
1007 1361 1055 1391 ed.

830 1413 905 1443 Ver.
935 1416 1008 1444 255.
1051 1415 1158 1453 thue.
1205 1413 1280 1443 Hoc
1310 1414 1452 1454 rescripsi
1482 1425 1522 1445 ex

788 1463 960 1501 voluntate,
977 1474 1033 1503 pro
1057 1465 1158 1504 Usque
1175 1465 1321 1494 omnium
1336 1465 1521 1505 exemplari-

787 1526 861 1545 um:
880 1525 981 1556 quum
993 1515 1036 1545 sic
1050 1515 1130 1545 mihi
1145 1515 1267 1546 viderer
1281 1516 1381 1546 levius
1396 1517 1521 1554 audere,

787 1578 883 1608 quam
906 1567 941 1605 ii,
970 1568 1025 1608 qui
1047 1574 1121 1598 ante
1143 1578 1195 1598 me
1224 1569 1306 1598 hanc
1328 1569 1522 1608 provinciam

785 1619 1053 1658 perlustraverint,
1062 1619 1285 1659 interpolantes
1296 1626 1342 1659 ut,
1353 1626 1422 1660 post
1433 1623 1521 1659 adeo,

786 1670 828 1700 ad
842 1670 992 1701 Lambini
1007 1677 1156 1701 mentem.
1201 1671 1318 1701 Nescio
1337 1678 1456 1710 tamen,
1473 1683 1521 1702 >an

786 1732 854 1752 non
869 1722 979 1752 malim
994 1723 1039 1752 sic
1054 1721 1158 1762 legere
1174 1731 1281 1752 versus
1295 1723 1494 1753 constitutos:

1103 1795 1169 1825 quin
1180 1794 1272 1819 omnia
1282 1795 1488 1827 perturbentur,

813 1836 906 1865 Usque
915 1834 981 1859 adeo
995 1834 1060 1858 vitae
1077 1833 1136 1864 dffit
1146 1833 1231 1864 locus,
1242 1837 1325 1865 atque
1337 1835 1440 1859 animai·

817 1876 967 1908 Diffugiunt
978 1879 1068 1908 partes
1079 1882 1128 1908 per
1137 1875 1226 1900 caulas
1232 1876 1352 1908 corporis
1364 1876 1477 1901 omneis.

785 1948 832 1979 Ut
849 1948 926 1979 ordo
941 1948 992 1978 sit:
1021 1951 1046 1966 “
1061 1948 1150 1984 Quin
1165 1947 1274 1978 omnia
1298 1949 1520 1988 perturbentur

784 2004 804 2019 “
819 2000 910 2038 adeo,
937 2011 1038 2041 usque
1063 1999 1153 2031 locus
1181 1999 1288 2031 defit.”
1336 1999 1518 2040 Terentius,

784 2051 920 2091 Adelph.
936 2051 968 2082 ii.
986 2055 1015 2082 2.
1033 2053 1062 2082 5.

809 2123 866 2155 Ego
877 2123 1041 2155 vapulando,
1046 2123 1092 2149 ille
1103 2124 1282 2155 verberando,
1290 2131 1368 2157 usque
1379 2125 1461 2150 ambo
1471 2125 1518 2151 de·

904 2162 966 2188 fessi
977 2170 1074 2188 sumus.

781 2225 868 2256 Nam
885 2240 918 2258 το
938 2229 1197 2270 defiteomparet
1219 2227 1254 2258 in
1281 2227 1319 2259 P.
1343 2228 1384 2259 V.
1409 2228 1459 2260 ed.
1484 2235 1517 2259 et

780 2278 978 2319 Dzffugiunt,
993 2278 1027 2308 in
1042 2278 1079 2309 P.
1097 2285 1137 2309 11.
1160 2279 1353 2318 Expendant
1366 2289 1435 2310 rem
1446 2290 1516 2310 me-

779 2330 846 2360 ritis
859 2330 991 2361 lectores
1005 2330 1122 2369 nasuti,
1132 2341 1170 2361 ac
1181 2330 1369 2372 dijudicent:
1389 2337 1517 2372 egomet

779 2381 866 2411 enim
890 2381 929 2412 de
951 2383 1011 2412 hoc
1035 2381 1104 2412 loco
1134 2382 1356 2422 ampliandum
1385 2392 1515 2420 censeo;

779 2434 880 2464 animi
897 2434 1021 2470 dubius,
1038 2444 1080 2464 an
1088 2434 1128 2464 sit
1137 2434 1276 2465 fortassis
1286 2445 1324 2464 ex
1334 2434 1515 2464 Lucretiani

782 2487 934 2517 sermonis
948 2486 1093 2517 formulis
1107 2487 1253 2517 omittere
1269 2500 1302 2517 ero
1313 2492 1361 2523 ut,
1372 2487 1515 2526 quamvis

782 2537 812 2567 ei
842 2538 994 2577 exemplis
1015 2538 1239 2568 confirmandae
1261 2547 1326 2567 non
1348 2536 1415 2576 ipse
1435 2537 1509 2569 sim:

780 2587 850 2619 vide
864 2599 951 2627 mox,
978 2589 1019 2620 ad
1040 2599 1102 2620 ver.
1127 2592 1200 2619 548.
1215 2589 1257 2618 iv.
1276 2590 1350 2619 574.
1375 2594 1407 2619 et
1420 2588 1443 2620 i.
1458 2592 1510 2621 50.

779 2640 930 2680 superius.

779 2691 870 2722 Hinc
883 2697 990 2723 autem
1005 2692 1123 2732 optime
1137 2691 1300 2723 restituam
1308 2691 1331 2723 J
1332 2691 1509 2732 umnalem,

779 2744 823 2774 iii.
838 2747 913 2775 510.
937 2755 976 2776 ex
997 2745 1246 2786 Cantabrigiensi
1271 2745 1389 2784 codice,
1415 2756 1511 2787 quem

780 2795 914 2826 contuli:

779 2869 915 2894 Maximus
925 2869 952 2894 in
963 2870 1058 2895 vinclis
1066 2870 1132 2896 ferri
1139 2871 1237 2896 modus
1248 2874 1296 2896 est.-
1307 2871 1404 2896 timeas
1413 2877 1497 2903 nunc,

780 2910 881 2935 vomer
892 2909 1000 2936 deficiat
1007 2919 1016 2941 3
1034 2917 1068 2937 ne
1079 2917 1190 2942 marrae,
1201 2914 1229 2937 et
1239 2912 1353 2943 sarcula,
1363 2911 1460 2938 desint.

738 2964 808 2995 D‘2
