1912 3292
474 225 709 291 LIBER
762 239 1112 290 TERTIUS.
1523 255 1553 295 5

197 376 400 421 Floriferis
418 381 465 417 ut
483 389 579 431 apes
597 374 642 415 in
662 373 827 416 saltibus
846 373 987 414 omnia
1007 373 1166 423 limant,

196 450 350 494 Omnia
367 465 443 491 nos
462 448 605 490 itidem
623 448 882 503 depascimur
901 461 1026 489 aurea
1045 447 1175 497 dicta3

195 525 348 576 Aurea,
370 522 567 580 perpetua
589 537 749 579 semper
768 522 1007 580 dignissima
1027 521 1122 564 vita.

50 682 160 714 merito
184 682 287 721 plane,
313 692 349 712 ac
374 686 484 721 praeter
506 682 554 712 fas
578 687 609 712 et
634 691 773 723 aequum‚

50 733 76 767 si
89 738 193 764 nostra
207 743 270 772 prae
285 732 340 763 illa
353 733 526 763 sordescere
540 739 674 772 putetur.
713 733 773 763 Ni-

49 788 95 819 hil
108 788 208 829 magis
221 787 263 818 ad
273 787 412 818 Lucretii
423 789 550 818 verbum
563 786 667 825 faciat,
678 796 774 827 quam

49 850 152 871 unum
168 838 302 870 Diodori
315 839 421 875 Zonae,
437 839 471 868 in
486 838 712 879 epigrammate
722 849 774 868 su-

50 902 106 932 per
120 891 231 922 eodem
244 896 446 931 argumentum
469 891 554 931 quod
565 890 774 928 emendatius,

53 948 259 980 transeuntes,
275 942 500 972 exhibebimus:

52 1006 85 1032 At
97 1005 119 1032 δ’
131 1015 216 1037 aye-re,
231 1004 302 1037 ξεθαιι
314 1002 460 1038 σιμέλπῖὃες
474 1015 555 1040 empna,
569 1009 700 1039 uenena,

91 1051 254 1089 Φερέεσθ’·ῆε
268 1054 357 1087 Suum·
371 1053 444 1088 ῥικνοι
455 1053 600 1088 περικνιδια,

52 1103 75 1126 Η
97 1100 230 1127 ΠΕΤΑΛ’
251 1102 299 1126 ΛΝ
312 1111 447 1134 μακωναις,
459 1111 474 1129 η
484 1101 668 1134 αισταιφιδιτιδαι
678 1101 760 1135 pawn,

91 1150 115 1173 H
126 1158 168 1179 ιον,
179 1159 195 1177 *n
208 1153 298 1181 μωλων
309 1158 370 1181 χνεν
385 1147 650 1173 ΕΠΙΚΑΡΦΙΔΙΟΝ·

53 1196 149 1222 Πωντι
161 1195 441 1224 ΠΕΡΙΚΝΙΞΑΣΘΕ,
455 1205 501 1220 zm
513 1203 603 1225 00nyoe
613 1193 765 1229 κηρωσοισθε,

91 1247 164 1281 Οφραι
172 1250 333 1278 μελισσοσοος
347 1246 405 1270 Hm
415 1244 585 1275 Επικυψελιας

52 1295 183 1323 reve-mm,
196 1302 224 1318 το
232 1301 277 1325 μεν
289 1302 373 1321 crong,
385 1291 397 1316 ὁ
409 1291 433 1316 δε
442 1291 580 1325 βλιστκριδι
592 1300 653 1325 χειρι

92 1340 212 1366 ΚΑΡΠΩ
218 1339 288 1365 ΣΑΣ
303 1340 377 1370 finum
391 1338 478 1372 κῦμμι
491 1343 552 1373 >arry
562 1337 661 1373 μεριδω.

54 1394 170 1424 nso-003
187 1406 222 1423 αν
243 1405 393 1432 pneumaq-
406 1391 505 1431 folz'a,
531 1401 602 1432 quae
628 1396 702 1421 sunt
721 1401 780 1430 per

45 1456 218 1486 papavera:
251 1444 359 1484 vulgO,
387 1450 534 1478 πεταλας.
580 1442 780 1485 Επικαρφιδιαν

52 1507 136 1537 xum·
159 1497 336 1536 lanuginem
362 1497 395 1525 in
420 1501 487 1526 cute
493 1510 503 1531 ;
539 1500 575 1525 ut
601 1502 696 1536 καρφη
719 1509 778 1534 μη-

52 1555 140 1584 λειης,
157 1546 326 1585 Nicander,
345 1546 491 1586 Alexiph.
508 1550 579 1578 250.
596 1554 701 1588 καρφη·
723 1546 779 1588 δερ-

52 1612 158 1640 ματα.·
186 1598 375 1629 scholiastes.
429 1598 529 1636 Libri,
556 1598 671 1639 frigide
697 1598 782 1636 satis,

53 1649 250 1694 επικαρπιδων.
287 1650 351 1680 Pro
360 1662 529 1693 καρπωσας,
545 1649 640 1691 vulgo
654 1649 781 1690 legitur,

54 1697 231 1737 iocorum-0⁶3:
255 1702 310 1734 sed
325 1712 443 1740 vereor,
457 1708 493 1732 ut
504 1703 671 1743 fimtiguns
693 1702 777 1741 apia-

52 1754 119 1784 rius
133 1763 247 1793 paucas
262 1753 447 1794 reliquisset,
470 1753 525 1794 qui
539 1753 589 1783 vel
604 1753 691 1784 illam
714 1754 778 1784 exi-

53 1817 148 1847 guam
172 1806 275 1836 mellis
300 1807 477 1846 portionem
501 1806 624 1846 depasci
646 1812 778 1846 possent.

51 1859 73 1889 J
75 1868 128 1888 am
141 1868 214 1888 vero
230 1860 428 1900 περικνιξασέε,
454 1861 570 1890 circum
593 1861 705 1896 radite,
731 1858 781 1888 vel

53 1909 194 1938 delimate
202 1923 213 1945 ,-
237 1918 312 1938 nam
327 1908 412 1938 varia
425 1907 517 1938 lectio
531 1910 696 1946 deliniant,
710 1909 779 1938 Ha-

53 1970 216 1998 vercampo
230 1960 391 1997 recensita,
414 1970 538 1990 merum
561 1966 608 1991 est
624 1962 780 1991 delimant.

52 2011 250 2047 Plutarchus,
277 2011 317 2041 de
342 2011 462 2041 educat.
489 2011 562 2041 libb.
589 2022 619 2051 p.
636 2015 686 2041 45.
709 2011 785 2043 edit.

56 2062 345 2094 Edwardsz--oekh’
361 2062 418 2093 εἷεν
428 2064 660 2096 ἦττον-ταυτα
670 2076 785 2103 paefatio-

54 2117 99 2146 θαι
122 2129 172 2146 και
199 2116 456 2145 ΠΕΡῙΚΝΙΖΕΙΝ
487 2127 682 2157 εσηχειρεμενε
716 2125 786 2156 quae

54 2166 148 2197 lectio
163 2176 361 2206 nequaquam
377 2165 560 2197 solicitanda
574 2173 628 2197 est.
661 2167 784 2207 Diony-

56 2218 120 2248 sius
147 2217 445 2256 Halicarnassensis,
474 2219 589 2260 antiqq.
622 2219 715 2250 Rom.
741 2219 782 2250 ix.

55 2271 238 2300 52--oe7moe
251 2274 515 2301 HEPIKNIZETE
531 2282 633 2309 αυτὴν,
650 2272 718 2313 (erm
731 2283 783 2302 oro-

57 2320 116 2360 λιν)
138 2335 188 2352 και
211 2335 295 2352 κατα
308 2336 398 2363 μικροι
413 2321 553 2354 Salvere.
598 2323 674 2353 Non
695 2323 785 2354 aliter

56 2372 226 2404 Maronem
239 2372 426 2414 intelligam,
441 2373 482 2404 ad
497 2384 565 2414 geo.
580 2373 620 2404 iv.
634 2377 684 2405 54.

86 2432 286 2463 Purpureusque
295 2435 393 2457 metunt
404 2432 492 2463 flores,
506 2436 534 2458 et
546 2433 658 2459 flumina
667 2434 751 2460 libant

87 2474 199 2498 Summa
209 2473 298 2500 leves:

56 2522 145 2562 quasi
167 2533 232 2553 uno
254 2524 405 2556 versiculo
423 2530 590 2567 utramque
604 2526 784 2566 lectionem,

59 2573 98 2604 de
113 2574 226 2615 quibus
248 2576 429 2617 ambigitur,
450 2578 624 2618 exprimere
646 2579 786 2611 voluerit.

55 2626 126 2656 Aut
141 2627 325 2666 Horatium,
344 2629 393 2660 od.
408 2629 448 2660 iv.
464 2634 494 2661 2.
512 2634 562 2663 29.
581 2631 620 2662 de
635 2643 710 2672 ape.-

181 2685 266 2710 Grata
275 2687 401 2719 carpentis
410 2688 521 2720 thyma:

56 2733 78 2764 i.
105 2744 132 2765 e.
161 2737 341 2775 deserentis„
367 2740 552 2780 εξωνθιζεσπς,
581 2744 783 2781 aucmentis,

57 2788 243 2819 delimantis.
287 2790 372 2821 Vide
404 2792 548 2824 Nonium
577 2795 611 2825 in
643 2798 785 2835 Carpere,

57 2836 96 2868 ἰν.
112 2841 163 2870 54.
187 2840 241 2880 qui
267 2842 311 2871 sic
334 2842 499 2883 legendus:
528 2849 551 2864 “
569 2846 713 2886 Carpere,
737 2852 783 2877 at-

59 2893 80 2906 “
95 2894 234 2928 tenuare,
250 2894 402 2932 operari.'‘
436 2895 554 2938 Vulgo,
570 2900 697 2938 aperire.
736 2898 788 2928 Ita

66 2938 193 2981 Seneca,
206 2943 291 2982 epist.
308 2948 358 2976 84.
382 2949 405 2965 “
420 2949 513 2987 Apes,
528 2954 565 2979 ut
579 2949 679 2985 aiunt,
694 2949 785 2980 debe-

819 682 840 698 “
856 690 928 710 mus
951 679 1085 717 imitari;
1108 689 1178 720 quae
1203 684 1369 719 vagantur,
1394 685 1425 711 et
1435 683 1545 722 flores,

818 735 840 750 “
858 732 900 762 ad
921 732 986 762 mel
1014 731 1196 763 faciendum
1221 732 1359 768 idonem,
1383 735 1548 773 carpunt?

818 784 887 815 Nec
898 790 1004 814 tamen
1019 784 1138 815 inficias
1151 783 1272 822 iverim,
1288 784 1466 827 elegantem
1482 797 1548 817 esse

818 836 852 866 in
866 836 926 866 hoc
941 847 1001 866 usu
1017 835 1188 866 dictionem
1206 837 1314 872 libant,
1336 836 1362 866 si
1385 837 1458 867 libri
1481 848 1548 868 me-

818 889 910 920 liores
924 889 1125 921 addixissent.
1170 890 1274 922 Varro
1293 891 1326 920 in
1348 892 1548 932 exquisitissi-

822 952 876 972 mo
890 941 958 971 loco
974 941 1057 981 apud
1074 942 1229 980 Nonium,
1257 942 1277 972 i.
1296 946 1365 974 112.
1391 954 1466 974 voce
1481 947 1550 976 Pu-

822 997 957 1024 tus.·—“
976 1003 1080 1023 ceram
1110 994 1325 1032 Tarentinam,
1355 1006 1451 1036 quam
1479 1008 1550 1036 apes

825 1049 847 1064 “
865 1045 1000 1076 Milesiae
1013 1045 1183 1085 co'e‘gerint,
1206 1056 1245 1075 ex
1264 1047 1411 1078 omnibus
1424 1047 1553 1080 floribus

825 1100 848 1115 “
863 1096 1064 1127 libantes-3⁵
1109 1096 1224 1126 Nescio
1252 1097 1322 1138 quis
1343 1099 1427 1138 apud
1451 1100 1550 1130 Mari-

825 1159 882 1179 um
916 1147 1129 1186 Victorinum,
1162 1154 1219 1179 art.
1256 1159 1389 1189 gramm.
1425 1151 1480 1182 lib.
1518 1152 1550 1182 ii.

819 1211 848 1240 p.
866 1202 960 1230 2558.

850 1259 889 1282 0!
909 1258 974 1287 mel,
985 1257 1059 1289 quod
1069 1260 1128 1289 apes
1139 1258 1264 1283 omnibus
1275 1266 1290 1284 e
1301 1259 1410 1285 floribus
1419 1261 1509 1286 libant.

823 1309 912 1340 Hinc
935 1307 1158 1349 intelligendus
1184 1316 1240 1349 est,
1267 1311 1302 1341 ni
1322 1311 1425 1351 fallor,
1452 1313 1552 1343 Ennii

822 1360 992 1391 versiculus
1012 1360 1205 1400 notissimus,
1237 1368 1268 1392 et
1291 1363 1424 1403 scriptus
1451 1364 1550 1395 since·

822 1412 956 1443 rissime:

854 1471 906 1496 Flos
916 1471 1040 1496 delibatus
1049 1472 1167 1504 popolei,
1183 1472 1334 1504 suadaeque
1344 1473 1473 1499 medulla.

824 1529 843 1559 i.
860 1539 886 1560 e.
910 1531 933 1548 “
948 1532 1007 1560 mel
1022 1535 1053 1560 et
1066 1530 1206 1561 medulla
1228 1531 1431 1570 reipublicae.”
1474 1531 1553 1562 Lec-

825 1585 873 1610 tor
895 1580 1061 1621 dijudicet3
1095 1592 1171 1612 nam
1193 1592 1261 1612 sero
1283 1583 1478 1622 reminiscor,
1502 1594 1555 1615 me

825 1632 914 1662 aliter
939 1633 1081 1664 statuisse
1103 1634 1143 1664 ad
1164 1633 1184 1665 i.
1201 1638 1271 1665 251.
1308 1636 1426 1666 Contra
1447 1642 1554 1667 tamen

825 1684 949 1714 videtur
963 1690 1053 1721 stare,
1072 1690 1103 1715 et
1117 1686 1171 1726 qui
1186 1685 1245 1717 vir!
1273 1687 1403 1718 Marcus
1419 1687 1554 1719 Tullius.

825 1731 968 1765 Avienus
1000 1741 1166 1777 utramque
1198 1743 1393 1768 venustatem
1426 1739 1555 1778 pulchre

823 1788 1009 1818 consociavit
1045 1788 1080 1818 in
1112 1789 1204 1819 Arati
1240 1790 1455 1830 prognosticis,
1492 1801 1554 1822 ver.

826 1843 920 1872 1765.

824 1903 965 1935 Cecropias
976 1903 997 1928 si
1007 1908 1098 1936 pastus
1108 1910 1167 1937 apes
1177 1905 1280 1930 vicinus
1291 1907 1324 1931 ad
1335 1907 1390 1938 ipsa

824 1945 917 1968 Castra
928 1945 1046 1975 inhibet;
1056 1945 1208 1977 florumque
1217 1947 1297 1972 simul
1310 1947 1433 1973 libamina
1444 1952 1554 1975 moestae

828 1984 954 2008 Proxima
965 1984 1140 2016 decerpunt—.

830 2042 973 2072 Verbum
991 2048 1145 2082 nostrum,
1168 2054 1225 2083 pro
1245 2046 1364 2084 libavit,
1390 2047 1555 2078 restituen-

830 2092 908 2123 dum
930 2093 1068 2124 fortassis
1090 2100 1137 2124 est
1152 2096 1284 2127 Anthol.
1299 2097 1370 2128 Lat.
1386 2098 1496 2129 Burm.
1513 2098 1562 2129 iii.

831 2148 904 2176 290.
926 2148 955 2175 4.

829 2215 928 2239 Hortus
939 2218 996 2240 erat
1007 2216 1125 2246 Veneris,
1137 2217 1216 2242 roseis
1226 2217 1392 2243 circumsona
1402 2219 1502 2249 herbis,

829 2255 928 2278 Gratus
937 2262 1001 2287 ager
1009 2256 1128 2280 dominae
1138 2265 1146 2286 ;
1158 2263 1251 2287 quem,
1260 2257 1306 2288 qui
1314 2257 1433 2289 vidisset,
1443 2261 1555 2283 amaret.

828 2295 900 2319 Dum
913 2302 979 2327 puer
990 2295 1050 2321 heic
1062 2295 1158 2328 passim
1169 2301 1296 2329 properat
1306 2298 1450 2331 decerpere
1461 2298 1549 2328 flores,

828 2335 861 2359 Et
873 2335 962 2360 velare
973 2343 1076 2366 comas,
1088 2336 1162 2368 spina
1173 2336 1282 2362 limavit
1293 2338 1373 2363 acuta

828 2377 992 2401 Marmoreos
1003 2376 1111 2408 digitos.

825 2434 975 2465 FIdenter
1003 2441 1108 2466 autem
1149 2436 1230 2467 nihil
1266 2437 1360 2467 velim
1393 2436 1557 2468 affirmare.

828 2487 916 2517 Libri
942 2487 1019 2518 dant
1039 2489 1074 2518 in
1095 2488 1199 2528 primo
1220 2498 1312 2520 versu
1336 2490 1556 2521 circumdatus.

829 2538 990 2581 Denique,
1003 2539 1083 2570 sorte
1097 2550 1138 2570 an
1157 2540 1256 2570 Carus
1271 2545 1375 2570 noster
1387 2540 1559 2571 Isocratem

829 2591 997 2630 respexerit
1033 2591 1074 2622 ad
1106 2592 1202 2622 finem
1232 2591 1557 2627 adhortationisz—ag

830 2654 881 2684 περ
911 2656 969 2686 νγαρ
992 2657 1044 2677 την
1072 2651 1218 2683 μελιττῶν
1245 2643 1344 2684 δρωμεν
1371 2644 1411 2684 εφ’
1436 2644 1560 2675 ἅπαντα

827 2707 878 2734 μεν
893 2708 933 2726 τα
950 2700 1161 2735 &aetermam-a
1176 2695 1378 2734 καθιζανεσαν,
1403 2697 1453 2737 αφ’
1471 2698 1558 2728 ἔχων·

829 2758 868 2777 τυ
882 2746 909 2777 δε
937 2761 976 2778 τοι
997 2759 1130 2789 χρησιμα
1154 2752 1458 2780 ΛΑΜΒΑΝΟΎΣΑΝ’
1484 2749 1559 2780 οὕτω

828 2811 888 2838 χρη
906 2812 956 2830 και
973 2811 1024 2833 τες
1041 2798 1170 2833 watham
1186 2811 1358 2841 ορεγομενες,
1378 2799 1493 2840 μηδενος
1507 2813 1560 2839 μεν

830 2862 947 2892 απειρως
975 2864 1060 2892 exem,
1091 2854 1275 2893 wawaxofftv
1304 2851 1331 2883 δε
1357 2865 1397 2882 1³·oe
1425 2864 1559 2893 χρήσιμοι

831 2907 992 2942 συλλεγων.
1035 2902 1123 2933 Hinc
1138 2908 1245 2934 autem
1258 2902 1314 2933 lux
1328 2902 1438 2944 glossis
1453 2903 1558 2943 Hesy-

833 2951 965 2985 chianis:
1014 2960 1129 2988 Χναυει·
1167 2961 1378 2994 ΛΑΜΒΑΝΕῘ,
1417 2959 1559 2987 ΚΝΙΖΕῙ.
