1912 3292
468 206 695 256 LIBER
754 208 1134 265 QUARTUS.

1450 227 1478 264 [Ο

1486 227 1504 265 μ..

1513 225 1544 266 m

109 332 161 370 75
196 332 276 374 Per
295 334 422 376 malos
441 335 602 391 volgata
620 337 847 392 trabesque,
877 340 1094 379 trementia
1112 339 1295 383 fluctant:

192 406 381 463 Namque
399 407 456 448 ibi
476 422 707 450 consessum
727 413 868 451 caveai
885 411 1038 462 subter,
1060 420 1101 453 et
1120 428 1287 456 omnem

50 567 196 599 captator,
220 568 311 602 atque
325 562 606 594 avidissimusz—-“
616 567 704 604 palla
719 566 768 597 ni-

50 615 73 629 “
89 613 304 652 gerrima—ad
318 614 445 644 ultimas
460 625 527 646 oras
549 616 674 648 nodulis
700 618 769 648 fim-

49 666 72 680 “
89 664 226 694 briarum
254 664 403 696 decoriter
425 669 678 708 conflzcctuabat.’‘
725 672 771 701 At

47 715 190 746 animum
224 716 384 747 advertant
416 719 509 749 velim
538 720 666 751 lectores
695 723 769 760 mei,

47 766 191 805 quaedam
205 767 317 806 scripta
332 779 429 800 manu
442 772 631 810 exemplaria
642 773 684 803 ibi
695 774 770 804 dare

45 819 256 858 conflue-tabat.
303 820 472 859 Caeterum,
497 824 555 853 hoc
578 823 681 863 lepore
703 836 766 855 ser-

46 868 147 898 monis
158 869 262 900 referti
274 877 346 901 sunt
356 873 455 910 po'etae
466 874 628 915 utriusque
640 876 767 916 linguae,

45 924 76 948 et
90 929 146 949 nos
160 920 194 949 in
209 921 258 950 his
271 922 354 952 notis
368 923 481 954 alicubi
494 924 617 963 plenius
631 926 767 957 illustra-

44 969 159 1000 vimus:
185 971 332 1010 profluxit
346 979 452 1004 autem
468 985 505 1004 ex
520 976 656 1006 Homeri
672 977 770 1015 fonte,

45 1019 84 1050 ad
101 1021 139 1051 IL
156 1028 188 1052 E.
206 1026 276 1054 754.
291 1024 420 1055 scilicet:

83 1099 229 1125 nEnon
241 1110 287 1133 μεν
299 1103 517 1130 KATEXEYEN
538 1104 604 1132 ἔσειον
616 1117 709 1143 παπ-ρος
732 1108 767 1135 m’

199 1147 254 1174 aaa.

86 1221 158 1252 Ver.
176 1225 225 1254 76.
248 1225 307 1255 ihi:
334 1226 373 1256 O.
400 1233 441 1258 Π.
463 1230 532 1264 ιιόἰ,·
560 1233 595 1260 Δ.
617 1232 692 1262 tibi:
716 1232 765 1261 in-

42 1273 182 1302 numeris
207 1280 314 1305 autem
336 1276 412 1307 locis
433 1279 557 1310 voculas
582 1282 626 1311 z'bz·
654 1288 685 1312 et
713 1285 766 1313 ubi

42 1329 248 1355 commutatas
262 1337 327 1357 esse
338 1327 487 1359 docemur
498 1331 765 1370 Drakenborchio,

39 1374 80 1403 ad
96 1375 164 1406 Liv.
178 1377 251 1407 xxii.
268 1381 296 1409 5.
309 1383 337 1409 2.
354 1386 385 1410 et
397 1380 475 1411 aliis.
522 1382 582 1412 Sed
596 1383 691 1424 longe
701 1385 763 1415 ele-

40 1427 164 1465 gantior
178 1436 357 1470 exsurgeret
367 1430 462 1470 locus,
478 1432 519 1463 ad
533 1434 671 1465 codicem
692 1447 763 1467 nos-

40 1478 123 1507 trum
139 1481 174 1509 Δ.
190 1480 405 1521 concinnatus,
421 1489 514 1524 atque
528 1486 764 1526 germanissime

39 1526 246 1561 Lucretianus
260 1531 360 1563 fieret:

129 1599 196 1621 Nam
208 1598 252 1624 tibi
263 1606 415 1627 consessum
428 1605 560 1631 cavea'i—.

39 1655 190 1697 Inficiunt
205 1660 263 1689 tibi
284 1660 408 1693 scilicet.
457 1663 546 1695 Nihil
570 1666 756 1707 elegantius:

39 1706 109 1737 vide
123 1718 193 1748 quae
207 1710 344 1743 diximus
353 1714 392 1744 ad
404 1714 446 1745 iii.
459 1719 509 1747 28.
536 1717 600 1747 Hae
611 1718 762 1750 dictiones

38 1757 134 1788 etiam
144 1770 357 1799 saepenumero
365 1765 499 1796 librariis
508 1769 760 1801 commiscentur:

39 1807 132 1838 adeas
147 1812 285 1842 eundem
301 1814 606 1857 Drakenborchium,
629 1820 669 1850 ad
694 1821 761 1852 Liv.

39 1859 101 1889 viii.
125 1864 176 1891 52.
199 1865 228 1893 5.
254 1863 360 1895 Codex
387 1866 459 1897 MS.
488 1869 760 1911 Cantabrigiensis‚

40 1910 81 1940 ad
93 1911 239 1945 Juvenal.
255 1915 318 1945 xiii.
342 1920 412 1948 150.
435 1919 527 1950 habet
541 1923 608 1960 tibi,
623 1933 679 1963 pro
693 1924 761 1954 vul-

37 1968 111 2002 gato
120 1965 381 1999 z'bz‘.—consessum
390 1983 400 1999 .·
416 1970 456 2000 V.
466 1972 512 2001 ed.
525 1973 563 2004 B.
575 1985 757 2012 concessum,-

39 2014 87 2045 ΞΜ.
102 2023 290 2055 consentum;
317 2020 356 2050 O.
381 2022 545 2062 confessum
553 2040 564 2060 ;
591 2030 626 2056 Δ.
649 2038 760 2057 con.—

39 2068 160 2098 cavea'z':
186 2068 282 2100 Vind.
299 2071 339 2101 V.
356 2072 403 2103 ed.
419 2073 457 2111 Β.
472 2074 510 2105 L.
529 2076 576 2105 M.
594 2083 634 2107 Π.
651 2083 687 2109 Σ.
706 2089 758 2109 ca-

36 2128 106 2154 vea,·
136 2119 175 2150 Ο.
194 2126 238 2151 Ω..
261 2133 373 2160 caveae;
397 2130 429 2154 et
441 2131 615 2163 postremus
625 2128 678 2158 ille
692 2139 758 2159 ver-

36 2168 113 2200 bum
127 2177 239 2202 ornant
252 2172 375 2204 infercit
389 2181 457 2214 post
467 2188 573 2209 caveae.

79 2220 161 2252 Ibid.
195 2234 362 2256 consessum
384 2230 498 2259 cavea'i.
541 2230 631 2261 Hinc
661 2232 756 2264 Man-

35 2277 150 2303 tuanus
164 2274 228 2314 ille,
244 2276 285 2306 ad
300 2277 376 2309 AEn.
391 2289 419 2310 v.
436 2283 508 2311 540.

65 2354 131 2379 Heic
142 2358 233 2382 totum
245 2365 337 2384 caveae
346 2368 484 2386 consessum
495 2364 620 2395 ingentis,
631 2367 659 2390 et
670 2372 716 2390 ora

63 2393 150 2419 Prima
161 2399 280 2428 patrum,
290 2399 393 2430 magni-s
405 2401 486 2426 Salius
495 2402 654 2428 clamoribus
660 2404 754 2436 inplet:

32 2465 86 2496 ubi
121 2468 258 2499 nominis
294 2481 391 2502 caveae
419 2483 546 2504 sensum
575 2475 755 2516 interpretes

32 2517 168 2548 ubertim
177 2518 380 2562 declaravere,
387 2525 475 2555 nobis
483 2526 584 2556 otium
592 2527 751 2567 facientes3

31 2573 62 2598 et
77 2567 147 2598 libri
163 2571 266 2610 scripti
281 2583 345 2603 non
360 2575 462 2606 multo
476 2576 574 2613 aliter,
584 2584 675 2620 atque
685 2580 752 2610 Lu-

29 2619 169 2659 cretiani,
184 2621 218 2652 in
234 2633 308 2654 voce
322 2636 487 2658 consessum
503 2629 631 2660 variant.

73 2669 146 2702 Ver.
159 2675 210 2703 77.
234 2675 404 2708 Scenalem:
429 2678 473 2708 ita
487 2681 638 2719 scriptum
652 2688 698 2713 est
718 2683 752 2713 in

29 2719 67 2752 P.
82 2721 178 2755 Vind.
194 2724 234 2756 V.
250 2725 297 2757 ed.
319 2728 357 2759 B.
373 2729 411 2760 L.
428 2730 468 2761 O.
492 2736 526 2762 Δ.
544 2739 585 2764 n.
602 2738 636 2765 Σ.
654 2741 698 2765 n..
721 2741 752 2766 et

30 2771 188 2805 undenam
202 2777 269 2808 haec
283 2777 379 2809 dictio
394 2779 545 2814 librariis?
570 2784 679 2825 Vulgo
693 2797 749 2817 au-

28 2828 102 2859 tem,
129 2826 248 2864 Scena'z',
273 2835 310 2860 ut
335 2831 463 2872 antiqua
478 2843 576 2865 manu
590 2835 623 2865 in
638 2836 675 2868 L.
702 2837 749 2868 uti

28 2872 182 2906 existimat
197 2877 448 2921 Havercampus3
471 2885 524 2915 sed
548 2887 606 2917 hoc
631 2893 677 2919 est
698 2888 748 2919 in-

67 2933 154 2965 Vm..
176 2937 222 2968 H.
747 2949 774 2979 Ρ

813 566 936 602 certius,
954 576 1049 606 quam
1063 567 1114 597 cui
1129 568 1298 606 prudenter
1312 569 1401 606 fidas,
1413 576 1460 600 tot
1474 571 1542 602 alii<

813 619 1039 658 exemplaribus
1052 620 1085 649 in
1101 619 1234 650 lectione
1255 621 1360 650 nostra
1386 625 1541 653 consenti-

813 670 951 700 entibus:
984 670 1084 706 aliter,
1119 671 1179 700 nisi
1208 681 1334 701 mecum
1364 673 1540 703 statuissem

812 721 898 751 libris
909 721 1035 760 optimis
1043 732 1079 752 ac
1091 720 1240 761 pluribus,
1253 723 1357 763 quoad
1367 723 1434 753 fieri
1446 726 1541 763 probe

813 773 919 811 possit,
945 784 1066 812 semper
1087 774 1222 814 obsequi,
1255 774 1361 805 locum
1380 776 1542 816 integrum

811 824 1004 854 refinxissem
1019 825 1060 855 ad
1073 826 1257 865 scripturam
1267 826 1380 857 codicis
1391 828 1542 868 antiquis-

811 873 883 902 simi
899 874 948 904 M.
967 875 1092 905 Scenali
1105 879 1254 914 specimen
1273 877 1381 916 utique
1387 888 1397 914 ;
1413 887 1470 907 nec
1482 878 1541 908 du—

811 923 887 961 bito,
903 924 980 964 quin
995 925 1036 955 ad
1050 925 1189 955 Lucretii
1207 926 1391 966 scripturam
1412 938 1537 969 germa-

812 975 986 1012 nissimam,
1001 977 1063 1006 hoc
1075 977 1185 1008 modo:

844 1057 966 1088 Namque
976 1057 1013 1082 ibi
1023 1064 1175 1083 consessum
1187 1059 1280 1084 caveai
1290 1060 1392 1090 subter,
1403 1064 1431 1085 et
1443 1067 1514 1086 omne

842 1096 943 1120 Scenale
952 1097 1084 1128 specimen,
1094 1101 1216 1129 patrum,
1226 1102 1443 1130 matrumque—.

814 1166 929 1198 Similis
943 1174 988 1199 est
997 1169 1126 1199 variatio
1140 1170 1174 1199 in
1189 1170 1274 1199 libris
1290 1171 1389 1201 MSS.
1405 1171 1445 1202 ad
1458 1172 1537 1203 Pro-

808 1219 954 1258 pertium,
967 1220 1006 1250 iv.
1024 1224 1073 1251 11.
1087 1223 1139 1251 67.

870 1285 943 1316 Filia,
953 1290 983 1311 tu
995 1287 1116 1319 specimen
1128 1287 1256 1313 Censurae
1268 1291 1332 1313 nata
1343 1292 1475 1321 patemae:

810 1352 896 1389 alias,
911 1356 1038 1393 speciem
1046 1369 1057 1390 ;
1076 1355 1197 1396 vulgari
1207 1356 1345 1388 dictione
1356 1358 1536 1399 exquisitio.

808 1417 883 1443 rem,
900 1407 983 1448 quod
998 1408 1126 1447 adsolet,
1143 1410 1325 1449 expellente.
1370 1411 1423 1442 Ad
1441 1422 1537 1452 quem

806 1460 912 1492 locum
926 1462 1030 1494 videas
1042 1465 1282 1496 Broukhusium
1294 1467 1533 1498 Burmannum-

805 1522 877 1553 que,
907 1523 1015 1544 vocem
1036 1518 1186 1555 ,specimen
1215 1516 1412 1548 illustrantes.
1458 1518 1534 1548 Hoc

806 1565 901 1595 etiam
930 1566 1025 1597 modo
1054 1569 1182 1599 turbant
1205 1569 1312 1600 scribae
1340 1569 1381 1600 ad
1403 1570 1533 1611 Virgilii

805 1616 880 1648 AEn.
895 1617 951 1649 xii.
971 1622 1041 1649 164.

929 1687 993 1712 solis
1003 1687 1047 1712 avi
1056 1689 1188 1720 specimen:

805 1749 825 1780 i.
841 1760 866 1780 e.
889 1759 1109 1783 ornamentum
1133 1753 1228 1792 patris
1256 1765 1531 1795 χαρακτηριστικον.

806 1801 921 1832 Nasuti
945 1813 1016 1834 vero
1042 1804 1147 1835 statim
1161 1804 1352 1845 intelligunt,
1379 1805 1531 1845 quidnam

805 1859 859 1889 est,
889 1855 973 1895 quod
995 1856 1165 1886 scribarum
1187 1856 1382 1887 timidiorum
1410 1863 1532 1888 mentes

806 1904 998 1945 labefecerit3
1036 1907 1273 1947 productionem
1302 1908 1402 1938 innuo
1431 1909 1531 1939 brevis

806 1956 931 1996 syllabae
945 1958 980 1988 in
1001 1958 1134 1996 caesurz'i3
1155 1959 1220 1990 vim
1242 1960 1404 1990 literarum
1424 1971 1458 1999 sp
1481 1959 1531 1990 vel

804 2013 891 2038 extra
906 2019 1066 2046 caesuram,
1089 2009 1130 2040 ad
1144 2010 1391 2040 efficacissimum
1407 2016 1527 2041 susten-

803 2060 944 2090 taculum
958 2061 1212 2098 ministrandum,
1238 2072 1278 2092 ne
1301 2061 1429 2102 quidem
1444 2073 1527 2094 som-

803 2110 972 2143 niantium:
999 2113 1068 2143 vide
1091 2107 1148 2143 nos
1171 2113 1206 2143 in
1231 2115 1312 2144 hanc
1326 2124 1393 2144 rem
1408 2113 1527 2155 disqui-

803 2169 905 2194 rentes
920 2164 959 2195 ad
977 2165 1049 2195 Silv.
1068 2165 1143 2196 Crit.
1159 2172 1229 2196 sect.
1245 2176 1316 2196 xxx.
1362 2166 1451 2196 Hinc
1476 2167 1526 2198 in-

802 2215 983 2248 felicissime
997 2218 1141 2248 dubitant
1154 2218 1213 2248 viri
1235 2219 1317 2249 docti
1329 2219 1368 2249 de
1380 2218 1526 2261 Virgilio,

801 2268 876 2298 AEn.
890 2268 930 2298 ix.
949 2272 999 2299 37.
1022 2269 1077 2310 qui
1092 2276 1176 2300 certo
1191 2270 1304 2301 certius
1325 2271 1368 2301 ita
1382 2271 1524 2301 sinceris-

800 2317 878 2348 sime
893 2318 933 2349 ad
946 2318 1042 2349 fidem
1056 2319 1199 2350 codicum
1216 2321 1313 2351 MSS.
1330 2321 1455 2352 rescribi
1470 2320 1523 2351 de-

798 2369 861 2399 bet:

829 2437 908 2463 Ferte
915 2437 963 2463 citi
969 2438 1082 2470 ferrum,
1093 2440 1157 2466 date
1166 2440 1227 2471 tela,
1237 2440 1349 2466 scandite
1358 2447 1460 2465 muros.

801 2500 928 2532 Crimen
942 2502 1038 2534 fuerit
1051 2504 1100 2535 vel
1121 2505 1301 2544 inexpiabili
1323 2505 1425 2540 affine,
1449 2502 1522 2534 med

797 2552 908 2583 saltem
923 2555 1086 2594 sententia,
1112 2557 1147 2586 in
1173 2557 1290 2586 Divam
1315 2555 1450 2586 Criticen
1466 2555 1522 2585 ad-

797 2604 939 2642 missum,
955 2606 994 2637 de
1015 2607 1074 2637 isto
1088 2617 1188 2643 versu,
1213 2607 1256 2637 sic
1272 2607 1384 2646 posito,
1405 2607 1521 2637 levissi-

795 2666 882 2686 mam
913 2658 1122 2696 suspicionem
1157 2658 1330 2689 obmovere.
1393 2657 1520 2696 Seneca,

796 2707 926 2747 Hippol.
945 2711 1037 2739 1026.

824 2782 1250 2807 -—————en!
1269 2784 1361 2807 totum
1372 2788 1448 2807 mare

824 2821 944 2853 inmugit
955 2828 961 2845 ε
979 2828 1073 2847 omnes
1084 2821 1194 2855 undique
1205 2821 1297 2855 scopuli
1306 2821 1473 2854 adstrepunt.

794 2891 885 2922 Idem
902 2902 1020 2932 rursm,
1037 2893 1132 2925 Herc.
1147 2893 1206 2924 fur.
1225 2896 1296 2925 950.
1316 2893 1494 2924 castissime:
