1912 3292
866 175 928 222 T.
982 175 1363 224 LUCRETII

502 306 602 355 Quo
622 305 787 356 fuerint,
809 314 850 348 et
868 305 1019 347 formai‘
1036 321 1195 348 servare
1215 306 1406 364 figuram3

503 380 559 422 Et
579 380 709 422 multo
729 381 846 422 citius
866 389 1021 437 quanto
1042 381 1177 422 minus
1196 381 1430 436 indupediri

502 453 641 496 Pauca
661 463 832 510 queunt,
863 464 903 496 et
923 464 1018 497 sunt
1037 456 1080 496 in
1099 455 1233 510 prima
1253 455 1388 498 fronte
1410 456 1553 498 locata.

357 608 535 639 mentitiam
568 619 658 640 suam
692 610 859 640 lectionem
887 612 987 640 eodem
1018 619 1081 639 non

355 661 549 690 erubuerunt
570 660 734 690 obtrudere
759 661 867 699 po'e'tae:
896 670 995 700 neque
1021 659 1082 689 alizi

355 721 395 740 ex
409 710 517 741 caussa
531 716 700 751 propagata
724 717 771 740 est
791 721 846 749 per
860 710 955 740 libros
969 711 1081 741 scriba-

356 771 428 792 rum
453 763 591 796 varietas
614 775 650 792 ero
674 772 777 792 rerum
804 761 920 802 utique,
943 772 1014 802 quae
1039 762 1083 793 le-

355 815 441 855 gitur
455 815 488 844 in
504 815 540 844 P.
556 815 609 854 qui
625 820 754 845 testatur
768 821 887 854 tamen,
905 815 1083 856 evulgata-m

355 867 481 905 insuper
496 866 679 906 scripturam
695 867 890 906 publicarum
906 868 1082 898 editionum

353 917 386 947 in
402 917 509 956 priscis
523 917 681 948 codicibus
695 919 837 949 inveniri.
883 920 964 955 Quae
978 921 1080 960 sequi-

353 974 405 999 tur
419 969 551 1007 phrasis,
582 971 646 1004 Quo
658 970 796 1010 suerint,
819 970 996 1011 epexegesis
1019 976 1079 1008 est;

351 1019 391 1050 ad
406 1019 530 1050 solitam
546 1020 633 1050 illam
651 1034 791 1063 napyzaav
805 1022 961 1058 orationis,
985 1033 1080 1063 quam

352 1078 458 1102 noster
471 1078 604 1103 sectatur
625 1072 850 1104 studiosissime
865 1074 898 1103 in
921 1074 1079 1112 omnibus,

350 1128 384 1153 ct
398 1122 460 1164 qua
474 1123 553 1154 nihil
568 1124 746 1165 argumenti
766 1124 911 1155 didactici
925 1125 1078 1156 subtilita-

349 1179 416 1204 tem
431 1174 593 1205 decentius
607 1175 817 1206 commendat.
862 1176 999 1215 Interea,
1023 1187 1079 1207 no-

349 1225 397 1256 bis
411 1225 650 1266 gratulabimur,
676 1227 701 1256 si
723 1227 878 1266 possimus
899 1237 918 1257 a
934 1228 1079 1259 Lucretio

350 1276 528 1318 rubiginem
545 1278 718 1309 temerariis
740 1279 945 1309 incrustatam
962 1281 1077 1310 abster-

1125 610 1210 652 loqui
1224 611 1305 647 velit,
1322 611 1389 641 sine
1404 622 1507 647 sensu,
1524 611 1592 641 sine
1606 613 1750 653 exemplo
1763 616 1853 655 probi

1125 663 1299 703 cujuspiam
1314 663 1477 702 scriptoris,
1495 662 1556 693 Sed
1566 664 1632 693 haec
1647 664 1680 694 in
1696 666 1836 697 transitu.

1126 715 1239 753 Porro,
1263 716 1344 746 inter
1358 722 1385 746 et
1402 716 1548 756 acjbrma
1567 716 1599 745 in
1617 716 1664 746 M.
1681 727 1748 747 cum
1766 726 1852 746 com-
1895 712 1912 762 f.

1126 772 1227 805 paret;
1260 766 1345 796 unde
1375 767 1522 797 Gifanius
1549 766 1593 796 sic
1622 766 1851 807 elegantissime

1125 817 1254 847 tentavit
1269 817 1388 848 locum:

1155 894 1215 924 Quo
1225 892 1337 923 fuerint,
1353 896 1380 918 ct
1390 900 1434 918 con
1446 893 1543 918 forma:
1554 900 1659 919 servare
1670 893 1798 926 figuram:

1124 965 1222 1006 quod,
1244 972 1280 996 ut
1295 972 1340 996 est
1353 977 1504 1007 perquam
1518 968 1717 1009 ingeniosum
1733 974 1764 999 et
1775 978 1849 999 sane

1122 1017 1445 1056 Lucretianissimum,
1468 1019 1511 1048 ita
1533 1020 1671 1050 veritatis
1692 1020 1787 1051 etiam
1802 1020 1850 1051 af-

1123 1069 1185 1099 fine
1199 1069 1297 1100 videri
1312 1076 1604 1110 potest—servare:
1629 1071 1668 1102 B.
1690 1078 1814 1103 servate.

1167 1120 1250 1151 Ibid.
1263 1121 1544 1164 sormaefiguram:
1571 1122 1594 1152 i.
1611 1132 1640 1152 e.
1658 1124 1681 1140 “
1696 1132 1733 1153 ea
1747 1128 1848 1154 exter-

1124 1177 1146 1192 “
1162 1183 1204 1203 na
1217 1173 1414 1210 lineamenta,
1437 1184 1508 1214 quae
1523 1173 1658 1204 formam
1681 1173 1803 1205 efficere
1817 1180 1850 1206 et

1124 1229 1146 1244 “
1162 1227 1386 1268 χαρακτηριζειν
1401 1225 1536 1256 Solent.‘'
1561 1225 1806 1257 Accuratissime
1819 1232 1852 1258 et

1121 1278 1358 1317 perpensissime
1379 1277 1502 1308 videtur
1526 1277 1612 1319 loqui
1633 1283 1748 1315 noster,
1770 1277 1849 1309 dum

350 1337 439 1368 gere;
463 1334 494 1359 et
518 1329 552 1359 in
575 1330 635 1360 hoc
657 1329 705 1359 vel
728 1329 964 1371 diligentissime
990 1331 1079 1362 nobis
1111 1328 1249 1370 formam
1265 1338 1322 1368 pro
1336 1328 1487 1359 vocabulo
1500 1328 1639 1369 generali
1653 1328 1794 1367 adhibet3
1817 1335 1848 1360 et

348 1388 413 1409 esse
428 1379 654 1411 elaborandum
668 1381 861 1412 arbitramur.

393 1429 468 1460 Ver.
493 1434 543 1462 67.
581 1431 720 1462 Versum
749 1433 791 1463 sic
820 1439 1018 1472 repraesento,
1040 1440 1077 1465 ut

351 1479 482 1512 Vossius
507 1493 631 1524 quoque
656 1484 779 1515 videtur
803 1485 1010 1524 constituisse,
1033 1486 1074 1517 ad

347 1531 442 1563 libros
457 1543 566 1564 omnes
580 1535 734 1577 antiquos,
757 1542 868 1575 praeter
883 1537 918 1567 P.
934 1537 989 1577 qui
1004 1537 1071 1568 vul-

346 1584 428 1625 gatis
456 1585 615 1625 impressis
649 1588 813 1627 consentit,
850 1589 999 1619 exhibens
1032 1589 1072 1620 ad

344 1635 430 1666 hunc
444 1637 590 1668 modum:

362 1705 424 1736 Quo
435 1705 546 1737 fuerint,
563 1710 677 1733 veterem
687 1712 715 1734 et
718 1710 816 1741 sormae
824 1716 930 1736 servare
939 1710 1069 1743 figuraxm

343 1766 374 1791 et
391 1761 433 1794 O.
452 1771 497 1796 Ω.
513 1775 587 1797 cum
602 1767 640 1798 P.
655 1768 819 1800 facientes:
846 1770 905 1800 nisi
918 1770 1006 1811 quod
1019 1769 1074 1800 illa

331 1813 442 1854 jin-ma
471 1818 596 1857 habeat,
625 1821 692 1851 haec
703 1822 851 1863 formam.
898 1822 952 1852 Ad
978 1822 1073 1853 libros

343 1865 503 1898 universos
519 1876 636 1901 veteres
649 1871 724 1909 dixi,
740 1879 946 1915 praeterquam
961 1874 995 1905 in
1009 1880 1071 1905 ter·

343 1916 517 1950 minatione
533 1921 701 1962 singularis
715 1924 873 1963 dictionis;
898 1936 973 1956 nam
996 1925 1070 1956 scri-

342 1966 427 1997 bitur
429 1970 545 2010 jbrmae
562 1973 595 2002 in
609 1973 649 2004 V.
660 1974 708 2005 ed.
725 1980 759 2005 Δ.
770 1981 801 2005 et
805 1975 913 2018 sor-ma
929 1977 963 2006 in
973 1976 1070 2006 Vind.

339 2017 377 2049 L.
395 2019 446 2051 M.
465 2027 505 2052 Π.
522 2028 556 2055 Σ.
589 2024 747 2057 Librarios
768 2033 873 2058 autem
889 2029 1071 2068 saepiuscule

342 2071 529 2105 aberravisse
544 2076 577 2105 in
593 2077 716 2117 syllabis
730 2091 760 2115 a,
776 2091 815 2118 ae,
832 2087 863 2110 et
884 2082 918 2111 αἰ·
938 2081 1069 2120 permis-

341 2121 458 2160 cendis‚
474 2124 640 2159 docuimus
655 2129 695 2160 ad
709 2130 728 2160 i.
749 2134 820 2162 555.
838 2134 909 2163 952.
926 2132 957 2162 ii.
975 2136 1066 2163 1062.

339 2171 383 2203 iii.
398 2177 471 2206 681.
496 2177 575 2208 Mox
592 2180 702 2211 eadem
717 2188 763 2211 est
778 2182 932 2220 confusio,
948 2183 988 2213 ad
1004 2193 1063 2214 ver.

340 2225 390 2254 76.
435 2225 578 2259 Similem
594 2241 730 2263 errorem
750 2233 925 2264 felicissime
940 2245 978 2265 ex
995 2234 1066 2264 Ho-

338 2275 417 2306 ratio
438 2279 596 2312 sublatum
622 2293 688 2314 esse
713 2290 797 2315 certo
822 2286 935 2316 certius
950 2292 1002 2323 est,
1025 2286 1065 2317 ad

336 2325 384 2357 od.
401 2328 431 2359 ii.
450 2333 498 2362 16.
518 2336 565 2364 19.
581 2340 611 2364 et
625 2336 742 2375 optime
758 2338 800 2369 sic
817 2339 954 2369 rescribi:

395 2413 611 2428 *—
621 2410 685 2440 quid
697 2414 790 2442 terrm,
805 2413 857 2438 alio
867 2413 977 2438 calentis

397 2442 467 2473 Sole,
484 2450 623 2472 mutamus
629 2451 738 2481 patrici?
755 2453 819 2484 Quis
830 2454 907 2478 exsul

490 2486 522 2510 Se
533 2493 641 2519 quoque
650 2489 737 2522 fugit?

336 2543 440 2575 Aliter
465 2547 619 2582 Latinitas
649 2564 713 2585 non
743 2564 874 2589 constat:
914 2558 1061 2601 quiequid

335 2596 419 2652 enim
436 2599 518 2631 dicat
533 2603 705 2646 Bentleius‚
721 2617 840 2642 mutare
851 2618 949 2642 terras
963 2622 1019 2652 per
1028 2622 1060 2642 se

335 2648 413 2677 nihil
429 2650 514 2682 aliud
531 2655 707 2695 significare
722 2667 831 2699 potest,
855 2673 950 2704 quam
967 2667 1059 2694 “ter-

333 2699 423 2755 “.ras
437 2712 513 2741 quas
535 2716 620 2739 nunc
634 2711 841 2744 incolimus:‘’
865 2725 967 2756 neque
990 2725 1058 2746 om-

334 2758 387 2780 ma
406 2758 566 2808 exempla,
591 2773 660 2802 quae
684 2765 729 2795 vir
759 2767 956 2800 doctissimus
984 2779 1058 2800 con·

333 2809 436 2839 gessa,
460 2816 549 2839 suam
564 2813 656 2844 crisin
673 2821 810 2855 tuentur,
833 2826 888 2850 aut
909 2820 990 2851 tueri
1005 2831 1056 2851 va-

333 2853 406 2887 lent.
450 2860 582 2902 Ineptus
609 2868 648 2899 sit
677 2881 801 2905 neccsse
831 2882 887 2915 est,
930 2878 984 2918 qui
1013 2879 1057 2910 sic

1119 1390 1176 1422 pro
1192 1379 1318 1419 speciali
1321 1381 1466 1422 figuram
1481 1390 1596 1411 rursus.
1633 1379 1756 1411 Pariter
1771 1379 1848 1412 Ovi-

1119 1432 1201 1470 dius,
1224 1441 1261 1461 ex
1276 1431 1370 1462 Pont.
1385 1431 1428 1461 iii.
1446 1434 1475 1461 4.
1491 1433 1543 1463 25.

1342 1520 1446 1550 genta,
1455 1518 1580 1550 formate
1589 1517 1664 1543 mille
1666 1517 1772 1550 figuris.

1117 1590 1291 1622 Severiores
1313 1597 1420 1622 autem
1441 1593 1491 1622 hae
1504 1597 1578 1622 sunt
1599 1591 1725 1633 regulae,
1747 1601 1844 1633 quam

1115 1652 1186 1683 quae
1200 1642 1408 1682 scriptoribus,
1431 1643 1496 1673 otio
1510 1652 1568 1674 suo
1582 1648 1614 1673 et
1629 1642 1845 1673 commoditati

1114 1704 1221 1724 rerum
1239 1694 1480 1731 consulentibus,
1503 1704 1627 1725 morose
1648 1694 1768 1734 possint
1789 1696 1844 1725 ob-

1116 1744 1236 1775 servari.
1282 1745 1371 1775 Hinc
1397 1751 1433 1775 ut
1455 1755 1644 1785 synonymas
1665 1755 1730 1776 non
1751 1745 1843 1776 dubi-

1115 1802 1183 1827 tant
1197 1797 1253 1827 has
1275 1796 1426 1828 dictiones
1446 1807 1605 1837 usurpare.
1651 1796 1703 1828 Sic
1727 1795 1844 1839 glossa.

1115 1848 1199 1878 rium
1214 1853 1313 1879 vetus:
1343 1851 1365 1866 “
1381 1850 1507 1885 Forma,
1522 1856 1622 1891 μορφη,
1646 1860 1746 1884 «rung,
1762 1861 1841 1889 σχη-

1115 1903 1138 1919 “
1154 1914 1207 1940 μα.
1252 1902 1387 1941 Figura,
1410 1914 1530 1941 σχῆμα,
1558 1901 1675 1935 *umes
1719 1899 1842 1939 Cicero,

1114 1952 1153 1982 de
1168 1958 1230 1982 nat.
1246 1951 1330 1982 deor.
1344 1952 1364 1982 i.
1384 1955 1431 1982 18.
1464 1955 1486 1970 “
1512 1951 1620 1990 Quod,
1645 1951 1672 1981 si
1693 1949 1840 1982 omnium

1115 2007 1137 2022 “
1153 2004 1363 2034 animantium
1375 2003 1514 2045 firmam
1529 2002 1625 2033 vincit
1643 2002 1781 2033 hominis
1790 2004 1840 2044 fi-

1114 2058 1137 2073 “
1147 2066 1242 2094 gnra,
1260 2055 1349 2085 Deus
1359 2060 1466 2086 autem
1476 2054 1696 2090 animansesn
1711 2053 1839 2096 eifigu-

1114 2109 1136 2125 “
1152 2105 1189 2136 νᾶ
1211 2106 1349 2145 profecto
1372 2112 1433 2142 rest,
1462 2115 1533 2147 quae
1562 2104 1773 2144 pulcherrima
1798 2104 1839 2134 sit

1112 2160 1134 2175 “
1149 2156 1325 2187 omnium.''
1371 2156 1464 2187 Idem
1488 2166 1605 2192 rursus,
1628 2155 1668 2186 de
1681 2154 1733 2185 ofl:
1749 2155 1769 2186 i.
1784 2157 1836 2187 35.

1113 2211 1134 2227 “
1151 2207 1324 2247 Principio,
1347 2207 1483 2247 corporis
1497 2206 1596 2237 nostri
1617 2215 1767 2247 magnam
1780 2215 1836 2237 na-

1112 2263 1134 2278 “
1149 2265 1221 2290 tura
1244 2259 1311 2299 ipsa
1337 2258 1462 2289 videtur
1490 2257 1634 2289 habuisse
1661 2257 1834 2296 rationem3

1110 2315 1133 2331 “
1149 2311 1362 2353 quaejbrmam
1374 2316 1512 2342 nostram
1526 2309 1741 2351 reliquamque
1744 2311 1835 2351 figu-

1108 2367 1131 2382 ‘⁵
1146 2375 1227 2401 ram,
1250 2363 1284 2393 in
1298 2362 1360 2403 qua
1380 2367 1461 2392 esset
1474 2361 1591 2401 species
1612 2361 1753 2396 honesta,
1775 2369 1832 2400 po-

1108 2418 1130 2433 “
1146 2415 1208 2445 suit
1222 2414 1255 2444 in
1270 2413 1449 2454 promptu.'’
1498 2412 1559 2444 Sed
1573 2412 1613 2443 de
1627 2413 1687 2443 hac
1707 2421 1741 2442 re
1761 2421 1834 2451 pro-

1106 2465 1188 2496 fecto
1202 2465 1277 2496 satis
1291 2465 1374 2496 dicta
1388 2470 1470 2496 sunt.

1148 2517 1222 2548 Ver.
1240 2521 1290 2548 68.
1322 2519 1384 2548 Ει.·
1427 2522 1462 2548 Δ.
1493 2517 1569 2553 Sed,·
1601 2514 1687 2557 quod
1714 2513 1834 2555 placet:

1104 2578 1162 2599 nec
1177 2567 1293 2599 librarii
1315 2578 1380 2599 non
1403 2567 1505 2598 solent
1524 2566 1718 2597 confundere
1736 2574 1832 2595 vocu-

1104 2620 1149 2650 las
1165 2621 1209 2651 Et
1225 2630 1261 2650 ac
1278 2622 1343 2655 Sed,
1366 2620 1415 2650 vel
1438 2622 1484 2651 Set
1495 2634 1506 2655 ;
1533 2618 1603 2650 vide
1629 2617 1831 2648 Drakenbor-

1103 2671 1165 2702 chii
1180 2677 1288 2702 notam
1303 2670 1343 2702 ad
1368 2671 1435 2701 Liv.
1462 2669 1524 2701 xxi.
1544 2672 1594 2700 26.
1613 2671 1644 2700 6.
1666 2676 1741 2698 cum
1757 2667 1831 2697 Van

1105 2725 1263 2760 Staveren,
1294 2723 1334 2754 ad
1360 2723 1483 2754 Cornel.
1511 2721 1590 2761 Nep.
1617 2720 1656 2750 iv.
1680 2723 1711 2751 5.
1739 2721 1766 2750 7.
1789 2723 1829 2754 et,

1103 2786 1181 2817 quos
1205 2775 1248 2805 ibi
1273 2775 1390 2811 laudat,
1420 2773 1557 2805 eruditos
1581 2771 1673 2802 viros.
1721 2769 1830 2801 Codex

1104 2827 1378 2868 Cantabrigiensis‚
1401 2836 1496 2867 quem
1522 2823 1680 2864 usurpavi,
1706 2821 1746 2854 ad
1767 2821 1828 2854 Ju-

1099 2879 1199 2911 venal.
1214 2879 1265 2910 vii.
1282 2882 1352 2910 242.
1378 2887 1435 2918 pro
1450 2888 1525 2909 cura
1542 2878 1602 2913 sed,
1629 2875 1722 2907 habet
1737 2882 1828 2906 curas

1897 213 1902 223 -
1886 112 1908 183 ..e-z

1894 591 1906 627 'i
