1912 3292
342 215 437 254 328

762 214 766 218 ’
820 199 888 253 Τ.
932 201 1313 254 LUCRETII

491 337 701 380 Haerescit
718 338 834 380 facile
853 353 906 380 ex
925 337 1093 393 templo,
1115 335 1227 392 quod
1246 334 1426 376 diximus
1446 340 1556 382 ante,

491 411 670 468 Propter
689 413 877 455 subtilem
896 420 1103 462 naturam,
1125 420 1165 452 et
1185 410 1324 451 tenuia
1343 416 1466 449 texta.

550 486 714 528 Caetera
732 487 785 528 de
803 501 954 544 genere
973 485 1054 527 hoc
1073 485 1217 526 eadem
1237 483 1396 524 ratione
1415 489 1621 523 creantur:

493 560 602 609 Quae
622 575 749 615 quom
768 560 973 600 mobiliter
993 557 1151 599 summa
1172 557 1333 598 levitate
1352 556 1555 604 feruntur,

342 663 348 668 -
381 637 462 675 750
494 635 557 676 Ut
575 633 912 689 prius-obstendi,
943 633 1058 674 facile
1077 646 1162 672 uno
1183 638 1398 672 conmovet
1420 631 1503 671 ictu

495 708 604 756 Quae
623 706 721 747 libet
740 721 824 747 una
842 706 1025 746 animum
1047 704 1166 745 nobis
1186 703 1342 744 subtilis
1362 703 1518 759 imago:

493 780 650 822 Tenuis
665 780 781 820 ‘enim
801 793 915 819 mens
935 786 1010 828 est,
1032 786 1073 819 et
1091 778 1195 830 mire
1214 776 1390 826 mobilis,
1412 776 1511 830 ipsa.

553 853 664 895 Haec
683 853 788 904 fieri,
808 862 855 894 ut
873 867 1074 902 memoro,
1095 851 1210 892 facile
1229 850 1327 891 hinc
1347 865 1594 907 cognoscere
1613 849 1738 905 possis
1745 867 1758 898 3

350 1012 511 1053 digamma
521 1012 638 1043 scilicet
647 1011 837 1052 interponas,
849 1021 954 1043 veram
963 1011 1080 1051 praesti-

350 1066 422 1096 teris
436 1066 535 1106 po'dtae
549 1076 698 1096 manum:

379 1140 480 1164 Partim
490 1142 588 1170 sponte
598 1139 645 1164 sua
656 1139 839 1170 quaefluvunt
849 1139 911 1164 a'ete
921 1139 949 1163 in
960 1139 1026 1171 ipso.

349 1202 450 1233 Vides
472 1202 650 1238 dictionem,
673 1213 768 1243 quam
793 1203 990 1233 librariorum
1013 1209 1078 1233 stu-

349 1263 407 1293 por
423 1259 454 1283 et
474 1253 696 1293 importunitas
713 1259 744 1283 et
765 1253 887 1283 inscitia
901 1253 1080 1284 certissimis

351 1305 599 1336 abet-rationibus
620 1306 726 1346 aliquo
748 1305 878 1335 demum
900 1306 994 1336 modo
1009 1306 1078 1336 viti-

350 1368 403 1388 are
417 1363 589 1398 pergerent.
616 1358 666 1388 Sic
681 1363 787 1388 noster
791 1359 934 1399 fluvidus
949 1368 1005 1397 pro
1008 1360 1078 1399 flu-

350 1412 433 1448 idus,
456 1410 487 1440 ii.
503 1413 575 1440 463.
592 1414 666 1441 465.
692 1410 774 1440 Vide
788 1410 951 1448 Vossium,
967 1410 1006 1440 de
1020 1416 1077 1440 art.

351 1471 484 1502 gramm.
499 1461 530 1491 ii.
548 1465 597 1492 15.
614 1461 665 1492 fin.

393 1513 469 1542 Ver.
486 1515 557 1544 742.
580 1524 666 1553 quae:
693 1513 790 1543 Vind.
807 1513 848 1543 V.
864 1513 911 1544 ed.
929 1513 968 1544 0.
986 1518 1020 1544 Δ.
1038 1521 1079 1544 Π.

352 1569 388 1596 Σ.
403 1566 667 1608 qum—confiunt:
693 1565 730 1595 P.
749 1565 845 1595 Vind.
865 1565 903 1596 V.
919 1565 966 1595 ed.
984 1565 1020 1595 B.
1040 1565 1079 1595 Ο.

354 1621 393 1646 Δ.
406 1622 446 1646 rr.
458 1620 492 1647 Σ.
507 1622 552 1646 Ω.
567 1618 751 1657 conficz'unt;
768 1615 874 1656 vulgo,
893 1619 1077 1652 consistunt,-

352 1665 569 1702 audacissime,
585 1671 693 1696 contra
709 1676 819 1696 omnes
829 1666 932 1697 libros.
959 1667 1082 1696 Verum

352 1718 439 1748 euim
460 1727 544 1755 vero,
567 1727 601 1747 re
622 1717 806 1757 diligentius
821 1718 968 1758 cogitata,
991 1724 1081 1749 caete-

350 1778 459 1798 rorum
489 1767 717 1808 exemplarium
751 1769 968 1799 auctoritatem
997 1770 1081 1800 codi-

353 1830 428 1850 cum
443 1820 479 1850 L.
504 1820 552 1850 M.
576 1820 645 1850 voci
667 1821 818 1863 confiunt,
840 1821 1084 1860 praeponendam

352 1871 599 1902 existimavimus
604 1883 613 1909 ;
625 1881 733 1912 quum,
746 1872 786 1902 ob
794 1872 980 1911 compendia
989 1873 1083 1912 scrip-

353 1924 459 1961 tionis,
482 1923 621 1964 genuina
647 1923 740 1954 lectio
765 1926 932 1967 conficiunt
961 1924 1084 1955 facilius

352 1975 503 2015 migraret
513 1974 546 2004 in
556 1976 706 2017 confiunt,
717 1985 812 2015 quam
825 1975 969 2006 vicissim.
995 1976 1083 2006 Ordo

353 2034 412 2066 est,
435 2038 470 2058 ac
496 2027 697 2058 constructio:
725 2031 748 2046 “
764 2028 809 2058 Et
830 2038 907 2067 quas
928 2028 1082 2068 imagines

353 2083 376 2098 “
393 2078 567 2114 simulacra⁷
598 2089 636 2108 ex
666 2079 782 2109 horum
811 2078 948 2109 duorum
974 2078 1082 2119 figuris

355 2133 378 2149 “
394 2130 484 2166 facta,
508 2129 723 2171 confingunt.”

395 2182 471 2212 Ver.
498 2185 571 2213 744.
595 2183 755 2223 quoniam.-
785 2181 824 2212 V.
851 2181 897 2212 ed.
921 2183 960 2213 B.
984 2184 1064 2213 enim
1072 2198 1082 2218 ,-

354 2238 390 2265 Δ.
410 2234 679 2266 canu—animai.-
705 2233 748 2263 sic
761 2233 798 2263 P.
816 2232 855 2263 V.
871 2232 918 2263 ed.
935 2233 976 2264 O.
992 2238 1026 2264 Δ.
1045 2240 1084 2263 Π·

356 2292 390 2318 Σ.
407 2296 490 2316 vere:
510 2295 584 2314 nam
595 2286 667 2316 talis
681 2286 804 2315 animai·
820 2284 900 2315 valet
910 2287 981 2316 talis
997 2287 1081 2321 vitan

355 2337 455 2378 qualis
470 2347 582 2376 nempe
597 2338 681 2367 vivus
693 2336 883 2366 Centaurus:
903 2336 1000 2367 Vind.
1013 2339 1084 2367 ani-

354 2391 417 2419 mal
421 2405 432 2425 ,-
456 2388 584 2429 quidam
600 2387 722 2418 codices
737 2388 799 2425 Pii,
819 2390 1012 2419 animantum
1020 2405 1031 2424 ‚-
1049 2388 1085 2418 L.

355 2440 404 2470 M.
419 2442 525 2470 anima
533 2456 555 2476 ;.
568 2440 615 2469 uti
637 2450 773 2479 persaepe
795 2439 937 2470 videmus
958 2441 992 2470 αἳ
1013 2439 1047 2469 in
1063 2452 1081 2469 a

354 2491 531 2530 simplicem
554 2491 646 2522 abire.
685 2491 805 2532 Vulgo,
828 2493 985 2522 animalis.
1033 2491 1082 2521 Hi

355 2543 420 2573 duo
448 2553 564 2582 versus,
595 2545 635 2574 ob
660 2544 880 2584 ὅμοιοτελευτον,
903 2544 1083 2575 exciderant

355 2597 394 2625 ab
412 2602 456 2626 Ω.
936 2635 945 2638 ,

397 2647 473 2678 Ver.
489 2651 560 2680 746.
579 2650 746 2680 Haerescic:
766 2649 862 2680 Vind.
880 2653 914 2680 Δ.
931 2651 1082 2684 Αςνεεσι’ί,·

356 2699 374 2727 i.
390 2710 415 2729 e.
440 2701 608 2736 Accrescit,
631 2707 667 2731 ut
689 2707 735 2731 est
758 2701 791 2731 in
818 2701 861 2732 O.
892 2712 956 2732 non
982 2701 1078 2738 male3

354 2749 408 2778 sed
424 2751 587 2790 vulgatum
603 2757 706 2783 teneo:
733 2752 803 2783 vide
813 2763 874 2783 ver.
892 2755 963 2784 750.
979 2753 1019 2782 V.
1032 2752 1079 2782 ed-

356 2800 536 2838 Hacrescit;
569 2808 604 2833 Σ.
635 2805 704 2834 Hoc
726 2806 841 2835 crescit.
887 2804 951 2834 His
973 2809 1078 2834 autem

355 2850 554 2881 varietatibus
582 2853 755 2885 similitudo
783 2854 944 2885 literarum
973 2866 989 2886 c
1011 2860 1042 2884 et
1063 2866 1079 2885 e

354 2900 507 2942 originem
524 2903 668 2942 praebuit:
695 2905 761 2935 redi
784 2905 824 2936 ad
845 2916 906 2936 ver.
925 2908 996 2938 297.
1021 2906 1079 2936 hoc

1123 1009 1211 1040 libro.
1229 1009 1306 1038 Mox
1319 1008 1360 1037 V.
1373 1007 1419 1037 ed.
1435 1009 1552 1038 Coeteri.
1570 1006 1621 1036 De
1633 1007 1767 1037 obstendi
1777 1003 1849 1034 vide

1123 1061 1207 1091 dicta
1221 1060 1261 1090 ad
1275 1070 1336 1090 ver.
1351 1062 1423 1091 954.
1439 1064 1470 1089 et
1483 1058 1514 1088 ii.
1532 1061 1581 1089 95.
1598 1059 1674 1088 607:
1686 1063 1717 1087 et
1726 1057 1848 1086 utinam

1122 1115 1204 1144 hanc
1229 1110 1482 1152 orthographiam
1507 1109 1622 1149 passim
1648 1108 1849 1138 restituissem

1123 1165 1171 1195 his
1185 1164 1319 1194 vocibus

1165 1217 1239 1246 Ver.
1257 1219 1331 1246 751.
1358 1215 1398 1245 In
1414 1215 1496 1244 hanc
1511 1223 1578 1243 rem
1594 1213 1709 1242 Varro:

1154 1290 1250 1315 Levius
1261 1296 1330 1313 mens
1340 1294 1482 1320 numquam
1493 1286 1659 1312 somnorinas
1669 1284 1790 1317 imagines

1154 1329 1284 1358 Adfatur3
1302 1335 1357 1352 non
1368 1328 1532 1352 umbrantur
1543 1332 1638 1350 somno
1650 1324 1770 1356 pupulae.

1125 1393 1175 1422 Ita
1185 1392 1321 1431 corrigo;
1331 1391 1437 1431 vulgo,
1448 1401 1581 1421 mensum
1593 1400 1716 1420 ειιπι-.
1726 1387 1803 1418 BEN
1811 1396 1850 1415 τ-

1125 1454 1238 1474 rmus.
1495 1445 1498 1447 '

1123 1496 1227 1526 Locus
1241 1500 1339 1524 exstat
1354 1494 1386 1523 in
1406 1493 1518 1528 Nonio,
1535 1493 1566 1523 ii.
1583 1495 1654 1523 790.

1167 1547 1242 1577 Ver.
1259 1549 1329 1577 752.
1351 1548 1447 1576 mire:
1475 1544 1514 1575 V.
1531 1544 1578 1574 ed.
1594 1546 1682 1574 mite:
1708 1547 1744 1572 ut
1758 1541 1855 1572 modo

1127 1599 1247 1637 imagis.

1169 1648 1250 1679 Ibid.
1276 1648 1372 1678 Hanc
1387 1650 1496 1678 miram
1521 1646 1636 1677 mentis
1657 1646 1851 1676 mobilitatem

1126 1699 1229 1739 tangit
1245 1698 1433 1737 lWaeonides,
1459 1698 1520 1729 Od.
1537 1705 1569 1729 Π.
1585 1701 1636 1728 56.

1166 1779 1224 1802 Tm
1236 1785 1279 1804 νεες
1294 1777 1430 1806 ΩΚΕῘΑΙ,
1451 1776 1482 1804 ὡς
1494 1785 1510 1801 ει
1523 1785 1618 1811 πτερω,
1632 1783 1658 1804 ηε
1671 1774 1814 1800 uox-mm.

1127 1843 1182 1874 ubi
1197 1844 1355 1874 fructuose
1378 1842 1520 1873 consulas
1538 1841 1657 1872 Clarkii
1677 1846 1776 1872 notas.
1810 1839 1854 1870 Et

1129 1896 1294 1932 Horatius,
1318 1896 1404 1935 epist.
1419 1895 1439 1925 i.
1457 1898 1506 1925 12.
1526 1898 1572 1925 15.

1126 1983 1189 1989 -—
1199 1969 1265 1993 dum
1278 1976 1389 2001 peregre
1399 1972 1439 1994 est
1449 1968 1551 1992 animm
1560 1967 1616 1992 sine
1627 1972 1738 1998 corpore
1750 1964 1840 1989 velox.

1128 2032 1283 2062 Manilius
1298 2032 1402 2068 etiam,
1417 2032 1448 2061 ii.
1467 2035 1536 2062 106.
1554 2029 1693 2061 accedat:

1444 2112 1629 2143 linguamque,
1640 2116 1784 2141 capaxque

1160 2153 1312 2184 Ingenium,
1323 2152 1510 2182 volucremque
1523 2149 1648 2174 animum.

1131 2225 1213 2254 Cum
1232 2224 1279 2253 his
1301 2223 1502 2254 conferantur
1517 2222 1601 2252 dicta
1615 2220 1654 2250 ad
1669 2219 1701 2250 ii.
1721 2223 1854 2250 1046.—

1131 2276 1300 2313 Caeterum,
1325 2274 1461 2304 Homeri
1486 2272 1673 2303 versiculum
1698 2270 1856 2301 transtulit

1129 2337 1193 2356 non
1208 2325 1333 2365 illepide
1351 2325 1488 2360 Gratius,
1510 2333 1618 2364 cyneg.
1635 2326 1706 2354 Μ.

1191 2401 1268 2431 Ocyor
1280 2399 1373 2431 affectu
1384 2398 1484 2428 mentis,
1500 2397 1647 2430 pinnaque,
1663 2395 1792 2421 cucurrit.

1126 2453 1178 2484 De
1198 2452 1313 2493 pinm‘i,
1347 2453 1452 2483 videas
1481 2462 1552 2493 quae
1573 2449 1776 2481 commentati
1798 2457 1855 2478 nos

1126 2515 1235 2535 sumus
1249 2504 1290 2534 ad
1312 2504 1423 2544 Eurip.
1448 2503 1544 2534 Herc.
1567 2501 1628 2532 fur.
1645 2504 1716 2532 509.
1740 2498 1853 2530 Hesio-

1127 2557 1196 2593 dus,
1212 2563 1290 2587 scut.
1310 2556 1406 2586 Herc.
1424 2560 1495 2586 220.
1510 2554 1549 2585 de
1565 2554 1695 2596 Perseoq

1450 2633 1462 2658 ὁ
1473 2631 1496 2659 δ’
1509 2633 1540 2661 ὡς
1550 2641 1578 2658 τε
1592 2629 1659 2664 unp!
1672 2633 1787 2656 trofaeo·

1125 2702 1144 2731 i.
1161 2712 1187 2731 e.
1202 2703 1349 2732 levissime
1365 2713 1402 2732 ac
1418 2701 1591 2731 celerrime:
1609 2696 1663 2727 ubi
1678 2695 1786 2725 laudat
1801 2704 1856 2733 op-

1123 2758 1256 2792 portune
1270 2753 1409 2784 Clericus
1422 2752 1519 2782 Hom.
1535 2752 1640 2790 hymn.
1655 2747 1768 2787 Apoll.
1787 2749 1857 2777 186.

1168 2804 1244 2833 Ver.
1263 2807 1334 2834 753.
1356 2806 1446 2834 hinc.-
1476 2802 1597 2837 O.11ic,-
1625 2801 1710 2830 abest
1728 2805 1769 2829 Π.

1170 2854 1242 2884 Ver.
1261 2857 1331 2885 754.
1361 2852 1428 2888 Qud
1443 2860 1547 2884 tenus:
1575 2852 1610 2882 P.
1632 2851 1672 2881 V.
1691 2849 1738 2880 ed.
1757 2854 1790 2881 Σ.
1808 2854 1854 2878 Ω.

1126 2907 1373 2941 theatinus—est
1388 2915 1451 2935 non
1466 2903 1581 2945 legitur
1596 2902 1628 2932 in
1646 2902 1794 2933 B.—illi.·
1809 2903 1847 2930 Σ.

1119 2968 1138 2977 u·-

1117 2977 1137 2994 ι)
