1912 3292
446 227 681 277 LIBER
729 224 1085 275 TERTIUS.

167 361 284 404 Inter
302 375 344 402 se
363 359 594 414 conjuncta,
615 356 767 408 valent,
786 355 952 413 vitaque
969 355 1178 400 fruuntur:

166 435 256 477 Nec
275 435 361 476 sine
379 447 553 488 corpore
572 431 683 474 enim
703 429 857 473 vitaleis
876 430 998 473 edere
1016 438 1154 474 motus

56 513 141 551 560
172 509 268 551 Sola
284 514 418 563 potest
437 507 566 548 animi
584 521 660 562 per
678 521 722 548 se
739 512 908 556 natura3
943 520 1022 547 nec
1042 513 1197 556 autem,

169 583 341 624 Cassum
360 580 513 631 anima,
543 595 692 636 corpus
711 579 877 630 durare,
898 587 941 621 et
960 579 1143 621 sensibus
1161 578 1235 621 uti.

166 655 343 701 Scilicet.
364 655 523 697 avolsus
543 654 749 696 radicibus
770 663 816 696 ut
834 653 977 710 nequit
995 653 1122 695 ullam

164 729 379 785 Dispicere
398 729 485 784 ipse
505 728 645 770 oculus
664 742 753 770 rem
773 742 956 770 seorsum
977 742 1152 782 corpore
1170 733 1259 769 toto
1265 744 1280 777 ;

164 804 233 845 Sic
251 803 403 853 anima,
426 810 548 858 atque
568 802 745 854 animus,
770 804 845 857 per
865 816 908 843 se
926 801 1030 842 nihil
1049 816 1169 858 posse
1188 801 1368 843 videtur:

0 987 2 1012 l
22 961 108 996 locus
136 959 377 1001 distinguendus
405 959 538 996 videtur,
569 966 599 990 et
622 959 747 1000 capien-

0 1013 2 1038 ¹
21 1012 89 1044 dus.
111 1012 200 1043 Alibi
210 1011 398 1042 vocabulum
413 1022 478 1042 non
492 1011 627 1042 invenio.
652 1010 750 1048 Quod

20 1063 136 1105 legitur
150 1064 184 1094 in
199 1063 347 1105 glossario
361 1069 464 1093 vetere
479 1062 621 1104 quidem:
649 1066 672 1081 “
697 1065 748 1093 Vi-

21 1118 45 1135 “
59 1119 150 1154 vatis,
179 1116 236 1146 diu
265 1115 434 1146 viventis:''
471 1121 508 1144 tu
536 1115 634 1154 possis
659 1115 750 1144 casti-

21 1178 95 1209 gare
121 1168 293 1204 scribendo,
325 1171 348 1186 ‘⁵
375 1167 432 1198 diu
460 1166 664 1202 viventibus‚·”
697 1166 751 1196 sed

21 1219 195 1259 promptius
209 1225 255 1249 ost
269 1218 394 1249 credere
411 1232 444 1249 το
459 1225 480 1254 t,
497 1224 533 1248 ut
546 1218 635 1253 solet,
651 1229 667 1248 c
679 1228 751 1256 sup-

22 1271 219 1311 plantavisse3
232 1278 325 1312 atque
335 1270 553 1310 reponendum
565 1280 643 1307 esse,
661 1272 682 1288 “
701 1271 751 1299 Vi-

24 1325 47 1341 “
62 1325 155 1358 vacis,
178 1322 232 1352 diu
248 1320 408 1352 viventis.''

65 1374 143 1405 Ver.
169 1377 241 1406 558.
262 1373 400 1413 vinique:
427 1380 461 1404 Δ.
486 1372 750 1413 vivata—fruun-

24 1431 92 1456 mr:
119 1424 215 1456 vind.
234 1424 273 1454 V.
288 1424 336 1455 ed.
353 1425 390 1455 Β.
408 1430 451 1454 Π.
467 1428 502 1457 Σ.
507 1423 660 1464 feruntur
668 1437 678 1454 :
703 1424 752 1454 uti

24 1488 112 1509 voces
125 1477 244 1508 eaedem
255 1477 296 1508 ad
304 1487 366 1508 ver.
381 1480 452 1508 201.
469 1482 654 1516 permutatae
669 1484 751 1508 sunt.

69 1529 150 1561 Ibid.
164 1531 282 1560 valent:
305 1529 326 1559 i.
341 1539 367 1559 e.
385 1532 407 1548 “
422 1529 472 1559 hae
486 1531 557 1559 duae
571 1535 752 1568 potestates,

27 1585 51 1603 “
64 1587 197 1622 potestas
224 1581 361 1621 corporis
389 1587 420 1611 et
449 1587 582 1620 potestas
612 1581 750 1612 animi:”

25 1643 97 1675 quae
117 1632 254 1664 formula
275 1632 437 1673 regiminis
461 1632 620 1663 rarissima
642 1639 698 1670 est,
721 1639 753 1663 et

25 1684 191 1726 diligenter
201 1683 484 1715 animadvertenda.
510 1685 680 1725 Conjuncta
693 1695 751 1716 au-

26 1741 92 1767 tem
105 1736 140 1766 in
155 1742 266 1767 neutro
280 1746 408 1777 genere,
428 1735 570 1776 quamvis
584 1736 751 1767 substanti-

26 1797 65 1820 va
77 1788 231 1818 feminina
245 1788 318 1826 sint,
340 1788 381 1818 ad
395 1798 517 1818 morem
531 1793 638 1819 nostro
652 1789 754 1828 po'e'tae

26 1839 320 1871 familiarissimum:
348 1839 419 1870 vide
443 1850 544 1880 nuper
571 1840 692 1871 monita
712 1840 753 1871 ad

27 1899 88 1921 ver.
103 1893 176 1922 551.

70 1941 146 1972 Ver.
159 1944 231 1973 560.
245 1952 301 1973 nec
315 1947 435 1974 autem:
454 1942 492 1974 εἷ’
509 1955 591 1974 aare·
608 1951 668 1973 nec
681 1952 751 1974 mr-

26 2003 92 2031 sus,
113 1993 163 2023 vel
177 1993 311 2023 vicissim
317 2005 328 2031 ;
354 2001 454 2025 wazu.

70 2045 145 2076 Ver.
160 2047 235 2076 561.
262 2047 386 2076 Cassum
401 2045 526 2076 enimsi.-
552 2045 573 2075 i.
587 2055 614 2076 e.
629 2047 753 2086 sffl'ritu,

27 2095 105 2128 aura
121 2096 258 2135 aetheria,
279 2098 408 2135 aethere3
431 2103 468 2128 ut
482 2097 649 2139 Virgilius,
676 2097 753 2129 AEn.

26 2148 68 2180 xi.
85 2151 156 2179 104.

57 2214 169 2240 Nullum
178 2221 242 2240 cum
254 2214 332 2240 victis
342 2218 493 2246 certamen,
511 2219 540 2241 et
551 2216 640 2242 ethere
651 2215 738 2241 cassis.
753 2206 755 2209 ’

30 2281 115 2313 Vide
130 2281 286 2318 Nonium,
311 2284 332 2314 i.
348 2287 421 2315 217.

71 2333 148 2363 Ver.
162 2335 234 2364 562.
255 2336 388 2366 avolsus:
415 2336 452 2366 P.
477 2342 519 2367 Π.
544 2338 668 2373 avolsis;
692 2346 758 2367 non

30 2385 140 2424 probo:
177 2390 209 2414 et
236 2384 388 2416 editiones
416 2386 562 2428 quaedam
589 2389 754 2425 radicitus,

31 2442 140 2467 contra
153 2435 258 2473 libros,
278 2436 410 2478 ideoque
425 2439 558 2469 minime
577 2439 754 2478 probandae.

32 2487 168 2527 Utn‘que
181 2487 321 2518 varietati
337 2488 514 2531 Virgiliana
535 2491 637 2521 obstat
650 2490 754 2520 imita-

33 2539 87 2576 tio,
110 2538 150 2569 ad
166 2539 242 2569 AEn.
256 2549 285 2570 v.
299 2543 372 2572 449.

63 2614 119 2639 Aut
131 2613 178 2639 Ida
187 2614 215 2638 'm
227 2615 338 2647 magna,
354 2615 480 2641 radicibus
490 2620 574 2648 eruta,
589 2617 682 2649 pinus:

33 2679 222 2711 ubivariant
243 2681 364 2713 codices
385 2682 538 2723 similiter,
561 2694 678 2725 magno
695 2694 756 2715 nu-

34 2739 122 2762 nem
135 2731 244 2763 dantes
257 2736 424 2772 radicz‘tus;
447 2735 544 2776 quod,
560 2736 600 2767 ad
613 2741 757 2766 nostrum

35 2781 144 2814 saltem
171 2794 309 2823 sensum,
343 2788 476 2826 prosa‘ici
509 2788 612 2829 magis
640 2798 758 2818 sermo-

37 2833 87 2864 nis
99 2835 233 2867 colorem
245 2837 348 2869 refert.
386 2838 482 2869 Silius
496 2840 603 2878 etiam,
619 2841 703 2873 Puu.
719 2844 758 2874 vi.

41 2887 113 2917 196.
125 2895 219 2927 quem
232 2889 286 2920 alii
296 2889 365 2931 jam
380 2890 557 2930 laudavere,
573 2893 654 2925 hanc
666 2895 760 2935 scrip-

41 2937 146 2967 turam
159 2940 329 2979 genuinam
342 2953 409 2975 esse
431 2943 559 2982 evincit;
582 2945 638 2977 sed
650 2946 684 2977 in
698 2947 761 2987 pri-

92 2996 182 3030 ναι.
197 2998 248 3032 ΙΙ.

791 960 853 990 mis
870 959 1026 996 Catullus,
1049 958 1119 990 lxiv.
1140 962 1209 990 108.
1236 958 1277 990 ad
1299 967 1395 1000 quem
1419 958 1527 991 locum

793 1012 1035 1052 exprimendum
1059 1011 1216 1052 Virgilius
1239 1021 1272 1042 se
1295 1017 1398 1042 totum
1423 1011 1526 1042 mani.

793 1066 958 1097 festissime
969 1066 1157 1105 composuit:
1176 1065 1325 1105 temporis
1336 1070 1443 1096 tamen
1454 1075 1525 1105 par-

794 1129 860 1157 cuS,
884 1129 949 1149 non
969 1118 1131 1148 admoveo.
1177 1117 1290 1155 Porro,
1312 1118 1394 1148 hanc
1417 1117 1525 1148 lectio-

795 1181 870 1201 nem
884 1170 919 1201 in
934 1170 1095 1201 codicibus
1108 1170 1131 1201 J
1132 1169 1245 1200 uvenci
1257 1169 1434 1208 Presbyteri
1449 1175 1528 1201 tunc

796 1221 946 1261 tempor-is
955 1220 1176 1260 comparuisse,
1192 1219 1291 1258 locus,
1306 1230 1401 1260 quem
1413 1220 1454 1250 ad
1464 1230 1527 1250 ver.

798 1275 869 1303 905.
894 1271 1025 1311 hujusce
1050 1270 1122 1301 libri
1151 1270 1356 1309 proferemus,
1383 1281 1448 1300 non
1471 1272 1526 1302 ob-

791 1333 885 1354 scure
913 1322 1061 1364 loquitur.
1108 1321 1271 1352 Avianum
1300 1322 1431 1361 interea,
1464 1322 1528 1354 fab.

795 1375 856 1405 xvi.
875 1378 900 1405 1.
916 1385 981 1405 non
996 1373 1114 1415 pigebit
1131 1374 1285 1413 attulisse,
1301 1380 1338 1405 ut
1359 1374 1527 1416 elegantis-

795 1425 875 1456 sima
886 1425 1106 1456 emendatione
1117 1431 1238 1456 castum
1247 1426 1428 1466 scriptorem
1440 1436 1526 1458 mao-

794 1482 871 1507 tem:

810 1558 948 1583 Montibus
959 1566 974 1584 e
984 1559 1108 1590 summis,
1125 1558 1254 1584 radicibus
1265 1562 1349 1590 eruta,
1366 1563 1481 1591 quercus

842 1599 960 1629 Decidit,
976 1599 1062 1623 insani
1071 1599 1181 1624 turbine
1192 1599 1266 1624 victa
1279 1600 1354 1624 noti:

811 1639 900 1670 Quam
912 1638 1008 1663 subitus
1018 1638 1129 1663 tumidis
1139 1639 1282 1663 decurrens
1294 1638 1385 1664 alveus
1395 1639 1473 1664 undis

843 1677 966 1709 suscipit,
982 1681 1011 1703 et
1022 1677 1105 1703 fluvio
1115 1678 1306 1710 praecipitante
1316 1679 1401 1710 rapit:

796 1749 816 1780 i.
841 1760 867 1780 e.
901 1753 923 1768 “
946 1750 1053 1785 Quam
1078 1751 1198 1782 subiens
1224 1749 1361 1780 alveus.’'
1406 1750 1530 1791 Vulgo,

798 1804 820 1819 ‘⁶
839 1801 946 1836 Quam
957 1802 1084 1831 tumidis
1098 1800 1283 1831 subter-.·”
1301 1800 1355 1831 sed
1366 1801 1463 1831 codex
1472 1802 1530 1832 ha-

796 1855 860 1891 bet,
895 1857 917 1872 “
935 1853 1042 1889 Quam
1069 1855 1171 1884 subtus
1196 1853 1408 1889 tumidis—,²¹
1443 1854 1530 1885 unde

796 1904 1035 1945 castigationem
1062 1904 1253 1944 propositam
1295 1904 1446 1935 facillime
1476 1916 1530 1936 ex.

796 1955 962 1986 traximus:
988 1955 1060 1986 vide
1082 1965 1150 1991 nos,
1177 1955 1216 1985 de
1241 1956 1300 1985 hac
1322 1966 1398 1986 voce
1421 1956 1528 1996 dispu-

797 2011 909 2045 tantes,
926 2004 966 2037 ad
981 2006 1012 2036 ii.
1027 2010 1100 2037 563.
1123 2006 1338 2037 Transeuntes
1354 2007 1450 2038 etiam
1462 2009 1527 2039 Ve-

796 2058 906 2088 nantio
922 2059 1094 2088 Fortunato
1109 2057 1265 2088 salubrem
1274 2057 1466 2089 medicinam
1481 2059 1527 2091 fa-

797 2109 927 2145 ciemus,
944 2108 984 2140 ad
999 2109 1100 2149 po'e‘m.
1115 2108 1154 2140 iv.
1171 2112 1223 2140 30.
1239 2112 1269 2139 4.

798 2193 869 2217 Cum
882 2192 1007 2224 graderer
1019 2191 1131 2217 festinus
1141 2191 1202 2222 iter,
1219 2195 1296 2223 pater
1306 2191 1388 2223 alme,
1400 2193 1526 2226 Gregorii

830 2231 889 2263 Qua
901 2231 1067 2263 praecessoris
1077 2235 1140 2256 sunt
1150 2231 1194 2263 pia
1203 2231 1278 2263 signa
1288 2231 1344 2262 tui;

800 2273 860 2304 Quo
871 2272 968 2302 fertur,
987 2271 1214 2302 convulsaJacens
1225 2271 1363 2302 radicibus,
1378 2273 1458 2298 arbor

830 2312 939 2336 Martini
949 2315 1012 2336 ante
1020 2311 1094 2344 pedes
1105 2311 1243 2337 exsiluisse
1254 2312 1380 2337 comis—.

801 2375 923 2416 Vulgo,
948 2377 1118 2411 radicitus,-
1141 2375 1227 2416 quod
1253 2375 1381 2405 fortasse
1407 2386 1526 2407 verum:

798 2432 829 2456 et
837 2437 956 2467 preces;
980 2426 1065 2467 quod
1077 2431 1160 2457 certe
1174 2426 1323 2456 vitiosum
1337 2432 1391 2457 est.

843 2478 925 2509 Ibid.
949 2480 1067 2510 avolsus
1096 2480 1255 2510 radicibus
1277 2480 1400 2510 oculus:
1432 2484 1469 2509 ut
1491 2478 1530 2510 de

798 2532 882 2562 oculo
899 2530 1088 2571 Polyphemi
1105 2531 1293 2569 Maeonides,
1319 2530 1380 2561 od.
1399 2537 1420 2561 1.
1435 2534 1509 2563 590.

1044 2620 1217 2648 σφαραγευντο
1231 2612 1256 2638 δε
1269 2611 1290 2637 οἱ
1304 2621 1357 2646 πυρι
1367 2611 1481 2638 'PIZAL

803 2682 966 2713 Venustus
978 2688 1025 2714 est
1040 2684 1080 2720 Q.
1096 2683 1238 2720 Calaber,
1255 2682 1298 2712 iii.
1314 2685 1388 2713 596.

840 2772 933 2799 ramas
946 2769 978 2801 δ’,
999 2775 1142 2807 αργιλεῃσι
1155 2779 1311 2806 naseam-cerm
1324 2768 1391 2803 αμφ’
1403 2769 1508 2805 οδονῃσι,

838 2819 999 2845 ῬῙΖΟΘΕΝ
1009 2823 1143 2845 εκλονεοντο
1151 2829 1160 2846 .·

804 2897 956 2927 radicitus
969 2896 1224 2932 exturbabantur;
1240 2899 1277 2925 ut
1293 2893 1448 2932 Catullus,
1463 2893 1534 2924 loco

806 2947 949 2980 laudatoz
985 2947 1093 2979 confer
1117 2947 1212 2979 etiam
1237 2946 1343 2987 Apoll.
1374 2946 1478 2978 Rhod.
1496 2946 1529 2976 ii.

767 3008 799 3039 G
