1912 3292
319 203 408 240 140

463 324 626 382 Corpus
647 328 729 368 utei
749 327 930 370 volucres
949 329 1127 372 lacerent
1147 331 1190 372 in
1210 339 1358 382 morte,
1385 332 1560 390 feraeque
1567 352 1579 383 3

461 398 556 454 Ipse
575 398 636 442 sui
657 396 834 444 miseret:
866 418 999 460 neque
1018 405 1128 446 enim
1148 421 1190 447 se
1209 406 1355 448 dividit
1375 407 1521 458 hilum,

348 477 429 514 895
462 471 551 516 Nec
571 483 754 516 removet
773 477 883 527 satis,
905 493 930 518 a
949 478 1132 534 projecto
1152 494 1345 535 corpore;
1376 489 1417 522 et
1435 481 1534 523 illud

464 548 517 590 Se
538 547 673 606 fingit,
695 565 896 608 sensuque
916 567 990 594 suo
1010 554 1264 595 contaminat
1284 554 1460 596 adstans.

333 701 358 726 Si
369 709 449 734 quem
462 704 533 730 forte
543 705 613 737 rogis
624 706 740 731 abolevit
752 707 862 732 flamma
874 709 1023 741 sepultum,

332 743 387 767 Aut
398 742 515 774 aliquem
528 744 608 768 taecis
619 745 750 775 disjecerit
761 753 857 778 :quor
868 748 894 772 in
905 749 996 779 undis;

332 781 358 806 si
369 782 497 814 cujusque
504 783 606 814 samem
617 785 748 810 satiarunt
759 786 859 812 viuere
870 789 963 820 pisces,

332 822 387 846 Aut
398 820 485 847 fixere
496 821 562 847 ἴθι-ε
574 823 691 849 crudelia
701 825 816 850 vulnera
827 829 970 858 membris;

331 861 444 886 Alitibus
450 862 536 892 jacuit
546 867 653 894 raptato
663 871 778 897 corpore
787 866 808 890 si
817 867 872 899 quis
874 876 886 896 ,-

331 900 434 925 Ultima
445 907 500 926 non
511 903 628 928 Domino
637 905 740 936 rapient
750 913 798 930 sua
809 914 921 933 munera
932 916 1040 940 magno.

316 964 368 994 Sic
382 974 486 995 versus
501 971 577 996 sunt
589 967 796 999 emaculandi.
843 970 883 1000 In
898 970 984 1002 libris
999 972 1042 1002 le-

313 1016 409 1056 gitur,
421 1016 525 1056 same,
540 1018 804 1059 vt'scera.funera‚
820 1024 958 1061 sanguis.
993 1022 1044 1053 De

313 1070 497 1109 permutatis
507 1071 629 1112 funera
653 1078 684 1103 et
704 1075 830 1105 vulnera
851 1075 1042 1114 nominibus,

314 1120 366 1151 adi
389 1121 566 1153 Burmanni
582 1130 690 1154 notam
705 1125 739 1155 in
757 1125 848 1156 Ovid.
874 1126 951 1157 trist.
975 1127 996 1157 i.
1012 1131 1042 1158 3.

311 1176 364 1205 55.
388 1173 523 1210 Quintil.
542 1175 581 1205 vi.
602 1179 627 1206 l.
642 1186 671 1216 p.
688 1180 759 1208 508.
779 1177 910 1209 declam.
926 1189 954 1218 p.
971 1182 1042 1210 474.

314 1225 555 1262 Marklandum.
579 1227 655 1258 Stat.
671 1228 736 1259 silv.
751 1239 778 1260 v.
798 1233 824 1260 l.
842 1234 891 1261 18.
914 1237 945 1261 et
959 1231 1042 1262 Dra·

312 1275 554 1316 kenborchium,
579 1278 620 1309 ad
647 1279 702 1310 Sil.
723 1280 761 1310 It.
777 1281 797 1311 i.
813 1284 886 1313 399.
909 1288 946 1312 ut
966 1282 1044 1313 alios

313 1327 467 1360 omittam.
500 1329 535 1360 H
539 1329 646 1370 ujusce
661 1337 767 1362 autem
782 1333 974 1364 confusionis
988 1345 1041 1365 ex-

312 1379 424 1420 emplis
441 1381 629 1422 quibusdam
652 1384 742 1414 nobis
757 1385 851 1415 etiam
866 1385 958 1416 detur
973 1397 1041 1426 per-

313 1431 420 1462 missio
442 1439 562 1463 nostras
587 1433 870 1467 animadversiones
898 1447 1042 1477 consper-

311 1483 416 1524 gendi.
462 1484 589 1515 Primus
614 1485 695 1516 adsit
722 1487 851 1526 Statius,
879 1488 994 1518 Achill.
1021 1489 1041 1519 i.

312 1537 363 1566 85.

326 1604 415 1634 Quem
428 1607 458 1628 tu
470 1604 522 1629 illic
535 1609 629 1630 natum
643 1607 730 1638 Sigaeo
742 1607 768 1631 in
781 1608 905 1638 pulvere?
923 1612 1024 1640 quanta

324 1642 459 1674 Adspicies
471 1645 572 1669 victrix
583 1645 758 1678 Phrygiarum
775 1646 890 1670 vulnera
902 1650 1038 1671 matrum?

310 1705 431 1746 Vulgo,
443 1707 583 1747 sunera,·
610 1707 664 1738 sed
675 1708 792 1749 funere
815 1710 955 1750 sequitur
973 1720 1039 1741 ver-

309 1766 347 1786 su
367 1757 482 1788 abhinc
507 1759 610 1796 tertio,
637 1765 669 1789 et
692 1759 758 1798 ipsa
783 1761 902 1800 phrasis
920 1760 1040 1803 funera

310 1814 443 1839 matrum
466 1819 595 1840 sensum
611 1811 710 1849 po'etae
732 1811 783 1840 vix
808 1812 972 1843 commode
987 1812 1041 1843 de-

309 1858 414 1889 clarat.
468 1861 603 1891 Vulnera
619 1867 725 1891 autem
742 1869 873 1893 matrum
897 1869 970 1893 sunt
994 1874 1041 1901 ea,

309 1920 380 1951 quae
406 1910 453 1940 bis
479 1911 594 1941 Fabius
622 1913 767 1943 vocitavit
789 1913 823 1943 in
849 1924 976 1953 prooem.
1003 1915 1043 1945 ad

308 1960 363 1993 lib.
381 1962 420 1993 vi.
436 1963 519 1993 instt.
535 1969 611 1994 orat.
626 1966 751 1995 vulnera
768 1967 916 1996 orbitatis.
957 1966 1041 1997 Con-

308 2013 357 2043 fer
375 2013 486 2054 Virgil.
506 2015 581 2045 AEn.
609 2015 670 2046 viii.
696 2019 767 2047 585.
815 2017 935 2047 Similis
958 2017 1043 2048 labes

309 2074 348 2094 ex
381 2064 458 2096 Silio
487 2065 600 2097 deinde
616 2066 763 2106 ·eluatur,
796 2067 879 2099 Pun.
899 2068 952 2098 xii.
970 2072 1041 2100 5285.

309 2115 364 2146 ubi
380 2115 518 2157 loquitur
533 2117 714 2149 Hannibal:

284 2222 289 2226 ,
593 2197 598 2200 ’
662 2205 724 2224 mea
735 2202 810 2231 terga
821 2199 912 2225 videre

308 2235 432 2268 Contigit
453 2237 596 2262 Ausoniae?
625 2239 715 2268 Mene,
735 2238 833 2270 inquit,
854 2245 960 2264 summe
978 2240 1042 2264 deo-

498 2284 559 2301 rum
570 2279 577 2302 ἶ

309 2317 370 2341 Post
381 2316 510 2342 Trebiam
522 2318 616 2344 statuis
627 2321 684 2343 tam
697 2319 768 2344 tristi
777 2319 888 2344 vulnere
899 2320 1028 2353 dignum?

309 2379 408 2416 Libri,
420 2380 556 2421 funere:
586 2381 640 2412 sed
665 2383 837 2413 certissima
866 2389 912 2414 est
937 2390 1042 2415 nostra

309 2432 504 2472 emendatio;
538 2435 590 2465 cui
617 2435 779 2467 firmandae
808 2438 967 2477 appositus
995 2444 1040 2469 est

312 2484 484 2524 Arnobius,
511 2485 564 2517 lib.
590 2487 629 2517 iv.
651 2497 681 2527 p.
708 2491 847 2520 129.-“
863 2499 936 2519 cum
962 2490 1045 2530 apud

308 2538 332 2553 “
348 2535 549 2568 Thrasimeni
570 2538 676 2569 lacum
694 2541 859 2581 sanguinei
882 2551 1045 2572 cucurrere

308 2590 331 2605 “
347 2588 517 2620 torrentes?
553 2599 627 2620 curn
652 2590 820 2622 Diomedis
846 2593 949 2632 campi
978 2593 1044 2623 Ro.

307 2640 330 2655 “
346 2639 448 2669 manis
467 2640 669 2672 cadaveribus
690 2643 830 2683 aggerati
852 2643 946 2675 sunt?
970 2653 1044 2674 cum

306 2692 330 2708 “
347 2690 435 2720 mille
450 2691 511 2722 alia
525 2695 650 2724 vulnera
668 2696 850 2734 praeliorum
869 2695 1044 2726 innumeris

306 2743 330 2758 “
346 2748 472 2780 accepta
499 2749 574 2773 sunt
607 2744 788 2777 cladibus?''
828 2746 871 2776 Et
899 2746 1042 2784 Tacitus,

306 2791 416 2832 Agric.
445 2795 497 2823 37.
538 2794 645 2832 Quod,
669 2796 702 2826 ni
718 2799 740 2815 “
758 2796 905 2838 frequens
927 2797 1044 2838 ubique

308 2845 336 2860 (Β
350 2842 719 2884 Agricola‚—acceptum
730 2847 858 2888 aliquod
869 2850 977 2879 vulnus
989 2859 1043 2887 per

306 2897 328 2912 “
345 2894 478 2925 nimiam
495 2895 641 2926 fiduciam
658 2897 770 2928 foret.'‘
818 2900 868 2930 sic
883 2900 903 2932 J
907 2900 1041 2938 ustinus,

813 196 873 244 T.
916 197 1293 247 LUCRETII

1087 710 1120 741 ii.
1137 714 1185 741 11.
1211 711 1263 741 fin.
1290 717 1321 742 et
1340 711 1393 742 alii
1409 712 1596 753 frequenter.
1642 713 1703 744 Ille
1719 713 1815 745 Silius

1087 763 1202 793 iterum
1216 770 1416 805 expurgetur,
1432 764 1472 795 ad
1488 764 1571 796 Pun.
1587 765 1650 795 xiii.
1665 769 1738 797 827.

1497 842 1614 875 Virginia
1622 843 1715 874 juxta,

1117 882 1214 910 Cerne,
1225 886 1368 907 cruentato
1379 882 1482 907 vulnus
1491 884 1540 908 sub
1552 887 1662 916 pectore
1669 888 1770 915 servat,

1116 920 1217 945 Tristia
1226 921 1327 946 defensi
1339 922 1410 947 ferro
1422 928 1600 949 monumenta
1611 925 1735 957 potioria

1118 960 1149 984 Et
1158 961 1271 992 patriam
1279 961 1370 987 laudat
1378 963 1529 988 miserando
1538 964 1664 996 insunere
1671 964 1810 990 dextram.

1088 1022 1186 1060 Libri,
1202 1026 1331 1056 vulnere.
1376 1026 1465 1057 Huic
1479 1027 1624 1058 excursui
1638 1027 1735 1059 finem
1748 1034 1811 1058 sta-

1088 1079 1179 1104 tuent
1193 1075 1302 1105 veteris
1324 1076 1496 1107 scholastici
1518 1078 1689 1109 versiculus
1702 1089 1810 1109 emen·

1087 1124 1178 1156 datus
1192 1125 1224 1156 in
1244 1127 1373 1158 Anthol.
1389 1128 1459 1158 Lat.
1476 1128 1508 1159 ii.
1525 1132 1598 1159 184.
1614 1132 1665 1160 26.
1686 1128 1726 1160 de
1741 1129 1815 1159 Vir-

1086 1177 1154 1218 gilii
1170 1177 1330 1217 mandato,
1347 1185 1381 1210 ut
1394 1180 1506 1210 AEne'is
1514 1180 1584 1221 ejus
1594 1187 1664 1220 post
1677 1186 1813 1212 mortem

1087 1230 1335 1260 combureretur:

1126 1303 1238 1329 Ardebit
1249 1304 1355 1330 miserae
1369 1309 1429 1337 post
1437 1305 1538 1337 sunem
1546 1306 1634 1338 sunus
1645 1306 1751 1332 Elissae?

1869 1300 1879 1329 δ

1088 1366 1207 1408 Vulgo,
1230 1369 1356 1399 vulnera
1385 1370 1510 1400 vulnus:
1535 1375 1567 1400 et
1591 1369 1695 1400 nescio
1723 1370 1813 1412 cujus
1860 1332 1883 1445 ξ

1086 1419 1160 1450 ibid.
1177 1419 1219 1450 iii.
1240 1423 1307 1452 195.
1324 1423 1351 1451 S.
1856 1428 1879 1489 ’γ

1147 1497 1215 1526 Aut,
1224 1499 1254 1520 ut
1266 1496 1392 1521 Achilleis
1404 1497 1428 1520 in
1434 1496 1500 1522 felix
1513 1498 1597 1529 Troia
1607 1497 1711 1523 lacertis

1178 1537 1319 1567 Quassata,
1330 1538 1463 1562 Hectoreo
1471 1537 1570 1569 sunere
1579 1538 1743 1563 conciderit?
1864 1552 1876 1580 '¹1

1087 1600 1137 1631 Ibi
1152 1610 1276 1641 quoque
1289 1600 1420 1638 codices,
1436 1603 1557 1632 vulnere
1563 1618 1572 1636 ‚·
1595 1601 1652 1632 sed
1663 1612 1731 1640 nos,
1747 1602 1820 1642 opi·
1860 1622 1875 1643 ,,

1084 1662 1210 1689 namur,
1237 1657 1318 1682 recte
1335 1651 1539 1682 mutavimus:
1566 1653 1625 1683 hoc
1647 1653 1733 1683 enim
1755 1659 1813 1690 est,
1859 1649 1877 1678 ὦ

1085 1702 1170 1743 quod
1185 1702 1260 1733 dicit
1277 1703 1408 1734 Graecus
1421 1703 1454 1733 in
1470 1704 1711 1745 epigrammate:
1859 1680 1877 1763 ξ

1855 1779 1872 1794 w

1199 1785 1300 1819 Ἕκτορι
1313 1794 1359 1819 μεν
1374 1788 1453 1819 Τροιη
1465 1785 1672 1817 σηκωθινῂ.

1858 1816 1867 1832 ἱ

1131 1851 1205 1882 Ver.
1222 1855 1294 1883 894.
1316 1854 1453 1883 miseret:
1480 1853 1520 1882 V.
1539 1851 1586 1883 ed.
1603 1858 1638 1884 Σ.
1659 1856 1751 1884 πιίεει·
1767 1860 1811 1890 eh·
1850 1841 1870 1899 Ξ

1089 1903 1128 1933 Ο.
1158 1909 1193 1934 Δ.
1222 1910 1269 1934 Ω.
1296 1906 1387 1935 miser
1411 1910 1620 1944 est.-—neque:
1647 1909 1683 1935 Δ.
1709 1915 1816 1936 nec.—

1086 1957 1216 1986 dividit:
1243 1955 1286 1985 sic
1309 1955 1344 1986 P.
1359 1955 1454 1986 Vind.
1469 1956 1510 1986 V.
1526 1955 1574 1986 ed.
1596 1956 1636 1986 Β.
1653 1955 1690 1986 L.
1713 1956 1754 1987 Ο.
1775 1962 1811 1987 Δ.
1856 1911 1870 2004 ἕ

1088 2013 1128 2037 Π.
1146 2013 1182 2038 Σ.
1202 2013 1246 2038 Ω..
1269 2007 1398 2048 quidam
1413 2006 1452 2038 de
1474 2017 1531 2038 suo
1553 2009 1690 2038 vindicat
1705 2007 1810 2038 edide-
1855 2007 1873 2039 'r

1086 2065 1174 2096 runt;
1199 2059 1247 2089 M.
1261 2060 1506 2090 vidia—hilum:
1533 2059 1576 2089 ita
1593 2059 1629 2090 P.
1647 2058 1686 2090 O.
1709 2066 1749 2090 n.
1768 2066 1816 2090 Ω.
1857 2055 1871 2099 s·

1085 2110 1207 2150 reliqui,
1232 2111 1337 2146 illum;
1363 2109 1525 2140 solennem
1548 2120 1603 2150 per
1617 2120 1755 2141 errorem
1776 2110 1814 2141 li·
1850 2156 1854 2157 ⁷

1085 2161 1270 2192 brariorum.

1130 2212 1202 2242 Ver.
1218 2215 1293 2244 895.
1318 2214 1414 2243 illud.-
1447 2212 1484 2243 P.
1502 2219 1542 2243 Π.
1567 2213 1681 2248 mlum,-
1704 2222 1816 2244 omnes
1850 2210 1861 2247 ξ

1084 2265 1149 2303 alii,
1165 2266 1270 2301 illum,·
1295 2272 1337 2302 et,
1363 2264 1485 2304 opinor,
1511 2274 1594 2303 vere,
1621 2270 1658 2295 ut
1672 2265 1825 2305 respiciat·
1844 2277 1853 2282 ·

1084 2327 1257 2357 pronomen
1273 2331 1320 2348 «rou
1339 2319 1489 2348 hominem
1506 2317 1620 2357 potius,
1644 2317 1677 2347 in
1691 2328 1813 2358 corpore
1846 2325 1852 2353 ῗ

1086 2368 1329 2399 delitescentem.
1373 2367 1475 2399 Totus
1503 2368 1592 2399 locus
1614 2368 1658 2398 ita
1686 2367 1813 2399 fortasse

1087 2421 1201 2451 rectius
1215 2420 1307 2451 scribi
1323 2425 1435 2460 potest:

1103 2497 1162 2528 Ipse
1171 2493 1212 2521 sui
1222 2497 1346 2522 miseret:
1364 2503 1453 2528 neque
1463 2497 1535 2521 enim
1547 2502 1575 2520 se
1586 2495 1682 2520 dividit
1691 2495 1784 2528 ipsum.

1105 2538 1160 2562 Nec
1170 2541 1294 2562 removet
1307 2537 1379 2566 satis,
1391 2543 1406 2561 a
1418 2537 1540 2568 projecto
1553 2542 1683 2568 corpore3
1701 2539 1730 2560 at
1740 2535 1812 2560 illum

1104 2578 1136 2601 Se
1146 2576 1266 2608 fingit-.

1132 2639 1147 2669 1
1151 2639 1212 2670 bid.
1240 2641 1374 2680 prqjecto
1403 2651 1533 2680 cen-pore.
1579 2635 1737 2670 Usita'tum
1769 2644 1816 2668 cst

1086 2692 1273 2722 vocabulum
1291 2707 1324 2723 το
1333 2692 1488 2732 prqjectus
1502 2691 1542 2733 vcle
1555 2691 1764 2725 cadaveribus,
1779 2690 1816 2720 iu

1086 2743 1168 2774 terra
1190 2743 1358 2784 neglectim
1381 2742 1654 2783 recumbentibus„
1685 2741 1813 2780 Statius,

1089 2796 1188 2826 Theb.
1206 2796 1257 2825 xii.
1273 2799 1345 2825 528.
1368 2794 1581 2825 admovebitur
1595 2799 1782 2834 opportune:
1813 2827 1818 2830 ¹

1204 2871 1261 2896 Heu
1271 2871 1276 2894 !
1295 2870 1360 2901 quid
1369 2876 1420 2901 ago
1429 2871 1437 2894 Ρ
1451 2870 1575 2902 projectus
1585 2868 1688 2901 cespite
1697 2867 1783 2897 nudo,

1102 2913 1158 2936 Hoc
1170 2911 1264 2942 patriae
1277 2911 1377 2936 telluris
1388 2911 1468 2936 habes
