1912 3292
352 200 444 241 218

835 191 896 239 T.
944 188 1320 240 LUCRETII

413 328 465 365 85
498 324 604 366 Sunt
622 323 748 380 igitur
754 337 842 379 Jam
860 322 1086 364 formarum
1105 319 1276 376 vestigia
1295 326 1420 367 certa,

498 398 607 446 Quae
626 398 747 455 volgo
765 397 950 446 volitant,
971 395 1106 437 subtili
1125 392 1302 449 praedita
1319 390 1404 440 filo,

498 471 587 514 Nec
607 470 844 528 singillatim
859 478 1030 526 possunt
1048 475 1204 510 secreta
1222 465 1364 507 videri.

556 545 777 595 Praeterea,
798 545 931 586 omnis
950 543 1068 593 odos,
1089 541 1240 591 fumus,
1261 553 1404 594 vapor,
1426 546 1548 594 atque
1568 536 1658 578 aliae
1678 550 1741 577 res

503 619 760 670 consimiles,
780 618 874 659 ideo
893 616 1051 658 diffusae
1070 615 1192 657 rebus
1212 612 1439 662 abundant,

359 781 463 805 tatem.
500 774 706 805 Consimilem
721 785 794 805 mox
808 785 917 806 sumus
927 773 1081 806 incursuri

358 827 648 864 commutationem,
686 826 726 857 ad
754 836 815 857 ver.
845 830 917 858 616.
952 827 1083 868 hujusce

360 876 438 907 libri.

401 927 478 958 Vei:
494 931 544 959 80.
565 929 679 968 magis:
706 927 747 958 V.
763 926 810 958 ed.
825 930 1080 968 magnis—hwa·

359 979 396 1009 P.
413 980 475 1010 hic.
527 1018 530 1020 v

404 1029 484 1060 Ibid.
502 1030 631 1072 perfusa
661 1032 759 1071 lepore
788 1032 962 1062 conrident.-
995 1040 1082 1062 com-

359 1081 465 1112 mittas
479 1087 586 1112 notata
600 1082 640 1113 ad
660 1082 693 1112 ii.
711 1085 780 1113 147.
796 1085 868 1114 501.
889 1083 947 1114 has
965 1092 1082 1114 sermo-

360 1132 410 1163 nis
424 1131 594 1173 elegantias
607 1132 693 1162 haud
707 1132 905 1164 mediocriter
925 1132 1083 1164 illustran-

359 1184 418 1214 tia:
444 1188 550 1214 actum
565 1183 651 1214 enim
665 1193 757 1224 agere
770 1183 909 1223 profecto
920 1194 984 1215 non
995 1184 1083 1215 colli-

360 1236 421 1266 bet.

406 1288 478 1319 Ver.
496 1291 545 1319 81.
568 1288 728 1328 conv-epid.-
754 1289 789 1318 P.
814 1288 855 1319 V.
882 1289 928 1319 ed.
951 1289 989 1319 B.
1012 1300 1084 1320 con·

361 1346 463 1379 cepta;
487 1340 583 1371 etiam
596 1340 768 1382 eleganter:
793 1340 848 1371 sed
864 1346 968 1371 nostra
993 1340 1086 1371 lectio

361 1390 491 1422 vividior
513 1391 673 1432 aliquanto
697 1397 754 1429 est,
784 1397 816 1422 et
837 1391 1006 1429 efficacior;
1029 1401 1086 1422 nec

361 1452 427 1474 non
455 1443 603 1474 remotior
631 1454 651 1474 a
677 1443 798 1484 vulgari
828 1443 989 1482 po‘e‘tarum
1017 1453 1085 1474 usu.

362 1494 451 1526 Illud
465 1499 621 1536 concipere
635 1499 720 1537 ignes
731 1496 831 1527 ubivis
841 1497 982 1527 occurrit.
1008 1496 1085 1528 Loci

363 1546 499 1586 spiritus,
517 1557 553 1577 ac
575 1553 673 1584 tenor,
696 1547 773 1578 mihi
789 1547 1022 1586 persuasionem
1037 1547 1086 1577 in·

362 1598 452 1636 emit,
467 1599 688 1629 Lucretianam
707 1598 875 1629 dictionem
891 1609 955 1629 esse
973 1598 1088 1630 ovidio

363 1648 588 1686 redonandam,
601 1648 640 1679 ad
652 1654 725 1679 met.
738 1649 757 1679 i.
771 1652 841 1680 255.
858 1659 932 1678 nam
944 1648 1088 1689 evulgata

362 1699 454 1731 lectio
472 1703 645 1741 Cone-iperet
659 1710 724 1730 non
738 1700 872 1740 assurgit
892 1699 931 1731 ad
947 1700 1085 1741 vigorem

362 1762 484 1782 sensus:

392 1827 443 1854 Sed
455 1829 557 1859 timuit,
567 1836 602 1855 ne
611 1829 683 1855 forte
691 1835 765 1856 sacer
774 1833 818 1855 tot
828 1831 861 1855 ab
872 1831 977 1862 ignibus
988 1830 1077 1855 aether

394 1868 534 1900 Conriperet
546 1869 679 1900 flammas,
689 1870 837 1902 longusque
848 1871 998 1896 ardesceret
1009 1870 1078 1896 axis.

364 1944 508 1975 Sentisne
517 1945 665 1976 leviorem
674 1955 781 1976 vocem
793 1948 966 1986 Concipere!
975 1955 1087 1986 parum

363 1996 532 2036 adimplere
547 1996 732 2037 dignitatem
746 1997 826 2029 loci?
852 1997 1014 2038 Virgilius,
1030 1997 1084 2028 ecl.

364 2047 425 2077 viii.
438 2051 450 2076 l
457 2051 511 2079 05.

392 2130 516 2163 Adspice,
528 2132 651 2165 conripuie
661 2133 781 2159 tremulis
791 2134 1000 2164 altariastammis

393 2171 495 2200 Sponte
502 2171 559 2202 sua,
569 2172 634 2196 dum
646 2172 716 2198 serre
726 2179 827 2203 moror,
837 2174 901 2198 cinis
912 2174 1007 2205 ipse—-

365 2242 517 2275 Conferas
533 2246 715 2283 Manilium,
728 2247 747 2277 i.
759 2250 831 2279 819.
841 2250 915 2279 879.
933 2247 983 2277 Sic
991 2246 1086 2277 etiam

364 2296 492 2333 Tacitus
506 2300 576 2340 plus
591 2301 698 2338 semel,
714 2301 837 2342 aliique.

415 2349 497 2381 Ibid.
534 2355 702 2384 conrident.
768 2353 961 2392 Exemplum
997 2352 1088 2383 nobis

361 2399 526 2432 rarissimae
535 2403 679 2434 dictionis
685 2404 782 2434 biblia
795 2404 929 2445 vulgatae
940 2403 1088 2434 versionis

360 2451 454 2482 etiam
469 2455 676 2494 suppeditant,
699 2455 740 2486 ad
757 2456 839 2487 Gen.
855 2456 917 2486 xxi.
933 2460 962 2487 6.
987 2458 1009 2474 “
1027 2455 1084 2485 Ri-

361 2505 385 2520 “
402 2515 475 2536 sum
489 2506 562 2537 fecit
576 2507 656 2538 mihi
670 2508 772 2539 Deus:
797 2509 974 2549 quicunque
993 2506 1083 2538 audi-

362 2558 384 2572 “
401 2556 471 2594 erit,
500 2560 663 2590 corridebit
687 2559 796 2590 mihi.”
841 2560 885 2590 Et
912 2558 1082 2590 onomasti-

362 2615 420 2636 con
443 2613 600 2640 vetustum
621 2610 755 2641 eandem
776 2612 927 2652 agnoscit:
963 2614 986 2629 ‘⁴
1006 2612 1082 2642 Con-

362 2659 384 2674 “
400 2660 497 2697 rideo,
519 2661 692 2702 aeuyynxul'
737 2663 837 2693 Faber
859 2662 893 2692 in
915 2661 1015 2692 lexIco
1038 2662 1083 2693 lo-

362 2721 435 2740 cum
445 2713 572 2752 insuper
580 2714 725 2754 apposuit
733 2725 771 2745 ex
783 2714 978 2756 Augustino;
991 2724 1085 2755 quem
1097 2737 1099 2739 -

362 2761 473 2793 videas.

404 2813 479 2844 Ver.
503 2818 552 2846 82.
575 2829 680 2857 quom:
708 2818 745 2849 P.
769 2829 842 2853 ωας
867 2817 906 2848 de
932 2827 995 2859 qua
1016 2827 1085 2857 per·

361 2864 521 2904 mixtione,
544 2867 618 2898 vide
632 2868 936 2906 Drakenborchium,
961 2868 1001 2900 ad
1028 2867 1083 2899 Sil.

1124 771 1164 802 It:
1182 770 1202 801 i.
1215 773 1288 801 562.
1302 775 1333 799 et
1347 768 1381 798 in
1397 768 1439 799 Ο.
1455 766 1498 798 sic
1507 775 1612 797 versus
1623 765 1744 806 integer
1758 773 1844 795 com·

1123 822 1239 863 paruit:

1159 891 1239 922 Ergo,
1249 888 1325 914 velut
1333 895 1441 914 summo
1451 887 1486 913 de
1495 893 1606 920 corpore
1616 886 1698 912 lintea
1708 885 1845 910 fucum—.

1170 948 1245 978 Ver.
1261 950 1311 977 85.
1333 947 1476 986 eqfigias:
1501 945 1539 976 P.
1563 944 1658 976 Vind.
1683 943 1722 974 V.
1737 944 1784 975 ed.
1808 943 1847 976 B.

1128 999 1168 1030 0.
1185 1004 1221 1029 Δ.
1235 1005 1278 1029 Ω..
1294 997 1418 1038 effigies.

1167 1050 1243 1080 Ver.
1266 1051 1316 1078 84.
1339 1057 1465 1088 quaeque
1486 1057 1537 1077 er:
1564 1050 1600 1076 Δ.
1620 1056 1735 1086 quoque
1757 1049 1850 1078 de.—

1127 1102 1288 1140 quoniam.-
1315 1097 1419 1128 V..ed.
1444 1108 1532 1137 qum,·
1558 1095 1683 1126 videad
1702 1106 1763 1127 vet.
1777 1099 1850 1128 501.

1128 1152 1166 1183 Β.
1184 1158 1225 1183 Π.
1241 1162 1328 1182 cum.-
1353 1159 1438 1180 error
1452 1154 1544 1179 natus
1557 1154 1604 1179 est
1617 1158 1655 1178 ex
1665 1147 1852 1188 compendio

1127 1216 1176 1244 qm
1181 1220 1193 1240 ,·
1215 1213 1311 1244 quam
1325 1201 1605 1233 commutationem
1626 1200 1851 1231 animadverte-

1128 1260 1202 1285 runt
1220 1253 1368 1294 Scaliger,
1384 1252 1425 1283 ad
1440 1250 1555 1283 Catull.
1569 1251 1602 1282 ii.
1617 1254 1646 1282 5.
1660 1256 1692 1282 et
1705 1251 1850 1282 Draken-

1127 1304 1284 1340 borchius,
1308 1303 1350 1334 ad
1365 1303 1433 1334 Liv.
1456 1303 1495 1333 iv.
1518 1306 1568 1333 29.
1583 1303 1849 1343 6.—2jac1daneur.·

1129 1354 1226 1385 Vind.
1244 1355 1285 1385 V.
1301 1353 1349 1385 ed.
1364 1354 1402 1385 B.
1420 1353 1460 1384 O.
1482 1357 1518 1384 Δ.
1536 1359 1578 1384 11.
1596 1357 1632 1384 Σ.
1648 1359 1694 1384 Ω..
1706 1353 1858 1393 jaculen-

1128 1413 1180 1437 tur
1185 1422 1196 1442 ;
1221 1405 1298 1436 adeo
1312 1411 1349 1435 ut
1362 1413 1480 1444 pronus
1495 1403 1555 1434 sim
1580 1403 1620 1436 ad
1643 1403 1851 1443 suspicionem

1129 1457 1168 1488 de
1183 1456 1348 1488 omissione
1361 1454 1527 1497 cujusdam
1540 1453 1667 1490 voculae,
1681 1464 1752 1495 quae
1765 1454 1850 1495 fugi-

1128 1508 1191 1538 tiva
1205 1507 1341 1538 fortassis
1356 1507 1401 1537 ita
1415 1506 1449 1537 in
1471 1505 1637 1537 satione-
1650 1515 1741 1537 suam
1762 1515 1850 1537 revo-

1129 1558 1261 1590 cabitur:

1262 1631 1300 1650 ex
1311 1630 1418 1650 summo
1428 1631 1502 1657 quom
1513 1624 1700 1658 :injaculatur
1709 1627 1834 1656 utraque
1843 1631 1853 1649 t

1129 1683 1183 1714 sed
1198 1682 1390 1713 hariolamur
1404 1682 1471 1713 sine
1481 1683 1568 1714 libris
1581 1683 1851 1714 frustm-Cane-

1128 1745 1211 1773 rum,
1227 1734 1252 1764 si
1267 1734 1352 1766 cordi
1367 1735 1418 1773 sit,
1436 1735 1657 1775 eojaculentur
1665 1735 1699 1765 in
1709 1734 1852 1766 absoluto
1911 1739 1912 1766 ξ

1131 1796 1223 1817 sensu
1236 1787 1334 1826 possis
1347 1787 1499 1826 accipere,
1518 1786 1558 1818 ad
1575 1786 1648 1818 Cari
1663 1786 1762 1817 nostri
1776 1796 1852 1817 con·

1130 1836 1338 1869 suetudinem.
1383 1837 1434 1867 Sic
1459 1837 1554 1868 etiam
1581 1837 1699 1876 Graeci;
1721 1843 1757 1868 ut
1779 1837 1852 1868 Ho-

1129 1901 1234 1922 merus
1251 1891 1290 1922 11.
1307 1896 1339 1922 E.
1358 1894 1427 1922 115.

1166 1972 1253 2005 'Ama
1266 1971 1288 1998 δ’
1297 1972 1527 1999 Atlfflton‘rtzn
1539 1972 1583 1999 Bm
1592 1980 1719 2008 “pers-uo
1726 1981 1839 2006 χιτωος.

1172 2045 1246 2076 Ver.
1265 2049 1315 2078 85.
1339 2053 1439 2079 certa:
1465 2046 1503 2078 P.
1527 2057 1607 2079 caeca
1614 2061 1627 2082 ;
1651 2045 1748 2076 male:
1775 2054 1860 2075 nam·

1128 2098 1291 2137 respicitur
1306 2097 1345 2129 ad
1360 2097 1584 2138 experientiam
1597 2097 1642 2128 rei
1656 2097 1729 2128 visae
1743 2102 1850 2127 oertae-

1127 2159 1200 2189 que,
1222 2149 1255 2179 in
1271 2158 1331 2179 ver.
1349 2151 1398 2180 75.
1420 2148 1506 2179 unde
1520 2157 1585 2180 non
1598 2147 1663 2179 visa
1676 2153 1708 2179 et
1720 2147 1851 2185 ineerta,

1129 2200 1192 2230 sive
1207 2199 1385 2230 testimonio
1399 2209 1548 2231 sensuum
1562 2199 1668 2231 minus
1681 2198 1782 2234 obvia,
1796 2207 1851 2238 ge-

1129 2250 1274 2282 neraliter
1287 2250 1526 2282 concluduntur.

1174 2302 1247 2334 Ver.
1261 2306 1314 2334 86.
1334 2303 1440 2334 subtili
1453 2303 1531 2344 filo:
1568 2301 1589 2331 i.
1607 2311 1634 2332 e.
1655 2299 1774 2332 textrini
1796 2311 1868 2340 pa->

1129 2364 1202 2386 rum
1216 2354 1331 2392 crass&
1352 2354 1465 2394 quibus
1490 2358 1693 2393 opponuntur
1716 2358 1853 2384 contexta

1130 2409 1348 2447 condensaque,
1371 2406 1406 2437 in
1420 2415 1481 2436 ver.
1504 2408 1557 2437 55.
1580 2411 1612 2436 et
1634 2403 1741 2435 redeas
1765 2403 1806 2435 ad
1818 2403 1852 2434 ii.

1127 2461 1199 2489 341.
1245 2456 1409 2497 Apuleius,
1420 2462 1494 2487 met.
1509 2456 1550 2486 iv.
1567 2466 1596 2496 p.
1611 2459 1685 2487 288.
1701 2455 1750 2486 ed.
1763 2454 1850 2487 oud.

1127 2511 1194 2533 —“
1205 2508 1333 2540 unicam
1346 2507 1511 2547 virginem,
1516 2509 1578 2550 filo
1593 2506 1788 2538 liberali—-n

1169 2560 1244 2590 Ver.
1261 2562 1312 2590 87.
1333 2560 1530 2599 singillatim:
1551 2557 1852 2598 V.ed.singulalim.

1125 2611 1241 2640 —Vox
1256 2611 1439 2650 singillatim
1454 2608 1532 2648 vult,
1554 2612 1577 2627 “
1591 2609 1648 2639 has
1661 2608 1778 2639 formas
1787 2615 1856 2637 non

1127 2665 1149 2680 “
1166 2661 1385 2700 particulatim,
1400 2659 1450 2690 vel
1464 2670 1520 2699 per
1533 2665 1637 2699 partes
1650 2657 1799 2698 singulas,
1810 2667 1851 2688 ex

1129 2716 1152 2732 “
1166 2713 1280 2753 quibus
1308 2717 1461 2748 constant,
1488 2711 1588 2742 oculis
1616 2709 1773 2749 usurpari;
1797 2708 1853 2739 sed

1128 2768 1152 2784 “
1167 2764 1308 2795 universe
1322 2762 1549 2798 tantummodo,
1568 2768 1601 2792 et
1614 2761 1649 2792 in
1664 2761 1777 2792 effectu
1791 2770 1851 2791 suo

1129 2820 1152 2835 ‘¹
1167 2815 1340 2857 generali.‘'
1386 2814 1547 2846 Glossator
1567 2819 1669 2845 venis:
1697 2817 1720 2833 ‘⁶
1737 2813 1866 2853 stagia.

1129 2871 1152 2887 ‘⁸
1166 2869 1255 2899 latin
1287 2868 1350 2898 καθ’
1369 2865 1523 2897 ἒκαστω.”
