1912 3292
328 221 422 266 876

837 214 898 262 Τ.
944 213 1322 263 LUCRETII

338 346 444 386 1075
476 344 533 386 Et
552 344 727 386 stimulei
746 345 932 396 subsunt,
964 346 1058 401 quei
1079 346 1277 402 instigant
1294 343 1443 386 laedere
1462 343 1507 385 id
1526 344 1677 399 ipsum,

477 417 813 474 Quodquomque
830 427 905 469 est,
926 419 1058 460 rabies
1077 418 1188 460 unde
1207 418 1310 459 illaec
1328 418 1515 475 germina
1534 426 1741 476 turguent.

475 491 559 534 Sed
577 491 718 533 leviter
735 507 880 547 poenas
898 492 1050 549 frangit
1068 492 1210 533 Venus
1236 493 1344 533 inter
1364 506 1564 542 amorem,

475 565 715 621 Blandaque
734 565 912 607 refrenat
931 580 1090 606 morsus
1110 566 1297 606 admixta
1313 565 1512 620 voluptas.

475 639 666 693 Namque
685 640 728 679 in
749 653 798 679 eo
819 654 908 693 spes
928 646 1003 688 est,
1024 639 1136 679 unde
1156 647 1215 680 est
1234 639 1549 696 ardorisorigo,

337 718 443 754 1080
476 711 693 767 Restingui
714 725 878 766 quoque
897 726 1016 766 posse
1036 711 1088 752 ab
1108 711 1253 752 eodem
1273 726 1447 767 corpore
1466 712 1687 754 flammam.

474 783 603 833 Quod
623 782 712 824 fieri
733 791 878 824 contra
897 791 1032 826 totum
1051 792 1200 826 natura
1218 793 1440 842 repugnat3

996 940 1059 972 Sed

329 945 412 971 sator
431 944 533 970 vetus:
560 942 582 958 “
600 940 736 981 Adflzgo,
761 940 950 982 mulino-cm?

330 991 527 1032 potissimum
543 991 739 1028 Theca-itm,
756 991 840 1032 idyll.
860 1001 911 1023 xx.
929 995 958 1023 4.

365 1078 478 1104 Βώκολος
489 1087 528 1106 ων,
547 1075 629 1104 εθελεις
645 1085 680 1109 με
696 1085 783 1106 zucam,
810 1080 910 1105 ταλαινς
931 1085 946 1101 ⁸
967 1084 1055 1110 μεμοι-

484 1122 552 1152 θῆκαι

367 1171 497 1206 Αγροικως
509 1175 600 1203 elmar,
622 1170 682 1196 αλλ’
705 1179 812 1197 amazon
831 1171 966 1197 XEIAEA
980 1171 1056 1196 ΘΛΙ-

484 1220 570 1244 BEIN.

328 1287 442 1318 Valeat
451 1287 686 1318 Valckena'e'rus
697 1299 770 1319 cum
780 1288 864 1319 futili
875 1299 931 1319 suo
942 1289 1056 1329 φλιέειν,

323 1339 399 1369 usui
415 1338 495 1369 nulli
510 1349 642 1378 prorsus.
686 1340 709 1371 J
711 1351 764 1370 am
785 1350 858 1370 vero
872 1341 997 1380 affigere
1011 1351 1056 1370 os-

329 1392 397 1421 cula
414 1390 539 1420 mollior
553 1401 602 1421 res
616 1396 672 1429 est,
700 1398 794 1432 atque
813 1390 942 1422 affectus
957 1391 1058 1422 multo

329 1440 557 1481 tranquillioris.
601 1442 766 1483 Virgilius,
784 1443 857 1472 AEn.
876 1442 895 1472 i.
913 1444 986 1472 687.

342 1517 435 1547 Quum
448 1516 523 1540 dabit
536 1516 690 1548 amplexus,
701 1519 783 1547 atque
795 1516 878 1540 oscula
891 1515 978 1540 dulcia
983 1515 1058 1548 figet.

330 1581 442 1618 Porro,
471 1585 507 1611 Δ.
522 1592 604 1619 vcra,
630 1581 695 1611 rice
705 1592 809 1621 pur-em
832 1591 870 1611 ex
887 1581 1001 1622 glossa,
1023 1587 1059 1611 ut

329 1636 446 1670 putem.

369 1682 444 1711 Ver.
470 1684 562 1713 1075.
584 1684 736 1713 stimulei:
762 1681 804 1712 V.
835 1681 882 1712 cd.
908 1684 1058 1713 simili.—

328 1735 495 1772 instigant:
523 1734 570 1763 M.
587 1735 768 1772 inste'gnant.

370 1785 446 1815 Ver.
466 1788 558 1816 1076.
587 1787 838 1825 Q'u'odquomque:
857 1785 899 1815 V.
908 1778 958 1815 ved.
979 1787 1058 1820 Quo-

327 1838 596 1876 cunquc.—z'llcz·c.·
623 1836 665 1866 sic
681 1836 896 1876 rescripseram
911 1837 997 1876 prius
1019 1847 1057 1867 ex

326 1887 467 1927 ingenio,
478 1898 573 1928 quam
586 1887 726 1918 noverim
736 1887 828 1918 docto
838 1887 964 1918 cuidam
973 1888 1058 1928 apud

326 1939 522 1969 Lambinum
543 1939 627 1970 idem
657 1939 824 1978 placuisse:
847 1940 884 1970 P.
908 1942 957 1971 illi
975 1942 1055 1976 ἠως,-

326 1990 425 2021 vind.
442 1996 476 2022 Σ.
494 1993 573 2027 illce,·
600 1991 639 2022 V.
663 1991 710 2021 ed.
734 1993 784 2022 ille
806 1994 887 2028 lzaec;
916 1992 954 2022 Β.
978 1992 1015 2022 L.
1039 2003 1058 2022 a

328 2040 464 2071 secunda
490 2051 600 2079 manu,
632 2041 671 2072 O.
694 2048 734 2071 11.
752 2048 796 2072 Ω.
823 2044 878 2072 illa
901 2044 983 2079 haec;
1009 2043 1057 2073 M.

329 2092 379 2122 ille
386 2107 395 2127 ,·
421 2096 456 2122 Δ.
473 2094 526 2122 illa
543 2094 601 2123 hic.
649 2092 764 2122 Scribae
779 2092 923 2122 similiter
931 2094 1058 2123 turbant

327 2144 359 2173 in
376 2144 426 2173 ille
441 2145 516 2178 haec,
537 2148 567 2172 et
582 2144 671 2179 illoec,
686 2142 726 2173 ad
742 2142 867 2173 Terent.
879 2143 999 2174 Heaut.
1013 2143 1056 2174 iii.

326 2201 355 2227 2.
371 2199 620 2238 50.—gcr¹mz'na:
648 2205 689 2228 Π.
706 2203 741 2229 Σ.
754 2200 909 2238 gramina.

372 2249 453 2280 Ibid.
469 2251 568 2280 rabies
573 2266 584 2286 ;
608 2250 641 2280 in
653 2260 736 2280 casu*
742 2250 852 2289 patrio,
864 2261 921 2290 pro
936 2251 1058 2291 vulgari

328 2302 434 2331 rabiei.
482 2303 521 2331 Λ.
541 2301 673 2338 Gellius,
696 2302 738 2331 ix.
756 2305 803 2332 14.
819 2301 886 2332 init.
922 2306 945 2321 “
963 2303 1058 2338 Quod

329 2354 351 2369 “
368 2358 474 2382 autem
492 2362 584 2391 supra
599 2353 748 2392 scriptum
763 2358 810 2383 est
821 2353 854 2383 in
871 2353 912 2390 Q.
932 2353 1058 2385 Claudii

329 2405 352 2420 “
368 2403 477 2438 verbis,
506 2407 516 2421 ‘
533 2403 666 2443 Propter
689 2404 944 2445 magnitudinem
964 2410 1058 2446 atque

328 2456 350 2472 “
368 2457 377 2471 ‘
390 2454 619 2484 immanitatem
625 2455 748 2496 facies‚’
761 2454 793 2485 id
806 2465 862 2485 nos
872 2454 991 2496 aliquot
1005 2466 1056 2486 ve-

328 2507 350 2522 “
367 2504 484 2535 teribus
516 2504 603 2536 libris
632 2505 778 2545 inspectis
811 2506 1054 2545 exploravimus;

327 2559 350 2575 “
367 2561 460 2596 atque
475 2557 518 2586 ita
534 2567 609 2593 esse,
622 2563 658 2587 ut
671 2558 821 2596 scriptum
836 2563 890 2593 est.
903 2559 1055 2597 comperi-

329 2610 351 2626 “
367 2617 448 2638 mus.
499 2608 549 2639 Sic
564 2609 650 2638 enim
665 2609 811 2650 pleraque
826 2616 900 2640 aetas
914 2615 1054 2640 veterum

328 2660 349 2675 “
366 2658 543 2698 declinavit,
576 2661 657 2690 Haec
679 2660 785 2699 facies,
817 2661 912 2701 hujus
929 2660 1053 2702 facies,-

327 2711 349 2726 ‘⁴
366 2709 451 2748 quod
467 2720 551 2740 nunc
567 2716 690 2750 propter
705 2712 858 2742 rationem
873 2711 1056 2752 grammati-

326 2761 349 2776 “
365 2768 433 2788 carn
458 2760 563 2799 faciei
590 2762 719 2792 dicitur:
759 2768 920 2802 corruptos
948 2769 1054 2793 autem

327 2813 350 2828 “
366 2810 517 2849 quosdam
533 2812 628 2844 libros
642 2814 753 2854 reperi,
776 2815 810 2845 in
825 2815 940 2856 quibus
950 2815 1055 2855 faciei

327 2864 350 2879 “
367 2862 517 2901 scriptum
542 2870 603 2902 est;
626 2865 692 2904 illo,
717 2866 803 2907 quod
817 2872 890 2898 ante
904 2866 1054 2906 scriptum

327 2915 350 2931 “
365 2919 438 2951 erat,
454 2914 701 2948 obliterato—:”
717 2923 773 2948 etc.

1146 942 1226 973 Ibid.
1249 944 1348 973 rabies
1359 943 1517 982 germina:
1535 947 1572 972 nt
1589 942 1729 972 Socrates
1743 951 1825 973 amo-

1101 1004 1163 1023 rem
1180 992 1334 1023 vocitabat
1349 996 1370 1011 “
1386 994 1537 1023 rabiosum
1552 993 1710 1032 quendam
1725 993 1825 1023 domi-

1104 1047 1126 1062 “
1142 1054 1232 1081 num,
1262 1049 1294 1074 et
1323 1042 1483 1074 crudelem
1490 1042 1520 1080 ;''
1549 1042 1633 1082 apud
1665 1043 1830 1074 Ammian-

1104 1097 1203 1126 Marc.
1219 1106 1288 1126 xxv.
1306 1099 1335 1126 4.

1144 1146 1226 1178 Ibid.
1245 1149 1385 1187 germina
1413 1153 1568 1187 tur-guent.
1615 1146 1667 1177 Ita
1685 1147 1825 1187 conjece-

1100 1209 1167 1229 ram
1183 1198 1416 1229 rescribendum
1432 1208 1504 1234 esse,
1530 1207 1586 1237 pro
1599 1197 1751 1227 librorum
1766 1196 1828 1227 lec-

1101 1250 1197 1287 tione,
1209 1251 1349 1289 germina
1364 1255 1496 1290 surgunt
1499 1264 1510 1285 ,·
1528 1258 1623 1289 quam
1635 1247 1827 1278 locutionem

1101 1312 1225 1341 prorsus
1246 1301 1442 1337 insolentem,
1467 1306 1498 1331 et
1523 1300 1617 1330 Latio
1638 1299 1827 1340 ignoratam,

1100 1359 1190 1392 puto:
1219 1363 1282 1383 non
1305 1363 1398 1383 ansus
1421 1362 1520 1382 essem
1543 1357 1648 1381 tamen
1663 1350 1828 1381 divinatio-

1101 1414 1174 1434 nem
1190 1414 1305 1440 meam,
1320 1409 1480 1443 utcunque
1491 1401 1615 1441 proprio
1628 1400 1749 1441 judicio
1762 1410 1828 1430 cer-

1104 1455 1265 1490 tissimam,
1292 1455 1325 1484 in
1342 1459 1490 1484 contextu
1513 1462 1639 1492 ponere,
1667 1451 1727 1482 nisi
1751 1451 1829 1482 Pius

1103 1506 1328 1540 annunciasset‚
1355 1505 1388 1534 in
1410 1503 1637 1542 exemplaribus
1651 1502 1829 1533 reverendae

1102 1557 1294 1597 antiquitatis
1302 1556 1448 1594 scriptum
1460 1564 1533 1589 esse,
1539 1555 1694 1593 germinat
1702 1564 1826 1593 urgens.-

1102 1608 1135 1636 in
1165 1608 1279 1647 quibus
1304 1606 1328 1635 si
1360 1605 1492 1645 syllabas
1519 1610 1601 1635 recte
1626 1603 1829 1643 disperdatis,

1101 1658 1253 1696 scriptura
1267 1656 1409 1691 efficitur,
1425 1661 1548 1691 nostrae,
1559 1656 1619 1685 nisi
1630 1654 1694 1685 una
1704 1654 1828 1685 literulzl

1101 1713 1238 1746 tantum,
1254 1707 1333 1738 nihil
1348 1707 1530 1746 discrepans
1553 1706 1629 1738 Jam
1640 1715 1712 1736 vero
1723 1712 1827 1745 turgeo

1102 1765 1133 1789 et
1147 1771 1236 1799 surgo
1252 1759 1358 1789 scribis
1381 1757 1622 1788 commiscentur
1643 1756 1685 1787 ad
1708 1757 1828 1787 Lucan.

1102 1811 1141 1841 vi.
1160 1815 1229 1843 109.
1255 1810 1421 1842 Claudian.
1438 1815 1538 1849 nuptt.
1556 1809 1679 1840 Honor.
1699 1813 1730 1838 et
1745 1808 1829 1839 Mar.

1103 1866 1153 1894 94.
1178 1862 1282 1894 videas
1296 1873 1348 1893 me
1363 1861 1404 1893 ad
1418 1861 1449 1892 ii.
1469 1865 1541 1892 127.
1586 1860 1752 1902 virgilius,
1774 1860 1830 1891 ecl.

1101 1915 1153 1945 vii.
1172 1918 1222 1945 48.

1231 1989 1287 2019 jam
1298 1988 1364 2013 laeto
1375 1991 1492 2020 turguem
1504 1988 1531 2012 in
1543 1987 1655 2020 palmite
1661 1993 1777 2019 gemme.

1102 2051 1239 2089 Plinius,
1255 2058 1317 2082 nat.
1333 2052 1403 2082 hist.
1419 2051 1490 2081 xvii.
1507 2054 1556 2081 94.
1580 2054 1603 2070 ‘⁶
1617 2068 1661 2074 —-
1673 2049 1825 2091 (arbores)

1103 2105 1125 2120 “
1140 2104 1363 2142 germinatione
1391 2101 1614 2141 turgentes-...”
1661 2100 1829 2140 Scriptores

1101 2152 1276 2193 geoponici,
1291 2153 1334 2183 iii.
1347 2156 1375 2184 5.
1387 2156 1524 2183 zie—vm»
1534 2160 1628 2192 φατον,
1642 2166 1702 2194 φησιν
1715 2157 1826 2183 13:301-

1103 2209 1225 2236 ΔΗΣΑῙ
1251 2219 1315 2246 προς
1341 2209 1528 2239 ΒΛΑΣΤΗΝ,
1544 2203 1672 2234 δεκτικον
1696 2217 1770 2235 εστιν
1795 2217 1829 2238 εις

1103 2263 1226 2295 pureum.
1271 2255 1390 2286 Doctos
1405 2255 1501 2296 igitur
1515 2265 1567 2285 me
1581 2265 1646 2285 non
1658 2254 1742 2285 malo
1753 2265 1827 2285 con-

1102 2307 1172 2338 silio
1209 2318 1275 2338 rem
1311 2307 1570 2338 administravisse
1599 2307 1828 2337 existimaturos

1101 2370 1199 2399 spero,
1209 2360 1293 2400 quod
1302 2359 1516 2400 pervulgatam
1525 2359 1558 2389 in
1567 2360 1626 2390 hoc
1635 2369 1723 2389 versu
1733 2359 1826 2398 serip-

1100 2417 1214 2447 turam,
1224 2418 1331 2442 contra
1343 2412 1538 2451 propositum
1549 2411 1701 2452 quamvis,
1710 2410 1826 2440 immu-

1100 2468 1166 2493 tare
1181 2472 1244 2493 non
1260 2462 1537 2493 reformidaverim.

1145 2514 1216 2544 Ver.
1232 2517 1323 2545 1077.
1342 2525 1449 2554 paenas
1453 2514 1581 2554 frangit
1589 2527 1599 2544 .·
1617 2513 1637 2543 i.
1649 2523 1674 2543 e.
1686 2511 1827 2542 furorem

1099 2564 1297 2596 dolorificum
1325 2565 1497 2602 imminuit,
1532 2564 1649 2600 domat,
1678 2561 1828 2603 reprimit.

1102 2617 1224 2648 Iterum
1241 2618 1406 2659 Virgilius,
1421 2627 1491 2659 geo.
1508 2616 1547 2648 iv.
1561 2620 1634 2647 400.

1110 2713 1172 2720 —
1184 2700 1242 2726 Doli
1252 2701 1354 2726 circum
1366 2701 1428 2726 haec
1439 2703 1550 2727 demum
1553 2700 1714 2732 frangentur
1724 2697 1826 2723 inanes.

1142 2764 1216 2794 Ver.
1246 2768 1337 2795 1078.
1369 2764 1523 2805 refrenat.-
1556 2763 1594 2794 L.
1624 2762 1672 2792 M.
1695 2761 1822 2802 frenat,-

1099 2815 1184 2856 quod
1209 2815 1242 2845 in
1269 2816 1458 2847 membranis
1482 2812 1758 2854 incorruptissimis
1771 2812 1825 2845 de·

1099 2866 1205 2901 miror,
1224 2876 1323 2907 quum
1338 2866 1416 2897 nihil
1438 2865 1541 2897 vitiosi
1567 2864 1707 2896 videatur
1720 2862 1823 2895 subla-

1098 2923 1172 2948 tere.

1077 2980 1098 3006 5
