1912 3292
481 279 714 328 LIBER
768 281 1142 337 QUARTUS.

1458 294 1551 335 393

208 423 322 463 Ῑσχνον
341 428 496 467 εξωμενιον
514 418 604 451 tum
623 411 686 461 fit,
707 425 833 466 quom
852 413 987 453 Vivere
1007 426 1091 453 non
1117 415 1205 469 quit

66 486 173 524 1160
205 482 300 523 Prae
319 482 465 531 macie3
499 481 606 532 ῥοιδινη
626 498 724 524 vero
743 491 817 534 est,
836 484 926 539 jam
945 493 1110 527 mortua
1128 488 1240 529 tussi:

118 654 200 684 Ibid.
231 659 292 684 tota
318 664 433 683 merum
461 655 515 684 sal.
570 655 723 685 Afranius
748 656 782 686 in

64 705 289 745 Compitalibus
296 718 302 736 :

122 788 160 811 Ut
171 786 300 818 quidquid
309 786 438 818 loquitur,
455 787 492 812 sal
503 795 599 813 merum
609 793 658 814 est.

507 854 509 857 .
558 839 782 871 Bmumus.

58 920 162 950 Locus
185 926 284 949 exstat
309 920 342 949 in
369 919 518 950 Priscian.
545 920 597 950 lib.
616 931 644 951 ν.
662 932 691 961 p.
710 925 781 953 659.

59 970 286 1002 Onomasticon
303 977 404 1001 vetus:
432 975 454 989 ‘⁴
470 973 564 1010 Sales,
588 973 780 1007 αστειστης.·”

55 1023 76 1053 ἰ.
92 1034 119 1054 e.
141 1023 270 1062 lepores.
317 1023 433 1053 Confer
455 1029 590 1053 nostram
615 1025 686 1055 Silv.
705 1025 780 1055 Crit.

56 1079 130 1104 sect.
169 1073 245 1104 cxlv.
294 1073 412 1103 Similis
441 1080 486 1104 est
514 1074 630 1105 locutio
662 1076 778 1106 Hesio-

54 1125 150 1156 deum
164 1125 251 1161 illud,
268 1125 386 1165 Theog.
404 1129 454 1156 27.
474 1139 610 1168 ynam-spx
628 1141 688 1158 mou·
704 1130 781 1158 meri

55 1184 187 1208 ventres:
213 1176 264 1206 adi
286 1177 399 1216 pariter
425 1177 463 1207 de
477 1178 535 1207 hac
560 1188 593 1207 re
612 1178 686 1208 Silv.
704 1179 779 1209 Crit.

52 1239 81 1259 v.
100 1239 129 1268 p.
149 1232 217 1259 145.
263 1229 434 1267 Appositus
449 1235 494 1259 est
504 1229 603 1259 etiam
620 1230 781 1269 Sophoclis

57 1280 237 1319 versiculus,
253 1280 351 1311 Elect.
367 1285 439 1312 501.

73 1366 106 1395 ‘O
122 1365 209 1395 σαντ’
225 1371 347 1398 amasam
363 1365 451 1400 οὗτος,
465 1367 500 1395 Ἥ
518 1371 630 1397 ΠΑΣΑ
648 1371 778 1396 ΒΛΑΒΗ.

55 1447 132 1478 Huc
168 1447 283 1477 referas
320 1446 471 1482 Plinium,
509 1446 595 1485 epist.
621 1447 639 1477 i.
675 1450 722 1478 16.
750 1450 778 1478 5.

53 1501 78 1517 ‘⁶
92 1498 259 1534 Praeterea,
275 1496 350 1526 facit
365 1507 476 1531 versus,
500 1496 608 1536 quales
625 1497 778 1535 Catullus,

54 1552 77 1568 “
93 1554 149 1579 aut
187 1547 310 1578 Calvus.
355 1547 519 1582 Quantum
555 1547 617 1576 illis
653 1547 777 1587 leporis,

54 1603 77 1620 “
93 1598 276 1634 dulcedinis,
291 1599 524 1635 amaritudinis,
547 1598 672 1636 amoris,
695 1598 777 1628 inse-

53 1655 76 1671 “
93 1651 169 1682 rit!''
194 1651 213 1680 i.
229 1661 254 1680 e.
270 1651 359 1680 salis:
386 1659 544 1687 compares
559 1650 649 1689 Virg.
664 1660 731 1690 geo.
747 1651 778 1680 ii.

54 1706 126 1733 258.
149 1712 223 1732 cum
245 1706 362 1737 nostre,
389 1700 428 1729 ad
453 1699 484 1730 ii.
509 1703 580 1730 465.
597 1704 668 1731 464.
714 1701 780 1731 Hic

53 1761 162 1785 autem
176 1764 250 1784 usus
260 1751 402 1782 vocabuli
416 1753 490 1782 salis
504 1751 598 1792 longe
609 1752 710 1782 tritior
726 1758 777 1788 est,

52 1817 149 1848 quam
172 1806 227 1847 qui
249 1815 282 1835 se
297 1809 402 1844 poscat
426 1803 562 1842 operosis
583 1803 779 1835 collectaneis

51 1857 210 1888 illustrari.

95 1919 173 1948 ὫΥΕΥ.
193 1919 284 1948 1156.
318 1918 526 1955 καταπλῆξις.·
563 1916 582 1946 i.
607 1927 632 1946 e.
670 1919 691 1936 “
708 1927 777 1956 quae

53 1974 77 1990 ‘⁶
92 1971 253 2000 horrorem
275 1968 433 2008 quandam
456 1968 661 1998 venerabilem
678 1969 778 2007 specie

52 2027 76 2042 “
92 2021 229 2060 corporis
252 2019 413 2050 incutiat.”
459 2019 571 2049 Talem
592 2020 710 2050 Seneca
725 2031 777 2050 vo-

51 2073 136 2105 lebat
160 2071 304 2102 exhibere
331 2070 491 2109 Antiopen
510 2070 683 2109 Amazona,
709 2082 776 2102 ma·

51 2132 130 2157 trem
147 2122 323 2163 Hippolyti,
346 2121 475 2160 Hippol.
493 2125 564 2152 658.

113 2209 146 2232 Et
157 2206 262 2239 genitor
272 2204 300 2228 in
310 2208 338 2229 te
349 2206 437 2234 totus;
455 2207 482 2228 et
493 2207 580 2228 torvae
589 2206 682 2229 tamen

111 2248 171 2271 Pars
181 2245 269 2276 aliqua
278 2244 367 2268 matris
377 2244 473 2268 miscet
483 2251 521 2269 ex
532 2250 612 2274 aequo
622 2244 706 2270 decus.

53 2328 203 2361 Similiter
231 2327 413 2357 Atalantam
445 2325 568 2361 Statius,
607 2325 705 2355 Theb.
737 2326 775 2356 iv.

54 2385 126 2412 429.
162 2385 276 2410 torvam
313 2383 489 2415 nuncupat;
534 2383 565 2407 et
602 2378 776 2408 sslinervam

51 2431 209 2467 Justinus,
227 2428 301 2458 xliii.
318 2431 347 2458 5.
363 2431 391 2459 5.

95 2491 176 2522 Ibid.
193 2491 344 2530 plenaque
359 2490 488 2519 honoris.
533 2487 607 2517 Non
623 2487 662 2517 de
676 2487 775 2518 nihilo

50 2550 98 2576 est
112 2554 171 2574 vox
181 2545 288 2583 plena,
308 2542 362 2572 scd
377 2543 470 2572 habet
484 2541 623 2571 multum
638 2540 773 2582 argutia-

50 2606 135 2626 rum:
163 2604 287 2632 nempe,
307 2593 394 2633 quasi
409 2592 531 2630 dixerit,
555 2595 578 2610 ‘⁶
595 2592 668 2622 Non
680 2593 774 2631 plena

51 2653 74 2668 ‘⁶
90 2650 194 2679 carnis
216 2653 247 2676 et
262 2648 508 2686 pinguitudinis,
530 2645 584 2675 sed
607 2644 773 2674 honoris:”

52 2711 139 2738 nam,
166 2700 200 2729 in
215 2698 323 2728 habitu
336 2694 473 2727 hominis
487 2696 686 2734 declarando,
707 2698 773 2736 ple-

48 2763 107 2783 nus
123 2758 154 2782 et
165 2752 294 2791 gracilis
316 2759 406 2779 voces
419 2749 497 2779 adeo
511 2749 645 2779 invicem
659 2748 774 2787 opponi

50 2803 162 2841 solent,
182 2808 219 2833 ut
232 2804 299 2833 haec
313 2804 441 2833 maciem
457 2801 620 2839 describat,
646 2802 772 2830 obesita-

47 2861 107 2885 tem
130 2853 193 2884 illa.
240 2853 382 2889 Ovidius,
408 2858 463 2883 art.
479 2862 539 2883 am.
555 2852 586 2882 ii.
603 2856 674 2882 660.
702 2861 772 2880 nos-

49 2911 135 2935 trum
148 2906 291 2944 respexit,
321 2915 379 2935 nec
404 2905 599 2935 mediocriter
624 2903 772 2940 illustrat;

51 2956 95 2987 sic
106 2956 217 2997 procul
231 2956 327 2989 dubio
341 2956 489 2998 castigate
504 2955 696 2987 scribendus:

827 664 982 689 Nominibus
993 664 1099 689 mollire
1108 663 1171 689 licet
1183 663 1268 688 mala:
1278 664 1359 696 fusca
1369 669 1492 698 vocetur»,

856 703 957 735 Nigrior
968 703 1072 735 Illyrica
1084 704 1128 727 cui
1139 703 1198 733 pice
1208 704 1313 735 sanguis
1323 705 1382 729 erit.

827 745 852 769 Si
862 753 947 769 crassa
957 749 1006 774 est,
1020 745 1117 769 Veneri
1127 745 1234 774 similis3
1249 745 1271 768 si
1281 744 1360 775 flava,
1371 745 1516 770 Minervae:

859 784 896 808 sit
903 784 1016 816 gracilis,
1028 785 1115 808 macie
1127 790 1188 815 quae
1201 783 1272 808 male
1283 784 1344 808 viva
1354 783 1400 808 sua
1411 788 1461 809 est.

827 824 876 847 Dic
887 823 1014 853 habilem,
1032 830 1215 854 quaecumque
1232 823 1333 853 brevis3
1351 829 1414 854 quae
1431 823 1549 855 turgida,

916 863 1031 894 plenam:

857 908 889 930 Ut
899 905 980 930 lateat
991 905 1088 929 vitium
1099 904 1275 937 proximitate
1289 906 1361 930 boni.

827 983 935 1011 Crassa
961 986 1016 1018 est,
1043 980 1094 1010 cui
1120 981 1333 1010 membrorum
1359 980 1550 1011 lineamenta

824 1034 930 1063 minus
945 1033 1109 1073 eleganter,
1126 1044 1161 1063 ac
1176 1033 1247 1063 rudi
1263 1039 1364 1072 torno,
1377 1033 1551 1064 deformata

824 1091 913 1122 sunt;
937 1091 967 1115 et
992 1095 1030 1115 eo
1054 1085 1162 1114 habitu
1187 1085 1302 1115 mulier
1326 1085 1493 1124 opponitur
1507 1085 1550 1123 ei,

825 1147 895 1177 quae
911 1150 1052 1179 zuo-capnos,
1069 1142 1099 1166 et
1114 1139 1255 1167 teretibus
1271 1143 1317 1166 est
1330 1138 1490 1175 membris,
1514 1142 1551 1167 ut

827 1189 968 1219 Suetonii
993 1189 1144 1219 vocabulo
1167 1195 1295 1218 utamur
1320 1189 1361 1218 ad
1385 1189 1452 1220 Jul.
1471 1189 1549 1220 CaeS.

824 1240 882 1270 xlv.
912 1241 966 1270 ubi
995 1239 1213 1270 commentarii
1240 1240 1444 1278 interpretum
1475 1246 1550 1270 sunt

823 1290 953 1320 omnino
975 1290 1168 1320 consulendi.
1215 1296 1253 1320 To
1282 1292 1384 1321 straba
1416 1290 1548 1321 Heinsi-

823 1352 929 1377 anum,
946 1341 1086 1381 quamvis
1103 1342 1211 1380 probet
1234 1346 1265 1370 et
1286 1347 1434 1381 recoquat
1450 1342 1548 1372 Bent-

821 1398 909 1434 leius,
934 1407 1058 1436 prorsus
1084 1397 1228 1427 odiosum
1255 1403 1316 1435 est;
1339 1404 1370 1427 et
1385 1408 1442 1437 pro
1456 1408 1548 1427 mon-

821 1455 895 1486 stro,
920 1449 1031 1478 Musas
1045 1454 1227 1484 exterrente,
1252 1449 1300 1479 vel
1314 1448 1446 1479 furcillis
1463 1448 1548 1488 ejici-

823 1501 948 1532 endum.
993 1501 1116 1530 Locum
1131 1501 1282 1531 consulas.

865 1565 937 1595 Ver.
957 1567 1046 1596 1157.
1071 1566 1230 1607 τραυλιζει.·
1260 1565 1301 1595 V.
1318 1565 1365 1595 ed.
1396 1566 1433 1595 Β.
1458 1572 1547 1596 trau-

820 1617 891 1653 lim‚·
917 1621 951 1646 Δ.
978 1617 1126 1652 craulixi5
1160 1622 1201 1646 Π.
1223 1617 1477 1647 trauli.—muta:
1503 1616 1548 1646 V.

823 1667 870 1697 ed.
886 1669 983 1697 inula.

866 1728 947 1758 Ibid.
971 1729 1131 1770 τραυλιζεκ
1165 1728 1184 1758 i.
1203 1739 1228 1758 e.
1252 1729 1430 1759 Phavorino
1452 1729 1549 1758 inter-

822 1784 919 1818 prete,
952 1779 1089 1813 νηπιωδως
1120 1786 1210 1819 λεγει.
1254 1780 1414 1820 Infractas
1443 1785 1549 1809 autem

822 1830 1005 1860 conantium
1040 1830 1271 1861 infantulorum
1307 1830 1445 1872 loquelas
1474 1841 1550 1861 cum

821 1881 938 1923 gaudio
971 1888 1063 1923 atque
1096 1881 1208 1912 osculis
1240 1881 1381 1923 excipere
1411 1881 1549 1913 solemus

823 1932 945 1963 scilicet.

867 1993 946 2024 Ibid.
963 1996 1100 2033 pudens:
1133 1994 1155 2024 i.
1179 2005 1204 2024 e.
1232 1993 1372 2033 “lepide
1394 1994 1493 2034 loqui,
1517 2000 1548 2024 et

823 2048 845 2063 “
860 2044 1003 2082 fluenter,
1032 2044 1161 2084 pollenti
1189 2045 1290 2075 nimia
1318 2045 1422 2075 solum
1447 2046 1548 2075 obstat

821 2101 844 2116 ‘⁵
860 2097 1074 2128 verecundia.”
1097 2098 1208 2138 Longe
1218 2098 1462 2137 appositissimus
1474 2098 1546 2128 Ho-

819 2148 890 2178 ratii
916 2158 1021 2178 versus
1045 2148 1124 2178 mihi
1149 2149 1184 2178 in
1208 2155 1348 2179 mentem
1372 2149 1466 2185 venit,
1493 2149 1548 2180 sed

819 2200 1007 2238 Lambinus,
1032 2205 1069 2230 ut
1097 2200 1198 2238 video,
1225 2200 1382 2240 praecepit,
1410 2207 1464 2231 sat.
1480 2201 1500 2230 i.
1518 2205 1547 2231 C.

821 2255 870 2283 57.
893 2251 947 2282 ubi
969 2261 1028 2281 vox
1051 2252 1156 2292 iufaus
1182 2263 1308 2282 sensum
1324 2253 1460 2282 maxime
1474 2262 1546 2291 pro-

819 2303 925 2342 prium
939 2303 1043 2340 habet,
1062 2308 1093 2332 et
1109 2302 1306 2342 primarium:

836 2396 875 2419 Ut
886 2394 949 2419 veni
959 2401 1061 2424 coram,
1072 2395 1209 2426 singultim
1222 2402 1307 2426 pauca
1318 2395 1434 2423 locutus,

836 2434 927 2465 Infans
938 2441 1056 2465 namque
1065 2434 1147 2466 pudor
1156 2434 1313 2465 prohibebat
1325 2434 1401 2466 plura
1413 2433 1527 2465 profari:

816 2513 837 2544 i.
855 2524 882 2544 e.
898 2517 919 2532 “
937 2513 1047 2552 pudor,
1064 2513 1198 2554 quifari
1213 2515 1317 2552 nequit
1326 2513 1360 2543 .·''
1384 2513 1474 2543 Hinc
1489 2523 1542 2542 ex-

819 2565 930 2606 quisite
950 2565 1137 2601 Priscianus,
1163 2565 1276 2604 perieg.
1293 2568 1365 2595 468.
1387 2565 1430 2594 sic
1445 2564 1486 2595 ad
1507 2564 1543 2594 fi-

819 2617 891 2647 dem
906 2617 1049 2647 codicum
1065 2617 1161 2647 MSS.
1177 2616 1402 2646 rescribendus:

835 2709 885 2741 Qui
896 2711 990 2733 sanant
1004 2708 1087 2733 oculis
1097 2715 1194 2740 πεῖθε,
1205 2708 1390 2738 damnantque
1400 2706 1513 2738 nefando

833 2749 952 2780 Perjuros
963 2749 1036 2773 furto
1043 2757 1051 2779 ;
1069 2755 1135 2780 quos
1146 2751 1224 2773 tracto
1235 2748 1347 2773 flumine
1359 2750 1478 2772 caecant:

816 2839 838 2869 i.
855 2849 881 2869 e.
908 2838 1003 2876 furto,
1027 2838 1111 2879 quod
1126 2838 1356 2869 dissimulantes
1379 2850 1440 2869 non
1455 2836 1542 2879 effati

817 2890 888 2920 sint.
936 2890 1024 2921 Hinc
1039 2890 1133 2920 etiam
1153 2890 1330 2930 Sophocles,
1353 2890 1452 2922 Elect.
1470 2891 1540 2923 145.

817 2948 961 2974 accurate
976 2949 1022 2974 est
1036 2942 1271 2984 intelligendus:

743 3013 837 3044 Cc2
