<?xml version="1.0" encoding="UTF-8"?>
<!DOCTYPE html PUBLIC "-//W3C//DTD XHTML 1.0 Transitional//EN"
    "http://www.w3.org/TR/xhtml1/DTD/xhtml1-transitional.dtd">
<html xmlns="http://www.w3.org/1999/xhtml" xml:lang="en" lang="en">
 <head>
  <title>
</title>
<meta http-equiv="Content-Type" content="text/html;charset=utf-8" />
  <meta name='ocr-system' content='tesseract 3.04.00' />
  <meta name='ocr-capabilities' content='ocr_page ocr_carea ocr_par ocr_line ocrx_word'/>
</head>
<body>
  <div class='ocr_page' id='page_1' title='image "./tlucretiicarider02lucruoft_0120.png"; bbox 0 0 1912 3292; ppageno 0'>
   <div class='ocr_carea' id='block_1_1' title="bbox 329 165 390 211">
    <p class='ocr_par' dir='ltr' id='par_1_1' title="bbox 329 165 390 211">
     <span class='ocr_line' id='line_1_1' title="bbox 329 165 390 211; baseline 0 -6"><span class='ocrx_word' id='word_1_1' title='bbox 329 165 390 211; x_wconf 89' lang='lat'>78</span> 
     </span>
    </p>
   </div>
   <div class='ocr_carea' id='block_1_2' title="bbox 795 152 1325 212">
    <p class='ocr_par' dir='ltr' id='par_1_2' title="bbox 795 152 1325 212">
     <span class='ocr_line' id='line_1_2' title="bbox 795 152 1325 212; baseline 0.002 -4"><span class='ocrx_word' id='word_1_2' title='bbox 795 152 800 154; x_wconf 56' lang='grc'>’</span> <span class='ocrx_word' id='word_1_3' title='bbox 838 159 900 209; x_wconf 94' lang='grc' dir='ltr'>Τ.</span> <span class='ocrx_word' id='word_1_4' title='bbox 946 160 1325 212; x_wconf 87' lang='lat' dir='ltr'>LUCRETII</span> 
     </span>
    </p>
   </div>
   <div class='ocr_carea' id='block_1_3' title="bbox 360 289 1489 573">
    <p class='ocr_par' dir='ltr' id='par_1_3' title="bbox 360 289 1489 573">
     <span class='ocr_line' id='line_1_3' title="bbox 360 289 1455 350; baseline 0.004 -20"><span class='ocrx_word' id='word_1_5' title='bbox 360 293 443 330; x_wconf 84' lang='lat'>495</span> <span class='ocrx_word' id='word_1_6' title='bbox 474 289 758 342; x_wconf 88' lang='lat' dir='ltr'>Adficiuntur;</span> <span class='ocrx_word' id='word_1_7' title='bbox 790 301 831 334; x_wconf 90' lang='lat' dir='ltr'>et</span> <span class='ocrx_word' id='word_1_8' title='bbox 849 294 1021 335; x_wconf 87' lang='lat' dir='ltr'>omnino</span> <span class='ocrx_word' id='word_1_9' title='bbox 1040 294 1153 350; x_wconf 91' lang='lat' dir='ltr'>quod</span> <span class='ocrx_word' id='word_1_10' title='bbox 1172 295 1327 336; x_wconf 87' lang='lat' dir='ltr'>semina</span> <span class='ocrx_word' id='word_1_11' title='bbox 1346 295 1455 336; x_wconf 86' lang='lat' dir='ltr'>vocis</span> 
     </span>
     <span class='ocr_line' id='line_1_4' title="bbox 475 363 1468 426; baseline 0.005 -21"><span class='ocrx_word' id='word_1_12' title='bbox 475 363 724 417; x_wconf 88' lang='lat' dir='ltr'>Eliciuntur,</span> <span class='ocrx_word' id='word_1_13' title='bbox 746 376 787 409; x_wconf 90' lang='lat' dir='ltr'>et</span> <span class='ocrx_word' id='word_1_14' title='bbox 805 382 877 410; x_wconf 89' lang='lat' dir='ltr'>ore</span> <span class='ocrx_word' id='word_1_15' title='bbox 896 368 1004 410; x_wconf 86' lang='lat' dir='ltr'>foras</span> <span class='ocrx_word' id='word_1_16' title='bbox 1022 369 1248 426; x_wconf 86' lang='lat' dir='ltr'>glomerata</span> <span class='ocrx_word' id='word_1_17' title='bbox 1266 368 1468 418; x_wconf 88' lang='lat' dir='ltr'>feruntur,</span> 
     </span>
     <span class='ocr_line' id='line_1_5' title="bbox 477 437 1459 496; baseline 0.003 -16"><span class='ocrx_word' id='word_1_18' title='bbox 477 437 573 486; x_wconf 68' lang='lat' dir='ltr'>Qua</span> <span class='ocrx_word' id='word_1_19' title='bbox 593 441 708 496; x_wconf 83' lang='lat' dir='ltr'>quasi</span> <span class='ocrx_word' id='word_1_20' title='bbox 728 452 991 493; x_wconf 85' lang='lat' dir='ltr'>consuerunt,</span> <span class='ocrx_word' id='word_1_21' title='bbox 1014 451 1054 484; x_wconf 91' lang='lat' dir='ltr'>et</span> <span class='ocrx_word' id='word_1_22' title='bbox 1074 452 1168 485; x_wconf 91' lang='lat' dir='ltr'>sunt</span> <span class='ocrx_word' id='word_1_23' title='bbox 1187 443 1346 484; x_wconf 85' lang='lat' dir='ltr'>munita</span> <span class='ocrx_word' id='word_1_24' title='bbox 1365 442 1459 484; x_wconf 75' lang='lat' dir='ltr'>viai.</span> 
     </span>
     <span class='ocr_line' id='line_1_6' title="bbox 473 510 1489 573; baseline 0.003 -20"><span class='ocrx_word' id='word_1_25' title='bbox 473 510 732 569; x_wconf 86' lang='lat' dir='ltr'>Desipientia</span> <span class='ocrx_word' id='word_1_26' title='bbox 751 515 813 568; x_wconf 88' lang='lat' dir='ltr'>fit,</span> <span class='ocrx_word' id='word_1_27' title='bbox 835 517 915 573; x_wconf 64' lang='lat' dir='ltr'>qua</span> <span class='ocrx_word' id='word_1_28' title='bbox 938 518 996 559; x_wconf 80' lang='lat' dir='ltr'>vis</span> <span class='ocrx_word' id='word_1_29' title='bbox 1014 518 1156 568; x_wconf 85' lang='lat' dir='ltr'>animi,</span> <span class='ocrx_word' id='word_1_30' title='bbox 1179 526 1301 573; x_wconf 89' lang='lat' dir='ltr'>atque</span> <span class='ocrx_word' id='word_1_31' title='bbox 1320 516 1489 566; x_wconf 66' lang='lat' dir='ltr'>animali,</span> 
     </span>
    </p>
   </div>
   <div class='ocr_carea' id='block_1_4' title="bbox 326 664 1057 1106">
    <p class='ocr_par' dir='ltr' id='par_1_4' title="bbox 327 664 1057 853">
     <span class='ocr_line' id='line_1_7' title="bbox 330 664 1057 710; baseline 0.008 -16"><span class='ocrx_word' id='word_1_32' title='bbox 330 666 353 683; x_wconf 80' lang='lat'>‘⁸</span> <span class='ocrx_word' id='word_1_33' title='bbox 369 664 431 701; x_wconf 90' lang='lat' dir='ltr'>hic,</span> <span class='ocrx_word' id='word_1_34' title='bbox 455 675 540 696; x_wconf 91' lang='lat' dir='ltr'>nunc</span> <span class='ocrx_word' id='word_1_35' title='bbox 565 666 641 705; x_wconf 90' lang='lat' dir='ltr'>illic,</span> <span class='ocrx_word' id='word_1_36' title='bbox 664 668 823 699; x_wconf 78' lang='lat' dir='ltr'>saeviens.”</span> <span class='ocrx_word' id='word_1_37' title='bbox 870 669 921 699; x_wconf 83' lang='lat' dir='ltr'>Ita</span> <span class='ocrx_word' id='word_1_38' title='bbox 942 669 1057 710; x_wconf 87' lang='lat' dir='ltr'>legitur</span> 
     </span>
     <span class='ocr_line' id='line_1_8' title="bbox 328 714 1056 760; baseline 0.01 -16"><span class='ocrx_word' id='word_1_39' title='bbox 328 714 363 744; x_wconf 89' lang='lat' dir='ltr'>in</span> <span class='ocrx_word' id='word_1_40' title='bbox 389 715 426 746; x_wconf 88' lang='lat' dir='ltr'>L.</span> <span class='ocrx_word' id='word_1_41' title='bbox 451 716 499 746; x_wconf 88' lang='lat' dir='ltr'>M.</span> <span class='ocrx_word' id='word_1_42' title='bbox 526 723 569 748; x_wconf 85' lang='grc' dir='ltr'>Ω.</span> <span class='ocrx_word' id='word_1_43' title='bbox 595 717 706 758; x_wconf 84' lang='lat' dir='ltr'>reliqui</span> <span class='ocrx_word' id='word_1_44' title='bbox 729 729 850 758; x_wconf 89' lang='lat' dir='ltr'>omnes,</span> <span class='ocrx_word' id='word_1_45' title='bbox 876 722 959 760; x_wconf 81' lang='lat' dir='ltr'>quia.</span> <span class='ocrx_word' id='word_1_46' title='bbox 1005 720 1056 751; x_wconf 90' lang='lat' dir='ltr'>De</span> 
     </span>
     <span class='ocr_line' id='line_1_9' title="bbox 328 770 1055 810; baseline 0.01 -11"><span class='ocrx_word' id='word_1_47' title='bbox 328 770 388 799; x_wconf 81' lang='lat' dir='ltr'>hac</span> <span class='ocrx_word' id='word_1_48' title='bbox 402 775 509 800; x_wconf 87' lang='lat' dir='ltr'>autem</span> <span class='ocrx_word' id='word_1_49' title='bbox 534 771 690 810; x_wconf 80' lang='lat' dir='ltr'>varietate,</span> <span class='ocrx_word' id='word_1_50' title='bbox 717 783 774 804; x_wconf 89' lang='lat' dir='ltr'>nos</span> <span class='ocrx_word' id='word_1_51' title='bbox 795 774 899 804; x_wconf 82' lang='lat' dir='ltr'>videas</span> <span class='ocrx_word' id='word_1_52' title='bbox 921 785 995 806; x_wconf 84' lang='lat' dir='ltr'>mox</span> <span class='ocrx_word' id='word_1_53' title='bbox 1015 775 1055 806; x_wconf 86' lang='lat' dir='ltr'>ad</span> 
     </span>
     <span class='ocr_line' id='line_1_10' title="bbox 327 825 477 853; baseline 0.007 -3"><span class='ocrx_word' id='word_1_54' title='bbox 327 829 389 851; x_wconf 83' lang='lat' dir='ltr'>ver.</span> <span class='ocrx_word' id='word_1_55' title='bbox 407 825 477 853; x_wconf 87' lang='lat'><strong>969.</strong></span> 
     </span>
    </p>

    <p class='ocr_par' dir='ltr' id='par_1_5' title="bbox 326 871 1056 1106">
     <span class='ocr_line' id='line_1_11' title="bbox 371 871 1056 907; baseline 0.01 -6"><span class='ocrx_word' id='word_1_56' title='bbox 371 871 447 902; x_wconf 88' lang='lat' dir='ltr'>Ver.</span> <span class='ocrx_word' id='word_1_57' title='bbox 464 876 538 904; x_wconf 78' lang='lat'><strong>492.</strong></span> <span class='ocrx_word' id='word_1_58' title='bbox 565 873 616 903; x_wconf 90' lang='lat' dir='ltr'>Ita</span> <span class='ocrx_word' id='word_1_59' title='bbox 640 875 721 904; x_wconf 84' lang='lat' dir='ltr'>mihi</span> <span class='ocrx_word' id='word_1_60' title='bbox 747 875 852 906; x_wconf 84' lang='lat' dir='ltr'>videor</span> <span class='ocrx_word' id='word_1_61' title='bbox 877 876 1056 907; x_wconf 82' lang='lat' dir='ltr'>certissimis</span> 
     </span>
     <span class='ocr_line' id='line_1_12' title="bbox 329 923 1055 958; baseline 0.01 -7"><span class='ocrx_word' id='word_1_62' title='bbox 329 931 368 952; x_wconf 88' lang='lat' dir='ltr'>ex</span> <span class='ocrx_word' id='word_1_63' title='bbox 398 923 669 954; x_wconf 82' lang='lat' dir='ltr'>emendationibus</span> <span class='ocrx_word' id='word_1_64' title='bbox 706 935 814 956; x_wconf 83' lang='lat' dir='ltr'>versus</span> <span class='ocrx_word' id='word_1_65' title='bbox 842 927 1055 958; x_wconf 84' lang='lat' dir='ltr'>vexatissimos</span> 
     </span>
     <span class='ocr_line' id='line_1_13' title="bbox 327 972 1054 1019; baseline 0.008 -17"><span class='ocrx_word' id='word_1_66' title='bbox 327 972 495 1004; x_wconf 82' lang='lat' dir='ltr'>sinceritati</span> <span class='ocrx_word' id='word_1_67' title='bbox 510 984 576 1004; x_wconf 84' lang='lat' dir='ltr'>suae</span> <span class='ocrx_word' id='word_1_68' title='bbox 590 975 772 1015; x_wconf 60' lang='lat' dir='ltr'>restituisse3</span> <span class='ocrx_word' id='word_1_69' title='bbox 795 977 848 1018; x_wconf 90' lang='lat' dir='ltr'>qui</span> <span class='ocrx_word' id='word_1_70' title='bbox 868 977 902 1007; x_wconf 90' lang='lat' dir='ltr'>in</span> <span class='ocrx_word' id='word_1_71' title='bbox 917 978 1054 1019; x_wconf 76' lang='lat' dir='ltr'>vulgari-</span> 
     </span>
     <span class='ocr_line' id='line_1_14' title="bbox 326 1023 1054 1068; baseline 0.01 -15"><span class='ocrx_word' id='word_1_72' title='bbox 326 1023 386 1054; x_wconf 89' lang='lat' dir='ltr'>bus</span> <span class='ocrx_word' id='word_1_73' title='bbox 400 1024 491 1056; x_wconf 89' lang='lat' dir='ltr'>editis</span> <span class='ocrx_word' id='word_1_74' title='bbox 506 1025 610 1066; x_wconf 87' lang='lat' dir='ltr'>scripti</span> <span class='ocrx_word' id='word_1_75' title='bbox 633 1034 814 1068; x_wconf 80' lang='lat' dir='ltr'>comparent</span> <span class='ocrx_word' id='word_1_76' title='bbox 830 1029 911 1059; x_wconf 88' lang='lat' dir='ltr'>hanc</span> <span class='ocrx_word' id='word_1_77' title='bbox 926 1029 968 1060; x_wconf 84' lang='lat' dir='ltr'>ad</span> <span class='ocrx_word' id='word_1_78' title='bbox 982 1040 1054 1060; x_wconf 89' lang='lat' dir='ltr'>nor-</span> 
     </span>
     <span class='ocr_line' id='line_1_15' title="bbox 327 1083 426 1106; baseline 0.01 -1"><span class='ocrx_word' id='word_1_79' title='bbox 327 1083 426 1106; x_wconf 81' lang='lat' dir='ltr'>mam:</span> 
     </span>
    </p>
   </div>
   <div class='ocr_carea' id='block_1_5' title="bbox 355 1152 1054 1217">
    <p class='ocr_par' dir='ltr' id='par_1_6' title="bbox 355 1152 1054 1217">
     <span class='ocr_line' id='line_1_16' title="bbox 355 1152 1054 1217; baseline 0.011 -41"><span class='ocrx_word' id='word_1_80' title='bbox 355 1152 463 1178; x_wconf 76' lang='lat' dir='ltr'>Tui-bat</span> <span class='ocrx_word' id='word_1_81' title='bbox 473 1161 554 1217; x_wconf 43' lang='lat' dir='ltr'>affigens</span> <span class='ocrx_word' id='word_1_82' title='bbox 570 1156 697 1187; x_wconf 80' lang='lat' dir='ltr'>animum,</span> <span class='ocrx_word' id='word_1_83' title='bbox 714 1161 835 1190; x_wconf 80' lang='lat' dir='ltr'>spumans</span> <span class='ocrx_word' id='word_1_84' title='bbox 851 1161 881 1182; x_wconf 81' lang='lat' dir='ltr'>ut</span> <span class='ocrx_word' id='word_1_85' title='bbox 898 1158 926 1182; x_wconf 86' lang='lat' dir='ltr'>in</span> <span class='ocrx_word' id='word_1_86' title='bbox 942 1164 1054 1190; x_wconf 81' lang='lat' dir='ltr'>aequore</span> 
     </span>
     <span class='ocr_line' id='line_1_17' title="bbox 450 1199 517 1217; baseline 0.015 -1"><span class='ocrx_word' id='word_1_87' title='bbox 450 1199 478 1216; x_wconf 85' lang='lat' dir='ltr'>sa</span> <span class='ocrx_word' id='word_1_88' title='bbox 501 1199 517 1217; x_wconf 91' lang='lat' dir='ltr'>o</span> 
     </span>
    </p>
   </div>
   <div class='ocr_carea' id='block_1_6' title="bbox 357 1231 948 1266">
    <p class='ocr_par' dir='ltr' id='par_1_7' title="bbox 357 1231 948 1266">
     <span class='ocr_line' id='line_1_18' title="bbox 357 1231 948 1266; baseline 0.012 -11"><span class='ocrx_word' id='word_1_89' title='bbox 357 1231 508 1257; x_wconf 82' lang='lat' dir='ltr'>Ventorum</span> <span class='ocrx_word' id='word_1_90' title='bbox 519 1234 612 1259; x_wconf 83' lang='lat' dir='ltr'>validis</span> <span class='ocrx_word' id='word_1_91' title='bbox 615 1236 746 1266; x_wconf 68' lang='lat' dir='ltr'>,fervescit</span> <span class='ocrx_word' id='word_1_92' title='bbox 757 1237 856 1262; x_wconf 87' lang='lat' dir='ltr'>viribus</span> <span class='ocrx_word' id='word_1_93' title='bbox 867 1237 948 1262; x_wconf 82' lang='lat' dir='ltr'>unda.</span> 
     </span>
    </p>
   </div>
   <div class='ocr_carea' id='block_1_7' title="bbox 314 1291 1055 1891">
    <p class='ocr_par' dir='ltr' id='par_1_8' title="bbox 320 1291 1055 1792">
     <span class='ocr_line' id='line_1_19' title="bbox 325 1291 1054 1343; baseline 0.012 -20"><span class='ocrx_word' id='word_1_94' title='bbox 325 1291 402 1324; x_wconf 85' lang='lat' dir='ltr'>Jam</span> <span class='ocrx_word' id='word_1_95' title='bbox 418 1305 490 1326; x_wconf 89' lang='lat' dir='ltr'>vero</span> <span class='ocrx_word' id='word_1_96' title='bbox 505 1298 683 1329; x_wconf 80' lang='lat' dir='ltr'>varietatem</span> <span class='ocrx_word' id='word_1_97' title='bbox 698 1299 870 1330; x_wconf 85' lang='lat' dir='ltr'>lectionum</span> <span class='ocrx_word' id='word_1_98' title='bbox 884 1300 1054 1343; x_wconf 87' lang='lat' dir='ltr'>dispunga-</span> 
     </span>
     <span class='ocr_line' id='line_1_20' title="bbox 326 1350 1055 1383; baseline 0.012 -9"><span class='ocrx_word' id='word_1_99' title='bbox 326 1350 610 1380; x_wconf 71' lang='lat' dir='ltr'>mus—animam:</span> <span class='ocrx_word' id='word_1_100' title='bbox 643 1351 687 1381; x_wconf 90' lang='lat' dir='ltr'>sic</span> <span class='ocrx_word' id='word_1_101' title='bbox 710 1350 747 1382; x_wconf 90' lang='lat' dir='ltr'>P.</span> <span class='ocrx_word' id='word_1_102' title='bbox 764 1351 805 1381; x_wconf 92' lang='lat' dir='ltr'>V.</span> <span class='ocrx_word' id='word_1_103' title='bbox 828 1351 876 1382; x_wconf 86' lang='lat' dir='ltr'>ed.</span> <span class='ocrx_word' id='word_1_104' title='bbox 893 1351 990 1383; x_wconf 89' lang='lat' dir='ltr'>Vind.</span> <span class='ocrx_word' id='word_1_105' title='bbox 1015 1352 1055 1383; x_wconf 89' lang='lat'><strong>0.</strong></span> 
     </span>
     <span class='ocr_line' id='line_1_21' title="bbox 325 1394 1055 1443; baseline 0.014 -18"><span class='ocrx_word' id='word_1_106' title='bbox 325 1394 366 1431; x_wconf 85' lang='lat' dir='ltr'><strong>Q.</strong></span> <span class='ocrx_word' id='word_1_107' title='bbox 381 1402 425 1427; x_wconf 84' lang='grc' dir='ltr'>Ω.</span> <span class='ocrx_word' id='word_1_108' title='bbox 442 1398 548 1439; x_wconf 88' lang='lat' dir='ltr'>vulgo,</span> <span class='ocrx_word' id='word_1_109' title='bbox 563 1403 928 1443; x_wconf 67' lang='lat' dir='ltr'>animum—spumantis</span> <span class='ocrx_word' id='word_1_110' title='bbox 942 1405 996 1434; x_wconf 84' lang='lat' dir='ltr'>in:</span> <span class='ocrx_word' id='word_1_111' title='bbox 1014 1403 1055 1434; x_wconf 92' lang='lat' dir='ltr'>V.</span> 
     </span>
     <span class='ocr_line' id='line_1_22' title="bbox 323 1445 1055 1495; baseline 0.011 -17"><span class='ocrx_word' id='word_1_112' title='bbox 323 1445 373 1477; x_wconf 80' lang='lat' dir='ltr'>ed.</span> <span class='ocrx_word' id='word_1_113' title='bbox 391 1447 429 1478; x_wconf 91' lang='grc' dir='ltr'>Β.</span> <span class='ocrx_word' id='word_1_114' title='bbox 452 1454 603 1489; x_wconf 79' lang='lat' dir='ltr'>spumatis</span> <span class='ocrx_word' id='word_1_115' title='bbox 618 1454 661 1489; x_wconf 82' lang='lat' dir='ltr'>in,</span> <span class='ocrx_word' id='word_1_116' title='bbox 686 1464 756 1495; x_wconf 84' lang='lat' dir='ltr'>quae</span> <span class='ocrx_word' id='word_1_117' title='bbox 770 1464 804 1484; x_wconf 92' lang='lat' dir='ltr'>re</span> <span class='ocrx_word' id='word_1_118' title='bbox 818 1453 890 1485; x_wconf 68' lang='grc' dir='ltr'><strong>νει-εἱ</strong></span> <span class='ocrx_word' id='word_1_119' title='bbox 905 1460 951 1486; x_wconf 86' lang='lat' dir='ltr'>est</span> <span class='ocrx_word' id='word_1_120' title='bbox 966 1454 1055 1495; x_wconf 90' lang='lat' dir='ltr'>ipsis-</span> 
     </span>
     <span class='ocr_line' id='line_1_23' title="bbox 324 1497 1053 1546; baseline 0.016 -19"><span class='ocrx_word' id='word_1_121' title='bbox 324 1497 405 1529; x_wconf 85' lang='lat' dir='ltr'>sima</span> <span class='ocrx_word' id='word_1_122' title='bbox 430 1508 536 1532; x_wconf 85' lang='lat' dir='ltr'>nostra</span> <span class='ocrx_word' id='word_1_123' title='bbox 560 1502 668 1542; x_wconf 87' lang='lat' dir='ltr'>lectio;</span> <span class='ocrx_word' id='word_1_124' title='bbox 695 1504 732 1536; x_wconf 91' lang='lat' dir='ltr'>P.</span> <span class='ocrx_word' id='word_1_125' title='bbox 757 1508 917 1546; x_wconf 79' lang='lat' dir='ltr'>spumanti</span> <span class='ocrx_word' id='word_1_126' title='bbox 941 1513 976 1538; x_wconf 75' lang='lat' dir='ltr'>ut</span> <span class='ocrx_word' id='word_1_127' title='bbox 1002 1508 1053 1544; x_wconf 84' lang='lat' dir='ltr'>in;</span> 
     </span>
     <span class='ocr_line' id='line_1_24' title="bbox 326 1547 1053 1598; baseline 0.014 -19"><span class='ocrx_word' id='word_1_128' title='bbox 326 1547 423 1581; x_wconf 83' lang='lat' dir='ltr'>Vind.</span> <span class='ocrx_word' id='word_1_129' title='bbox 447 1557 482 1583; x_wconf 90' lang='grc' dir='ltr'>Δ.</span> <span class='ocrx_word' id='word_1_130' title='bbox 502 1560 543 1584; x_wconf 89' lang='grc' dir='ltr'>Π.</span> <span class='ocrx_word' id='word_1_131' title='bbox 563 1560 598 1586; x_wconf 85' lang='grc' dir='ltr'>Σ.</span> <span class='ocrx_word' id='word_1_132' title='bbox 620 1566 765 1595; x_wconf 82' lang='lat' dir='ltr'>spumans</span> <span class='ocrx_word' id='word_1_133' title='bbox 780 1559 831 1592; x_wconf 85' lang='lat' dir='ltr'>in;</span> <span class='ocrx_word' id='word_1_134' title='bbox 860 1557 902 1588; x_wconf 92' lang='lat' dir='ltr'><strong>O.</strong></span> <span class='ocrx_word' id='word_1_135' title='bbox 921 1563 965 1588; x_wconf 79' lang='grc' dir='ltr'>Ω..</span> <span class='ocrx_word' id='word_1_136' title='bbox 981 1569 1053 1598; x_wconf 81' lang='lat' dir='ltr'>spu-</span> 
     </span>
     <span class='ocr_line' id='line_1_25' title="bbox 323 1604 1055 1648; baseline 0.01 -17"><span class='ocrx_word' id='word_1_137' title='bbox 323 1608 456 1633; x_wconf 82' lang='lat' dir='ltr'>mantes:</span> <span class='ocrx_word' id='word_1_138' title='bbox 482 1604 519 1635; x_wconf 90' lang='lat' dir='ltr'>L.</span> <span class='ocrx_word' id='word_1_139' title='bbox 537 1605 586 1636; x_wconf 88' lang='lat' dir='ltr'>M.</span> <span class='ocrx_word' id='word_1_140' title='bbox 610 1617 755 1646; x_wconf 78' lang='lat' dir='ltr'>spumans</span> <span class='ocrx_word' id='word_1_141' title='bbox 769 1608 864 1644; x_wconf 59' lang='lat' dir='ltr'>velim</span> <span class='ocrx_word' id='word_1_142' title='bbox 889 1607 972 1648; x_wconf 89' lang='lat' dir='ltr'>quod</span> <span class='ocrx_word' id='word_1_143' title='bbox 987 1619 1055 1639; x_wconf 88' lang='lat' dir='ltr'>cor-</span> 
     </span>
     <span class='ocr_line' id='line_1_26' title="bbox 323 1655 1055 1694; baseline 0.01 -12"><span class='ocrx_word' id='word_1_144' title='bbox 323 1658 477 1684; x_wconf 85' lang='lat' dir='ltr'>rectorem</span> <span class='ocrx_word' id='word_1_145' title='bbox 489 1655 581 1694; x_wconf 87' lang='lat' dir='ltr'>sapit:</span> <span class='ocrx_word' id='word_1_146' title='bbox 603 1657 688 1687; x_wconf 91' lang='lat' dir='ltr'>unde</span> <span class='ocrx_word' id='word_1_147' title='bbox 703 1657 789 1688; x_wconf 87' lang='lat' dir='ltr'>enim</span> <span class='ocrx_word' id='word_1_148' title='bbox 803 1664 963 1689; x_wconf 88' lang='lat' dir='ltr'>mutatum</span> <span class='ocrx_word' id='word_1_149' title='bbox 974 1659 1055 1689; x_wconf 89' lang='lat' dir='ltr'>irent</span> 
     </span>
     <span class='ocr_line' id='line_1_27' title="bbox 322 1705 1053 1751; baseline 0.011 -17"><span class='ocrx_word' id='word_1_150' title='bbox 322 1709 389 1735; x_wconf 83' lang='lat' dir='ltr'>tam</span> <span class='ocrx_word' id='word_1_151' title='bbox 403 1705 529 1738; x_wconf 84' lang='lat' dir='ltr'>facilem</span> <span class='ocrx_word' id='word_1_152' title='bbox 545 1714 576 1739; x_wconf 91' lang='lat' dir='ltr'>et</span> <span class='ocrx_word' id='word_1_153' title='bbox 590 1709 786 1749; x_wconf 78' lang='lat' dir='ltr'>perspicuam</span> <span class='ocrx_word' id='word_1_154' title='bbox 806 1711 992 1751; x_wconf 77' lang='lat' dir='ltr'>scripturam</span> <span class='ocrx_word' id='word_1_155' title='bbox 1007 1722 1053 1742; x_wconf 88' lang='lat' dir='ltr'>se-</span> 
     </span>
     <span class='ocr_line' id='line_1_28' title="bbox 320 1757 563 1792; baseline 0.021 -5"><span class='ocrx_word' id='word_1_156' title='bbox 320 1757 422 1789; x_wconf 82' lang='lat' dir='ltr'>riores</span> <span class='ocrx_word' id='word_1_157' title='bbox 436 1759 563 1792; x_wconf 83' lang='lat' dir='ltr'>scribae?</span> 
     </span>
    </p>

    <p class='ocr_par' dir='ltr' id='par_1_9' title="bbox 314 1809 1054 1891">
     <span class='ocr_line' id='line_1_29' title="bbox 367 1809 1054 1855; baseline 0.009 -16"><span class='ocrx_word' id='word_1_158' title='bbox 367 1809 448 1840; x_wconf 91' lang='lat' dir='ltr'>Ibid.</span> <span class='ocrx_word' id='word_1_159' title='bbox 479 1812 600 1843; x_wconf 75' lang='lat' dir='ltr'>Turbae</span> <span class='ocrx_word' id='word_1_160' title='bbox 629 1823 732 1853; x_wconf 77' lang='lat' dir='ltr'>agens.</span> <span class='ocrx_word' id='word_1_161' title='bbox 776 1813 882 1853; x_wconf 88' lang='lat' dir='ltr'>Maro,</span> <span class='ocrx_word' id='word_1_162' title='bbox 912 1825 980 1855; x_wconf 89' lang='lat' dir='ltr'>geo.</span> <span class='ocrx_word' id='word_1_163' title='bbox 1010 1814 1054 1846; x_wconf 86' lang='lat' dir='ltr'>iii.</span> 
     </span>
     <span class='ocr_line' id='line_1_30' title="bbox 314 1863 398 1891; baseline 0.012 -1"><span class='ocrx_word' id='word_1_164' title='bbox 314 1863 398 1891; x_wconf 66' lang='lat'><strong>¹412.</strong></span> 
     </span>
    </p>
   </div>
   <div class='ocr_carea' id='block_1_8' title="bbox 354 1940 980 2013">
    <p class='ocr_par' dir='ltr' id='par_1_10' title="bbox 354 1940 980 2013">
     <span class='ocr_line' id='line_1_31' title="bbox 354 1940 980 1975; baseline 0.008 -11"><span class='ocrx_word' id='word_1_165' title='bbox 354 1940 444 1971; x_wconf 85' lang='lat' dir='ltr'>Saepe,</span> <span class='ocrx_word' id='word_1_166' title='bbox 454 1940 601 1965; x_wconf 77' lang='lat' dir='ltr'>volutabris</span> <span class='ocrx_word' id='word_1_167' title='bbox 611 1941 700 1973; x_wconf 87' lang='lat' dir='ltr'>pulsos</span> <span class='ocrx_word' id='word_1_168' title='bbox 709 1942 893 1974; x_wconf 76' lang='lat' dir='ltr'>sylvestribus,</span> <span class='ocrx_word' id='word_1_169' title='bbox 903 1950 980 1975; x_wconf 84' lang='lat' dir='ltr'>apros</span> 
     </span>
     <span class='ocr_line' id='line_1_32' title="bbox 354 1980 716 2013; baseline 0.006 -9"><span class='ocrx_word' id='word_1_170' title='bbox 354 1980 467 2004; x_wconf 81' lang='lat' dir='ltr'>Latratu</span> <span class='ocrx_word' id='word_1_171' title='bbox 478 1980 591 2005; x_wconf 79' lang='lat' dir='ltr'>turbabis</span> <span class='ocrx_word' id='word_1_172' title='bbox 599 1988 716 2013; x_wconf 56' lang='grc' dir='ltr'>ομνια-η</span> 
     </span>
    </p>
   </div>
   <div class='ocr_carea' id='block_1_9' title="bbox 322 2042 1053 2189">
    <p class='ocr_par' dir='ltr' id='par_1_11' title="bbox 322 2042 1053 2189">
     <span class='ocr_line' id='line_1_33' title="bbox 367 2042 1051 2088; baseline 0.006 -14"><span class='ocrx_word' id='word_1_173' title='bbox 367 2042 450 2074; x_wconf 85' lang='lat' dir='ltr'>Ibid.</span> <span class='ocrx_word' id='word_1_174' title='bbox 466 2055 586 2085; x_wconf 81' lang='lat' dir='ltr'>aequore</span> <span class='ocrx_word' id='word_1_175' title='bbox 600 2046 677 2080; x_wconf 76' lang='lat' dir='ltr'>salso</span> <span class='ocrx_word' id='word_1_176' title='bbox 684 2059 695 2075; x_wconf 92' lang='lat'><strong>.·</strong></span> <span class='ocrx_word' id='word_1_177' title='bbox 720 2047 850 2088; x_wconf 64' lang='grc' dir='ltr'>ἁλμνρῳ,</span> <span class='ocrx_word' id='word_1_178' title='bbox 866 2046 951 2087; x_wconf 91' lang='lat' dir='ltr'>quod</span> <span class='ocrx_word' id='word_1_179' title='bbox 964 2058 1051 2078; x_wconf 80' lang='lat' dir='ltr'>ama·</span> 
     </span>
     <span class='ocr_line' id='line_1_34' title="bbox 322 2094 1053 2137; baseline 0.007 -13"><span class='ocrx_word' id='word_1_180' title='bbox 322 2104 404 2131; x_wconf 78' lang='lat' dir='ltr'>rum,</span> <span class='ocrx_word' id='word_1_181' title='bbox 426 2094 476 2124; x_wconf 88' lang='lat' dir='ltr'>vel</span> <span class='ocrx_word' id='word_1_182' title='bbox 492 2107 598 2137; x_wconf 61' lang='grc' dir='ltr'><em>πωρον,</em></span> <span class='ocrx_word' id='word_1_183' title='bbox 620 2103 794 2134; x_wconf 83' lang='lat' dir='ltr'>vocaverat,</span> <span class='ocrx_word' id='word_1_184' title='bbox 817 2097 858 2127; x_wconf 88' lang='lat' dir='ltr'>ad</span> <span class='ocrx_word' id='word_1_185' title='bbox 872 2097 906 2127; x_wconf 89' lang='lat' dir='ltr'>ii.</span> <span class='ocrx_word' id='word_1_186' title='bbox 923 2101 995 2129; x_wconf 80' lang='lat'><strong>463.</strong></span> <span class='ocrx_word' id='word_1_187' title='bbox 1018 2104 1053 2129; x_wconf 88' lang='lat' dir='ltr'>ut</span> 
     </span>
     <span class='ocr_line' id='line_1_35' title="bbox 322 2146 860 2189; baseline 0.006 -13"><span class='ocrx_word' id='word_1_188' title='bbox 322 2146 460 2186; x_wconf 86' lang='lat' dir='ltr'>explicat</span> <span class='ocrx_word' id='word_1_189' title='bbox 475 2147 642 2188; x_wconf 88' lang='lat' dir='ltr'>Virgilius,</span> <span class='ocrx_word' id='word_1_190' title='bbox 657 2158 725 2189; x_wconf 90' lang='lat' dir='ltr'>geo.</span> <span class='ocrx_word' id='word_1_191' title='bbox 741 2148 772 2179; x_wconf 88' lang='lat' dir='ltr'>ii.</span> <span class='ocrx_word' id='word_1_192' title='bbox 789 2152 860 2179; x_wconf 74' lang='lat'><strong>5258.</strong></span> 
     </span>
    </p>
   </div>
   <div class='ocr_carea' id='block_1_10' title="bbox 340 2222 1030 2258">
    <p class='ocr_par' dir='ltr' id='par_1_12' title="bbox 340 2222 1030 2258">
     <span class='ocr_line' id='line_1_36' title="bbox 340 2222 1030 2258; baseline 0.007 -11"><span class='ocrx_word' id='word_1_193' title='bbox 340 2222 414 2247; x_wconf 78' lang='lat' dir='ltr'>salsa</span> <span class='ocrx_word' id='word_1_194' title='bbox 425 2226 518 2248; x_wconf 85' lang='lat' dir='ltr'>autem</span> <span class='ocrx_word' id='word_1_195' title='bbox 530 2223 619 2254; x_wconf 82' lang='lat' dir='ltr'>tellus,</span> <span class='ocrx_word' id='word_1_196' title='bbox 630 2228 668 2254; x_wconf 85' lang='lat' dir='ltr'>et,</span> <span class='ocrx_word' id='word_1_197' title='bbox 679 2230 742 2256; x_wconf 76' lang='lat' dir='ltr'>quae</span> <span class='ocrx_word' id='word_1_198' title='bbox 753 2225 920 2258; x_wconf 77' lang='lat' dir='ltr'>perhibetur.</span> <span class='ocrx_word' id='word_1_199' title='bbox 929 2233 1030 2252; x_wconf 79' lang='lat' dir='ltr'>amara.</span> 
     </span>
    </p>
   </div>
   <div class='ocr_carea' id='block_1_11' title="bbox 325 2287 1053 2331">
    <p class='ocr_par' dir='ltr' id='par_1_13' title="bbox 325 2287 1053 2331">
     <span class='ocr_line' id='line_1_37' title="bbox 325 2287 1053 2331; baseline 0.004 -13"><span class='ocrx_word' id='word_1_200' title='bbox 325 2287 379 2318; x_wconf 90' lang='lat' dir='ltr'>De</span> <span class='ocrx_word' id='word_1_201' title='bbox 393 2287 452 2317; x_wconf 87' lang='lat' dir='ltr'>hac</span> <span class='ocrx_word' id='word_1_202' title='bbox 473 2296 507 2317; x_wconf 84' lang='lat' dir='ltr'>re</span> <span class='ocrx_word' id='word_1_203' title='bbox 524 2297 583 2318; x_wconf 87' lang='lat' dir='ltr'>nos</span> <span class='ocrx_word' id='word_1_204' title='bbox 598 2287 702 2318; x_wconf 86' lang='lat' dir='ltr'>videas</span> <span class='ocrx_word' id='word_1_205' title='bbox 715 2288 756 2319; x_wconf 85' lang='lat' dir='ltr'>ad</span> <span class='ocrx_word' id='word_1_206' title='bbox 780 2289 853 2320; x_wconf 86' lang='lat' dir='ltr'>Silv.</span> <span class='ocrx_word' id='word_1_207' title='bbox 872 2290 947 2322; x_wconf 82' lang='lat' dir='ltr'>Crit.</span> <span class='ocrx_word' id='word_1_208' title='bbox 962 2291 1004 2322; x_wconf 89' lang='lat' dir='ltr'>iv.</span> <span class='ocrx_word' id='word_1_209' title='bbox 1025 2301 1053 2331; x_wconf 91' lang='lat' dir='ltr'>p.</span> 
     </span>
    </p>
   </div>
   <div class='ocr_carea' id='block_1_12' title="bbox 325 2339 1057 2378">
    <p class='ocr_par' dir='ltr' id='par_1_14' title="bbox 325 2339 1057 2378">
     <span class='ocr_line' id='line_1_38' title="bbox 325 2339 1057 2378; baseline 0.005 -8"><span class='ocrx_word' id='word_1_210' title='bbox 325 2342 398 2370; x_wconf 82' lang='lat'><strong>234.</strong></span> <span class='ocrx_word' id='word_1_211' title='bbox 420 2349 451 2369; x_wconf 89' lang='lat' dir='ltr'><strong>v.</strong></span> <span class='ocrx_word' id='word_1_212' title='bbox 463 2349 492 2378; x_wconf 88' lang='lat' dir='ltr'>p.</span> <span class='ocrx_word' id='word_1_213' title='bbox 511 2341 580 2370; x_wconf 86' lang='lat'><strong>155.</strong></span> <span class='ocrx_word' id='word_1_214' title='bbox 606 2339 783 2371; x_wconf 89' lang='lat' dir='ltr'>Columella</span> <span class='ocrx_word' id='word_1_215' title='bbox 798 2340 838 2372; x_wconf 92' lang='lat' dir='ltr'>de</span> <span class='ocrx_word' id='word_1_216' title='bbox 853 2351 886 2372; x_wconf 88' lang='lat' dir='ltr'>re</span> <span class='ocrx_word' id='word_1_217' title='bbox 901 2348 978 2373; x_wconf 84' lang='lat' dir='ltr'>rust.</span> <span class='ocrx_word' id='word_1_218' title='bbox 992 2342 1012 2373; x_wconf 87' lang='lat' dir='ltr'>i.</span> <span class='ocrx_word' id='word_1_219' title='bbox 1028 2345 1057 2374; x_wconf 88' lang='lat'>5.</span> 
     </span>
    </p>
   </div>
   <div class='ocr_carea' id='block_1_13' title="bbox 323 2389 1055 2903">
    <p class='ocr_par' dir='ltr' id='par_1_15' title="bbox 323 2389 1055 2790">
     <span class='ocr_line' id='line_1_39' title="bbox 327 2389 1052 2435; baseline 0.006 -14"><span class='ocrx_word' id='word_1_220' title='bbox 327 2394 357 2421; x_wconf 93' lang='lat'><strong>1.</strong></span> <span class='ocrx_word' id='word_1_221' title='bbox 394 2393 417 2408; x_wconf 90' lang='lat'>“</span> <span class='ocrx_word' id='word_1_222' title='bbox 436 2389 468 2420; x_wconf 89' lang='lat' dir='ltr'>Si</span> <span class='ocrx_word' id='word_1_223' title='bbox 479 2389 579 2420; x_wconf 85' lang='lat' dir='ltr'>deerit</span> <span class='ocrx_word' id='word_1_224' title='bbox 593 2389 694 2422; x_wconf 85' lang='lat' dir='ltr'>fluens</span> <span class='ocrx_word' id='word_1_225' title='bbox 709 2391 805 2429; x_wconf 87' lang='lat' dir='ltr'>unda,</span> <span class='ocrx_word' id='word_1_226' title='bbox 820 2393 953 2432; x_wconf 81' lang='lat' dir='ltr'>putealis</span> <span class='ocrx_word' id='word_1_227' title='bbox 967 2404 1052 2435; x_wconf 86' lang='lat' dir='ltr'>quae-</span> 
     </span>
     <span class='ocr_line' id='line_1_40' title="bbox 325 2441 1054 2484; baseline 0.008 -13"><span class='ocrx_word' id='word_1_228' title='bbox 325 2445 349 2460; x_wconf 89' lang='grc'>“</span> <span class='ocrx_word' id='word_1_229' title='bbox 365 2447 452 2472; x_wconf 88' lang='lat' dir='ltr'>ratur</span> <span class='ocrx_word' id='word_1_230' title='bbox 473 2441 508 2472; x_wconf 91' lang='lat' dir='ltr'>in</span> <span class='ocrx_word' id='word_1_231' title='bbox 532 2441 644 2479; x_wconf 83' lang='lat' dir='ltr'>vicino,</span> <span class='ocrx_word' id='word_1_232' title='bbox 675 2453 745 2484; x_wconf 87' lang='lat' dir='ltr'>quae</span> <span class='ocrx_word' id='word_1_233' title='bbox 771 2454 835 2475; x_wconf 90' lang='lat' dir='ltr'>non</span> <span class='ocrx_word' id='word_1_234' title='bbox 861 2445 902 2476; x_wconf 85' lang='lat' dir='ltr'>sit</span> <span class='ocrx_word' id='word_1_235' title='bbox 924 2446 1054 2477; x_wconf 66' lang='lat' dir='ltr'>haustus</span> 
     </span>
     <span class='ocr_line' id='line_1_41' title="bbox 328 2493 1052 2537; baseline 0.011 -15"><span class='ocrx_word' id='word_1_236' title='bbox 328 2497 352 2513; x_wconf 89' lang='lat'><strong>“</strong></span> <span class='ocrx_word' id='word_1_237' title='bbox 367 2493 528 2534; x_wconf 85' lang='lat' dir='ltr'>profundi,</span> <span class='ocrx_word' id='word_1_238' title='bbox 544 2504 610 2525; x_wconf 85' lang='lat' dir='ltr'>non</span> <span class='ocrx_word' id='word_1_239' title='bbox 624 2498 728 2526; x_wconf 83' lang='lat' dir='ltr'>amari</span> <span class='ocrx_word' id='word_1_240' title='bbox 741 2497 870 2537; x_wconf 87' lang='lat' dir='ltr'>saporis,</span> <span class='ocrx_word' id='word_1_241' title='bbox 883 2505 938 2529; x_wconf 80' lang='lat' dir='ltr'>aut</span> <span class='ocrx_word' id='word_1_242' title='bbox 953 2497 1052 2530; x_wconf 74' lang='lat' dir='ltr'>salsi-¹⁸</span> 
     </span>
     <span class='ocr_line' id='line_1_42' title="bbox 327 2544 1053 2591; baseline 0.008 -16"><span class='ocrx_word' id='word_1_243' title='bbox 327 2544 394 2575; x_wconf 93' lang='lat' dir='ltr'>Ubi</span> <span class='ocrx_word' id='word_1_244' title='bbox 416 2545 488 2576; x_wconf 88' lang='lat' dir='ltr'>duae</span> <span class='ocrx_word' id='word_1_245' title='bbox 509 2556 598 2577; x_wconf 78' lang='lat' dir='ltr'>voces</span> <span class='ocrx_word' id='word_1_246' title='bbox 613 2553 775 2586; x_wconf 83' lang='lat' dir='ltr'>postremae</span> <span class='ocrx_word' id='word_1_247' title='bbox 797 2559 834 2580; x_wconf 87' lang='lat' dir='ltr'>ex</span> <span class='ocrx_word' id='word_1_248' title='bbox 854 2550 997 2591; x_wconf 75' lang='lat' dir='ltr'>margine</span> <span class='ocrx_word' id='word_1_249' title='bbox 1011 2551 1053 2580; x_wconf 88' lang='lat' dir='ltr'>ir-</span> 
     </span>
     <span class='ocr_line' id='line_1_43' title="bbox 325 2597 1055 2634; baseline 0.01 -9"><span class='ocrx_word' id='word_1_250' title='bbox 325 2603 499 2634; x_wconf 86' lang='lat' dir='ltr'>repserunt,</span> <span class='ocrx_word' id='word_1_251' title='bbox 529 2603 560 2627; x_wconf 86' lang='lat' dir='ltr'>et</span> <span class='ocrx_word' id='word_1_252' title='bbox 591 2597 777 2630; x_wconf 83' lang='lat' dir='ltr'>inducendae</span> <span class='ocrx_word' id='word_1_253' title='bbox 805 2606 887 2631; x_wconf 88' lang='lat' dir='ltr'>sunt.</span> <span class='ocrx_word' id='word_1_254' title='bbox 941 2601 1055 2632; x_wconf 78' lang='lat' dir='ltr'>Obstat</span> 
     </span>
     <span class='ocr_line' id='line_1_44' title="bbox 323 2646 1054 2684; baseline 0.01 -7"><span class='ocrx_word' id='word_1_255' title='bbox 323 2646 412 2677; x_wconf 87' lang='lat' dir='ltr'>idem</span> <span class='ocrx_word' id='word_1_256' title='bbox 426 2654 531 2679; x_wconf 89' lang='lat' dir='ltr'>tamen</span> <span class='ocrx_word' id='word_1_257' title='bbox 547 2649 587 2680; x_wconf 90' lang='lat' dir='ltr'>ad</span> <span class='ocrx_word' id='word_1_258' title='bbox 601 2650 644 2680; x_wconf 85' lang='lat' dir='ltr'>iii.</span> <span class='ocrx_word' id='word_1_259' title='bbox 663 2654 689 2682; x_wconf 90' lang='lat' dir='ltr'>l.</span> <span class='ocrx_word' id='word_1_260' title='bbox 706 2655 735 2683; x_wconf 88' lang='grc'>9.</span> <span class='ocrx_word' id='word_1_261' title='bbox 756 2651 834 2683; x_wconf 86' lang='lat' dir='ltr'>adeo</span> <span class='ocrx_word' id='word_1_262' title='bbox 849 2658 886 2683; x_wconf 90' lang='lat' dir='ltr'>ut</span> <span class='ocrx_word' id='word_1_263' title='bbox 899 2652 1005 2684; x_wconf 87' lang='lat' dir='ltr'>Latini</span> <span class='ocrx_word' id='word_1_264' title='bbox 1021 2653 1054 2684; x_wconf 91' lang='lat' dir='ltr'>in</span> 
     </span>
     <span class='ocr_line' id='line_1_45' title="bbox 323 2698 1052 2741; baseline 0.012 -13"><span class='ocrx_word' id='word_1_265' title='bbox 323 2698 384 2729; x_wconf 85' lang='lat' dir='ltr'>hac</span> <span class='ocrx_word' id='word_1_266' title='bbox 399 2709 432 2729; x_wconf 88' lang='lat' dir='ltr'>re</span> <span class='ocrx_word' id='word_1_267' title='bbox 446 2699 668 2741; x_wconf 77' lang='lat' dir='ltr'>inconstantes,</span> <span class='ocrx_word' id='word_1_268' title='bbox 688 2709 743 2734; x_wconf 83' lang='lat' dir='ltr'>aut</span> <span class='ocrx_word' id='word_1_269' title='bbox 756 2704 867 2736; x_wconf 84' lang='lat' dir='ltr'>saltem</span> <span class='ocrx_word' id='word_1_270' title='bbox 881 2705 988 2736; x_wconf 89' lang='lat' dir='ltr'>minus</span> <span class='ocrx_word' id='word_1_271' title='bbox 1001 2715 1052 2737; x_wconf 87' lang='lat' dir='ltr'>ac-</span> 
     </span>
     <span class='ocr_line' id='line_1_46' title="bbox 325 2752 624 2790; baseline 0.01 -8"><span class='ocrx_word' id='word_1_272' title='bbox 325 2752 435 2790; x_wconf 86' lang='lat' dir='ltr'>curati,</span> <span class='ocrx_word' id='word_1_273' title='bbox 453 2753 624 2785; x_wconf 85' lang='lat' dir='ltr'>videantur.</span> 
     </span>
    </p>

    <p class='ocr_par' dir='ltr' id='par_1_16' title="bbox 325 2803 1050 2903">
     <span class='ocr_line' id='line_1_47' title="bbox 368 2803 1050 2849; baseline 0.009 -15"><span class='ocrx_word' id='word_1_274' title='bbox 368 2803 450 2835; x_wconf 91' lang='lat' dir='ltr'>Ibid.</span> <span class='ocrx_word' id='word_1_275' title='bbox 473 2816 592 2846; x_wconf 72' lang='lat' dir='ltr'>&lt;equore</span> <span class='ocrx_word' id='word_1_276' title='bbox 614 2809 723 2839; x_wconf 81' lang='lat' dir='ltr'>undae:</span> <span class='ocrx_word' id='word_1_277' title='bbox 758 2809 779 2839; x_wconf 94' lang='lat' dir='ltr'>i.</span> <span class='ocrx_word' id='word_1_278' title='bbox 798 2819 825 2839; x_wconf 91' lang='lat' dir='ltr'>e.</span> <span class='ocrx_word' id='word_1_279' title='bbox 852 2813 874 2828; x_wconf 82' lang='lat'>‘¹</span> <span class='ocrx_word' id='word_1_280' title='bbox 889 2808 1050 2849; x_wconf 82' lang='lat' dir='ltr'>superficie</span> 
     </span>
     <span class='ocr_line' id='line_1_48' title="bbox 325 2855 1048 2903; baseline 0.01 -17"><span class='ocrx_word' id='word_1_281' title='bbox 325 2857 348 2875; x_wconf 85' lang='lat'><strong>“</strong></span> <span class='ocrx_word' id='word_1_282' title='bbox 363 2855 495 2896; x_wconf 63' lang='grc' dir='ltr'>ιιιιάεςη</span> <span class='ocrx_word' id='word_1_283' title='bbox 530 2863 566 2888; x_wconf 83' lang='lat' dir='ltr'>ut</span> <span class='ocrx_word' id='word_1_284' title='bbox 591 2859 707 2898; x_wconf 80' lang='lat' dir='ltr'>passim</span> <span class='ocrx_word' id='word_1_285' title='bbox 744 2863 766 2879; x_wconf 88' lang='lat'><strong>“</strong></span> <span class='ocrx_word' id='word_1_286' title='bbox 789 2870 895 2903; x_wconf 87' lang='lat' dir='ltr'>aequor</span> <span class='ocrx_word' id='word_1_287' title='bbox 922 2861 1048 2893; x_wconf 61' lang='lat' dir='ltr'>maris!¹</span> 
     </span>
    </p>
   </div>
   <div class='ocr_carea' id='block_1_14' title="bbox 1097 669 1847 1173">
    <p class='ocr_par' dir='ltr' id='par_1_17' title="bbox 1098 669 1845 863">
     <span class='ocr_line' id='line_1_49' title="bbox 1102 669 1826 709; baseline 0 -9"><span class='ocrx_word' id='word_1_288' title='bbox 1102 669 1229 700; x_wconf 87' lang='lat' dir='ltr'>Phrasis</span> <span class='ocrx_word' id='word_1_289' title='bbox 1257 674 1364 699; x_wconf 87' lang='lat' dir='ltr'>autem</span> <span class='ocrx_word' id='word_1_290' title='bbox 1391 678 1512 709; x_wconf 83' lang='lat' dir='ltr'>oequore</span> <span class='ocrx_word' id='word_1_291' title='bbox 1537 669 1615 699; x_wconf 73' lang='lat' dir='ltr'>salso</span> <span class='ocrx_word' id='word_1_292' title='bbox 1639 669 1732 699; x_wconf 78' lang='lat' dir='ltr'>undae</span> <span class='ocrx_word' id='word_1_293' title='bbox 1756 677 1826 700; x_wconf 72' lang='lat' dir='ltr'>vere</span> 
     </span>
     <span class='ocr_line' id='line_1_50' title="bbox 1100 721 1823 760; baseline -0.001 -8"><span class='ocrx_word' id='word_1_294' title='bbox 1100 721 1288 752; x_wconf 82' lang='lat' dir='ltr'>Lucretiana</span> <span class='ocrx_word' id='word_1_295' title='bbox 1302 726 1359 757; x_wconf 90' lang='lat' dir='ltr'>est,</span> <span class='ocrx_word' id='word_1_296' title='bbox 1389 729 1446 759; x_wconf 84' lang='lat' dir='ltr'>pro</span> <span class='ocrx_word' id='word_1_297' title='bbox 1470 730 1590 760; x_wconf 81' lang='lat' dir='ltr'>oequorc</span> <span class='ocrx_word' id='word_1_298' title='bbox 1611 721 1699 750; x_wconf 80' lang='lat' dir='ltr'>salsae</span> <span class='ocrx_word' id='word_1_299' title='bbox 1715 721 1823 751; x_wconf 81' lang='lat' dir='ltr'>undae:</span> 
     </span>
     <span class='ocr_line' id='line_1_51' title="bbox 1099 771 1845 814; baseline -0.001 -10"><span class='ocrx_word' id='word_1_300' title='bbox 1099 773 1139 804; x_wconf 92' lang='lat' dir='ltr'>de</span> <span class='ocrx_word' id='word_1_301' title='bbox 1153 783 1216 814; x_wconf 92' lang='lat' dir='ltr'>quo</span> <span class='ocrx_word' id='word_1_302' title='bbox 1231 783 1345 814; x_wconf 87' lang='lat' dir='ltr'>genere</span> <span class='ocrx_word' id='word_1_303' title='bbox 1366 771 1501 808; x_wconf 89' lang='lat' dir='ltr'>dicendi,</span> <span class='ocrx_word' id='word_1_304' title='bbox 1526 781 1583 802; x_wconf 79' lang='lat' dir='ltr'>nes</span> <span class='ocrx_word' id='word_1_305' title='bbox 1602 771 1642 802; x_wconf 86' lang='lat' dir='ltr'>ad</span> <span class='ocrx_word' id='word_1_306' title='bbox 1667 771 1687 802; x_wconf 87' lang='lat' dir='ltr'>i.</span> <span class='ocrx_word' id='word_1_307' title='bbox 1702 774 1775 803; x_wconf 82' lang='lat'><strong>475.</strong></span> <span class='ocrx_word' id='word_1_308' title='bbox 1797 771 1845 803; x_wconf 60' lang='lat' dir='ltr'>ef</span> 
     </span>
     <span class='ocr_line' id='line_1_52' title="bbox 1098 823 1314 863; baseline 0 -9"><span class='ocrx_word' id='word_1_309' title='bbox 1098 823 1173 855; x_wconf 83' lang='lat' dir='ltr'>alibi</span> <span class='ocrx_word' id='word_1_310' title='bbox 1192 824 1314 863; x_wconf 84' lang='lat' dir='ltr'>saepius.</span> 
     </span>
    </p>

    <p class='ocr_par' dir='ltr' id='par_1_18' title="bbox 1097 883 1847 1173">
     <span class='ocr_line' id='line_1_53' title="bbox 1143 883 1830 926; baseline -0.003 -11"><span class='ocrx_word' id='word_1_311' title='bbox 1143 885 1217 916; x_wconf 86' lang='lat' dir='ltr'>Ver.</span> <span class='ocrx_word' id='word_1_312' title='bbox 1233 888 1305 917; x_wconf 83' lang='lat'><strong>493.</strong></span> <span class='ocrx_word' id='word_1_313' title='bbox 1318 885 1496 926; x_wconf 80' lang='lat' dir='ltr'>fervescunt</span> <span class='ocrx_word' id='word_1_314' title='bbox 1517 885 1628 914; x_wconf 80' lang='lat' dir='ltr'>undae:</span> <span class='ocrx_word' id='word_1_315' title='bbox 1653 883 1698 914; x_wconf 86' lang='lat' dir='ltr'>sic</span> <span class='ocrx_word' id='word_1_316' title='bbox 1719 892 1830 914; x_wconf 74' lang='lat' dir='ltr'>omnes</span> 
     </span>
     <span class='ocr_line' id='line_1_54' title="bbox 1097 934 1830 978; baseline -0.003 -10"><span class='ocrx_word' id='word_1_317' title='bbox 1097 936 1186 974; x_wconf 83' lang='lat' dir='ltr'>libri;</span> <span class='ocrx_word' id='word_1_318' title='bbox 1211 937 1301 978; x_wconf 87' lang='lat' dir='ltr'>(nam</span> <span class='ocrx_word' id='word_1_319' title='bbox 1314 937 1356 967; x_wconf 91' lang='lat' dir='ltr'>V.</span> <span class='ocrx_word' id='word_1_320' title='bbox 1374 936 1421 967; x_wconf 87' lang='lat' dir='ltr'>ed.</span> <span class='ocrx_word' id='word_1_321' title='bbox 1437 935 1632 976; x_wconf 83' lang='lat' dir='ltr'>corruptelae,</span> <span class='ocrx_word' id='word_1_322' title='bbox 1646 934 1830 977; x_wconf 70' lang='lat' dir='ltr'>fieri-escum</span> 
     </span>
     <span class='ocr_line' id='line_1_55' title="bbox 1098 986 1830 1028; baseline -0.003 -9"><span class='ocrx_word' id='word_1_323' title='bbox 1098 991 1192 1026; x_wconf 81' lang='lat' dir='ltr'>unde,</span> <span class='ocrx_word' id='word_1_324' title='bbox 1208 997 1295 1019; x_wconf 82' lang='lat' dir='ltr'>mera</span> <span class='ocrx_word' id='word_1_325' title='bbox 1308 994 1382 1019; x_wconf 87' lang='lat' dir='ltr'>sunt</span> <span class='ocrx_word' id='word_1_326' title='bbox 1396 998 1562 1028; x_wconf 86' lang='lat' dir='ltr'>operarum</span> <span class='ocrx_word' id='word_1_327' title='bbox 1577 987 1662 1024; x_wconf 79' lang='lat' dir='ltr'>vitia,</span> <span class='ocrx_word' id='word_1_328' title='bbox 1677 986 1726 1018; x_wconf 88' lang='lat' dir='ltr'>vel</span> <span class='ocrx_word' id='word_1_329' title='bbox 1740 992 1830 1027; x_wconf 81' lang='lat' dir='ltr'>typo-</span> 
     </span>
     <span class='ocr_line' id='line_1_56' title="bbox 1099 1036 1831 1081; baseline -0.001 -11"><span class='ocrx_word' id='word_1_330' title='bbox 1099 1039 1210 1081; x_wconf 83' lang='lat' dir='ltr'>graphi</span> <span class='ocrx_word' id='word_1_331' title='bbox 1238 1040 1444 1081; x_wconf 84' lang='lat' dir='ltr'>eaecutientis)</span> <span class='ocrx_word' id='word_1_332' title='bbox 1473 1049 1655 1081; x_wconf 79' lang='lat' dir='ltr'>quanquam</span> <span class='ocrx_word' id='word_1_333' title='bbox 1691 1038 1753 1069; x_wconf 83' lang='lat' dir='ltr'>alia</span> <span class='ocrx_word' id='word_1_334' title='bbox 1788 1036 1831 1069; x_wconf 79' lang='lat' dir='ltr'>ad</span> 
     </span>
     <span class='ocr_line' id='line_1_57' title="bbox 1100 1088 1847 1131; baseline -0.001 -10"><span class='ocrx_word' id='word_1_335' title='bbox 1100 1101 1195 1121; x_wconf 91' lang='lat' dir='ltr'>suum</span> <span class='ocrx_word' id='word_1_336' title='bbox 1208 1096 1338 1131; x_wconf 85' lang='lat' dir='ltr'>gustum</span> <span class='ocrx_word' id='word_1_337' title='bbox 1353 1090 1569 1121; x_wconf 73' lang='lat' dir='ltr'>commentitia</span> <span class='ocrx_word' id='word_1_338' title='bbox 1583 1090 1651 1121; x_wconf 83' lang='lat' dir='ltr'>ausi</span> <span class='ocrx_word' id='word_1_339' title='bbox 1675 1089 1739 1120; x_wconf 80' lang='lat' dir='ltr'>sint</span> <span class='ocrx_word' id='word_1_340' title='bbox 1761 1088 1829 1120; x_wconf 88' lang='lat' dir='ltr'>edi-</span> <span class='ocrx_word' id='word_1_341' title='bbox 1845 1099 1847 1101; x_wconf 69' lang='grc'><strong><em>’</em></strong></span> 
     </span>
     <span class='ocr_line' id='line_1_58' title="bbox 1098 1141 1483 1173; baseline -0.003 0"><span class='ocrx_word' id='word_1_342' title='bbox 1098 1148 1180 1173; x_wconf 64' lang='lat' dir='ltr'>tores</span> <span class='ocrx_word' id='word_1_343' title='bbox 1193 1149 1315 1172; x_wconf 83' lang='lat' dir='ltr'>recocta</span> <span class='ocrx_word' id='word_1_344' title='bbox 1329 1141 1483 1172; x_wconf 84' lang='lat' dir='ltr'>exhibere.</span> 
     </span>
    </p>
   </div>
   <div class='ocr_carea' id='block_1_15' title="bbox 1096 1201 1883 2438">
    <p class='ocr_par' dir='ltr' id='par_1_19' title="bbox 1096 1201 1883 2438">
     <span class='ocr_line' id='line_1_59' title="bbox 1143 1201 1830 1244; baseline -0.001 -11"><span class='ocrx_word' id='word_1_345' title='bbox 1143 1201 1428 1244; x_wconf 69' lang='lat' dir='ltr'>Ibidfirvescunt:</span> <span class='ocrx_word' id='word_1_346' title='bbox 1446 1201 1597 1234; x_wconf 80' lang='lat' dir='ltr'>comitiali</span> <span class='ocrx_word' id='word_1_347' title='bbox 1613 1201 1732 1234; x_wconf 84' lang='lat' dir='ltr'>scilicet</span> <span class='ocrx_word' id='word_1_348' title='bbox 1745 1211 1830 1233; x_wconf 81' lang='lat' dir='ltr'>mm·-</span> 
     </span>
     <span class='ocr_line' id='line_1_60' title="bbox 1098 1253 1832 1293; baseline -0.001 -9"><span class='ocrx_word' id='word_1_349' title='bbox 1098 1254 1139 1284; x_wconf 88' lang='lat' dir='ltr'>bo</span> <span class='ocrx_word' id='word_1_350' title='bbox 1158 1253 1298 1293; x_wconf 87' lang='lat' dir='ltr'>correpti.</span> <span class='ocrx_word' id='word_1_351' title='bbox 1343 1253 1388 1283; x_wconf 84' lang='lat' dir='ltr'>Et</span> <span class='ocrx_word' id='word_1_352' title='bbox 1414 1253 1492 1284; x_wconf 89' lang='lat' dir='ltr'>ordo</span> <span class='ocrx_word' id='word_1_353' title='bbox 1517 1259 1576 1284; x_wconf 86' lang='lat' dir='ltr'>est:</span> <span class='ocrx_word' id='word_1_354' title='bbox 1603 1256 1625 1272; x_wconf 89' lang='lat'><strong>“</strong></span> <span class='ocrx_word' id='word_1_355' title='bbox 1640 1254 1832 1285; x_wconf 83' lang='lat' dir='ltr'>Fervescunt.</span> 
     </span>
     <span class='ocr_line' id='line_1_61' title="bbox 1099 1304 1830 1346; baseline 0 -11"><span class='ocrx_word' id='word_1_356' title='bbox 1099 1309 1121 1323; x_wconf 91' lang='lat'>“</span> <span class='ocrx_word' id='word_1_357' title='bbox 1135 1305 1170 1334; x_wconf 90' lang='lat' dir='ltr'>in</span> <span class='ocrx_word' id='word_1_358' title='bbox 1186 1315 1309 1346; x_wconf 83' lang='lat' dir='ltr'>aequore</span> <span class='ocrx_word' id='word_1_359' title='bbox 1325 1304 1405 1335; x_wconf 84' lang='lat' dir='ltr'>salso</span> <span class='ocrx_word' id='word_1_360' title='bbox 1425 1314 1526 1345; x_wconf 82' lang='lat' dir='ltr'>aqnae,</span> <span class='ocrx_word' id='word_1_361' title='bbox 1552 1305 1729 1344; x_wconf 81' lang='lat' dir='ltr'>spumantis</span> <span class='ocrx_word' id='word_1_362' title='bbox 1752 1304 1830 1335; x_wconf 81' lang='lat' dir='ltr'>vali-</span> 
     </span>
     <span class='ocr_line' id='line_1_62' title="bbox 1100 1355 1864 1393; baseline -0.001 -6"><span class='ocrx_word' id='word_1_363' title='bbox 1100 1361 1121 1374; x_wconf 88' lang='lat'><strong>“</strong></span> <span class='ocrx_word' id='word_1_364' title='bbox 1137 1356 1185 1387; x_wconf 91' lang='lat' dir='ltr'>dis</span> <span class='ocrx_word' id='word_1_365' title='bbox 1200 1357 1316 1387; x_wconf 85' lang='lat' dir='ltr'>viribus</span> <span class='ocrx_word' id='word_1_366' title='bbox 1342 1355 1552 1387; x_wconf 84' lang='lat' dir='ltr'>ventorum:”</span> <span class='ocrx_word' id='word_1_367' title='bbox 1574 1356 1693 1388; x_wconf 65' lang='lat' dir='ltr'>omimo</span> <span class='ocrx_word' id='word_1_368' title='bbox 1710 1363 1757 1393; x_wconf 80' lang='lat' dir='ltr'>ut,</span> <span class='ocrx_word' id='word_1_369' title='bbox 1781 1355 1832 1387; x_wconf 89' lang='lat' dir='ltr'>vel</span> <span class='ocrx_word' id='word_1_370' title='bbox 1860 1366 1864 1377; x_wconf 45' lang='grc' dir='ltr'>Ξ</span> 
     </span>
     <span class='ocr_line' id='line_1_63' title="bbox 1099 1409 1830 1452; baseline -0.003 -9"><span class='ocrx_word' id='word_1_371' title='bbox 1099 1413 1202 1452; x_wconf 80' lang='lat' dir='ltr'>quasi,</span> <span class='ocrx_word' id='word_1_372' title='bbox 1217 1411 1257 1442; x_wconf 84' lang='lat' dir='ltr'>ad</span> <span class='ocrx_word' id='word_1_373' title='bbox 1268 1421 1390 1442; x_wconf 89' lang='lat' dir='ltr'>morem</span> <span class='ocrx_word' id='word_1_374' title='bbox 1401 1411 1617 1442; x_wconf 82' lang='lat' dir='ltr'>animosorum</span> <span class='ocrx_word' id='word_1_375' title='bbox 1632 1409 1830 1450; x_wconf 74' lang='lat' dir='ltr'>scripwmm,</span> 
     </span>
     <span class='ocr_line' id='line_1_64' title="bbox 1099 1462 1831 1509; baseline -0.001 -15"><span class='ocrx_word' id='word_1_376' title='bbox 1099 1473 1167 1494; x_wconf 87' lang='lat' dir='ltr'>rem</span> <span class='ocrx_word' id='word_1_377' title='bbox 1182 1463 1320 1504; x_wconf 85' lang='lat' dir='ltr'>aliquam</span> <span class='ocrx_word' id='word_1_378' title='bbox 1335 1463 1448 1494; x_wconf 82' lang='lat' dir='ltr'>fortius</span> <span class='ocrx_word' id='word_1_379' title='bbox 1469 1469 1501 1494; x_wconf 87' lang='lat' dir='ltr'>et</span> <span class='ocrx_word' id='word_1_380' title='bbox 1514 1462 1647 1494; x_wconf 83' lang='lat' dir='ltr'>vividius</span> <span class='ocrx_word' id='word_1_381' title='bbox 1661 1462 1831 1509; x_wconf 79' lang='lat' dir='ltr'>depingere</span> 
     </span>
     <span class='ocr_line' id='line_1_65' title="bbox 1097 1514 1831 1557; baseline -0.001 -11"><span class='ocrx_word' id='word_1_382' title='bbox 1097 1515 1284 1554; x_wconf 85' lang='lat' dir='ltr'>volentium,</span> <span class='ocrx_word' id='word_1_383' title='bbox 1314 1515 1612 1557; x_wconf 83' lang='lat' dir='ltr'>translationemque</span> <span class='ocrx_word' id='word_1_384' title='bbox 1633 1514 1831 1546; x_wconf 73' lang='lat' dir='ltr'>subitaneam</span> 
     </span>
     <span class='ocr_line' id='line_1_66' title="bbox 1098 1565 1830 1608; baseline 0 -11"><span class='ocrx_word' id='word_1_385' title='bbox 1098 1566 1298 1598; x_wconf 89' lang='lat' dir='ltr'>similitudini</span> <span class='ocrx_word' id='word_1_386' title='bbox 1304 1566 1709 1608; x_wconf 78' lang='lat' dir='ltr'>dispositaepraeferentium.</span> <span class='ocrx_word' id='word_1_387' title='bbox 1725 1565 1830 1602; x_wconf 82' lang='lat' dir='ltr'>Quin-</span> 
     </span>
     <span class='ocr_line' id='line_1_67' title="bbox 1098 1617 1830 1658; baseline -0.001 -9"><span class='ocrx_word' id='word_1_388' title='bbox 1098 1618 1238 1657; x_wconf 82' lang='lat' dir='ltr'>tilianus,</span> <span class='ocrx_word' id='word_1_389' title='bbox 1253 1618 1338 1649; x_wconf 80' lang='lat' dir='ltr'>instt.</span> <span class='ocrx_word' id='word_1_390' title='bbox 1349 1624 1425 1650; x_wconf 85' lang='lat' dir='ltr'>orat.</span> <span class='ocrx_word' id='word_1_391' title='bbox 1441 1618 1481 1650; x_wconf 86' lang='lat' dir='ltr'>de</span> <span class='ocrx_word' id='word_1_392' title='bbox 1495 1618 1605 1658; x_wconf 85' lang='lat' dir='ltr'>tropis,</span> <span class='ocrx_word' id='word_1_393' title='bbox 1619 1617 1685 1649; x_wconf 83' lang='lat' dir='ltr'>viii.</span> <span class='ocrx_word' id='word_1_394' title='bbox 1699 1622 1729 1650; x_wconf 87' lang='grc'>6.</span> <span class='ocrx_word' id='word_1_395' title='bbox 1752 1621 1774 1637; x_wconf 88' lang='grc'><strong>“</strong></span> <span class='ocrx_word' id='word_1_396' title='bbox 1788 1617 1830 1648; x_wconf 89' lang='lat' dir='ltr'>In</span> 
     </span>
     <span class='ocr_line' id='line_1_68' title="bbox 1099 1669 1831 1711; baseline 0 -11"><span class='ocrx_word' id='word_1_397' title='bbox 1099 1672 1122 1688; x_wconf 90' lang='lat'>“</span> <span class='ocrx_word' id='word_1_398' title='bbox 1138 1675 1241 1700; x_wconf 87' lang='lat' dir='ltr'>totum</span> <span class='ocrx_word' id='word_1_399' title='bbox 1270 1675 1378 1700; x_wconf 85' lang='lat' dir='ltr'>autem</span> <span class='ocrx_word' id='word_1_400' title='bbox 1406 1671 1590 1711; x_wconf 78' lang='lat' dir='ltr'>metaphora</span> <span class='ocrx_word' id='word_1_401' title='bbox 1620 1669 1744 1701; x_wconf 84' lang='lat' dir='ltr'>brevior</span> <span class='ocrx_word' id='word_1_402' title='bbox 1771 1675 1831 1708; x_wconf 65' lang='lat' dir='ltr'>est,</span> 
     </span>
     <span class='ocr_line' id='line_1_69' title="bbox 1099 1720 1831 1764; baseline 0 -12"><span class='ocrx_word' id='word_1_403' title='bbox 1099 1724 1122 1740; x_wconf 92' lang='lat'>“</span> <span class='ocrx_word' id='word_1_404' title='bbox 1138 1731 1234 1762; x_wconf 83' lang='lat' dir='ltr'>quam</span> <span class='ocrx_word' id='word_1_405' title='bbox 1256 1722 1450 1761; x_wconf 78' lang='lat' dir='ltr'>similitudo3</span> <span class='ocrx_word' id='word_1_406' title='bbox 1482 1733 1583 1764; x_wconf 89' lang='lat' dir='ltr'>eoque</span> <span class='ocrx_word' id='word_1_407' title='bbox 1612 1722 1716 1759; x_wconf 65' lang='lat' dir='ltr'>distat,</span> <span class='ocrx_word' id='word_1_408' title='bbox 1746 1720 1831 1763; x_wconf 83' lang='lat' dir='ltr'>quod</span> 
     </span>
     <span class='ocr_line' id='line_1_70' title="bbox 1100 1773 1830 1815; baseline 0.001 -11"><span class='ocrx_word' id='word_1_409' title='bbox 1100 1777 1122 1792; x_wconf 88' lang='lat'>“</span> <span class='ocrx_word' id='word_1_410' title='bbox 1139 1773 1194 1804; x_wconf 85' lang='lat' dir='ltr'>illa</span> <span class='ocrx_word' id='word_1_411' title='bbox 1208 1780 1407 1813; x_wconf 82' lang='lat' dir='ltr'>comparatur</span> <span class='ocrx_word' id='word_1_412' title='bbox 1422 1775 1480 1813; x_wconf 85' lang='lat' dir='ltr'>rei,</span> <span class='ocrx_word' id='word_1_413' title='bbox 1502 1785 1600 1815; x_wconf 84' lang='lat' dir='ltr'>quam</span> <span class='ocrx_word' id='word_1_414' title='bbox 1617 1774 1763 1805; x_wconf 79' lang='lat' dir='ltr'>volumus</span> <span class='ocrx_word' id='word_1_415' title='bbox 1776 1783 1830 1804; x_wconf 87' lang='lat' dir='ltr'>ex-</span> 
     </span>
     <span class='ocr_line' id='line_1_71' title="bbox 1099 1826 1830 1868; baseline 0.003 -12"><span class='ocrx_word' id='word_1_416' title='bbox 1099 1830 1121 1845; x_wconf 91' lang='lat'>“</span> <span class='ocrx_word' id='word_1_417' title='bbox 1138 1827 1284 1866; x_wconf 86' lang='lat' dir='ltr'>primere,</span> <span class='ocrx_word' id='word_1_418' title='bbox 1332 1827 1398 1857; x_wconf 86' lang='lat' dir='ltr'>haec</span> <span class='ocrx_word' id='word_1_419' title='bbox 1436 1839 1495 1868; x_wconf 80' lang='lat' dir='ltr'>pro</span> <span class='ocrx_word' id='word_1_420' title='bbox 1532 1826 1600 1868; x_wconf 66' lang='lat' dir='ltr'>ipsa</span> <span class='ocrx_word' id='word_1_421' title='bbox 1635 1838 1669 1859; x_wconf 85' lang='lat' dir='ltr'>re</span> <span class='ocrx_word' id='word_1_422' title='bbox 1705 1826 1830 1858; x_wconf 77' lang='lat' dir='ltr'>dicitur.</span> 
     </span>
     <span class='ocr_line' id='line_1_72' title="bbox 1099 1877 1832 1921; baseline 0.001 -12"><span class='ocrx_word' id='word_1_423' title='bbox 1099 1882 1121 1898; x_wconf 90' lang='lat'>“</span> <span class='ocrx_word' id='word_1_424' title='bbox 1142 1878 1348 1918; x_wconf 82' lang='lat' dir='ltr'>Comparatio</span> <span class='ocrx_word' id='word_1_425' title='bbox 1369 1885 1425 1916; x_wconf 79' lang='lat' dir='ltr'>est,</span> <span class='ocrx_word' id='word_1_426' title='bbox 1448 1889 1523 1910; x_wconf 88' lang='lat' dir='ltr'>cum</span> <span class='ocrx_word' id='word_1_427' title='bbox 1539 1879 1610 1910; x_wconf 77' lang='lat' dir='ltr'>dieo</span> <span class='ocrx_word' id='word_1_428' title='bbox 1630 1879 1740 1910; x_wconf 83' lang='lat' dir='ltr'>fecisse</span> <span class='ocrx_word' id='word_1_429' title='bbox 1754 1877 1832 1921; x_wconf 83' lang='lat' dir='ltr'>quid</span> 
     </span>
     <span class='ocr_line' id='line_1_73' title="bbox 1097 1929 1830 1969; baseline 0.001 -9"><span class='ocrx_word' id='word_1_430' title='bbox 1097 1933 1122 1949; x_wconf 87' lang='lat'><strong>“</strong></span> <span class='ocrx_word' id='word_1_431' title='bbox 1137 1931 1313 1969; x_wconf 84' lang='lat' dir='ltr'>hominem,</span> <span class='ocrx_word' id='word_1_432' title='bbox 1337 1936 1372 1961; x_wconf 83' lang='lat' dir='ltr'>ut</span> <span class='ocrx_word' id='word_1_433' title='bbox 1394 1929 1520 1960; x_wconf 88' lang='lat' dir='ltr'>leonem</span> <span class='ocrx_word' id='word_1_434' title='bbox 1527 1941 1538 1967; x_wconf 86' lang='lat'>;</span> <span class='ocrx_word' id='word_1_435' title='bbox 1559 1929 1733 1968; x_wconf 77' lang='lat' dir='ltr'>translatio,</span> <span class='ocrx_word' id='word_1_436' title='bbox 1756 1939 1830 1961; x_wconf 88' lang='lat' dir='ltr'>cum</span> 
     </span>
     <span class='ocr_line' id='line_1_74' title="bbox 1097 1981 1829 2023; baseline 0 -11"><span class='ocrx_word' id='word_1_437' title='bbox 1097 1985 1120 2001; x_wconf 86' lang='lat'><strong>“</strong></span> <span class='ocrx_word' id='word_1_438' title='bbox 1137 1981 1207 2012; x_wconf 90' lang='lat' dir='ltr'>dico</span> <span class='ocrx_word' id='word_1_439' title='bbox 1236 1981 1276 2012; x_wconf 86' lang='lat' dir='ltr'>de</span> <span class='ocrx_word' id='word_1_440' title='bbox 1303 1981 1443 2018; x_wconf 82' lang='lat' dir='ltr'>homine,</span> <span class='ocrx_word' id='word_1_441' title='bbox 1475 1982 1539 2012; x_wconf 80' lang='lat' dir='ltr'>Leo</span> <span class='ocrx_word' id='word_1_442' title='bbox 1565 1981 1639 2013; x_wconf 78' lang='lat' dir='ltr'>est.‘&#39;</span> <span class='ocrx_word' id='word_1_443' title='bbox 1684 1982 1829 2023; x_wconf 83' lang='lat' dir='ltr'>Longus,</span> 
     </span>
     <span class='ocr_line' id='line_1_75' title="bbox 1098 2033 1826 2076; baseline 0.003 -12"><span class='ocrx_word' id='word_1_444' title='bbox 1098 2039 1175 2073; x_wconf 76' lang='lat' dir='ltr'>past.</span> <span class='ocrx_word' id='word_1_445' title='bbox 1190 2033 1234 2064; x_wconf 77' lang='lat' dir='ltr'>iii.</span> <span class='ocrx_word' id='word_1_446' title='bbox 1249 2043 1278 2073; x_wconf 84' lang='lat' dir='ltr'>p.</span> <span class='ocrx_word' id='word_1_447' title='bbox 1294 2036 1344 2065; x_wconf 89' lang='grc'>95.</span> <span class='ocrx_word' id='word_1_448' title='bbox 1369 2039 1440 2064; x_wconf 66' lang='lat' dir='ltr'>&#39;ron</span> <span class='ocrx_word' id='word_1_449' title='bbox 1457 2045 1566 2065; x_wconf 62' lang='lat' dir='ltr'>neonem</span> <span class='ocrx_word' id='word_1_450' title='bbox 1580 2048 1648 2076; x_wconf 75' lang='lat' dir='ltr'>amp</span> <span class='ocrx_word' id='word_1_451' title='bbox 1669 2048 1720 2065; x_wconf 70' lang='lat' dir='ltr'>m</span> <span class='ocrx_word' id='word_1_452' title='bbox 1743 2048 1826 2075; x_wconf 69' lang='lat' dir='ltr'>›ym-</span> 
     </span>
     <span class='ocr_line' id='line_1_76' title="bbox 1099 2084 1828 2126; baseline 0.003 -11"><span class='ocrx_word' id='word_1_453' title='bbox 1099 2098 1141 2115; x_wconf 72' lang='grc' dir='ltr'>νυν</span> <span class='ocrx_word' id='word_1_454' title='bbox 1171 2084 1199 2115; x_wconf 74' lang='grc' dir='ltr'>δι</span> <span class='ocrx_word' id='word_1_455' title='bbox 1227 2091 1400 2125; x_wconf 54' lang='lat' dir='ltr'>‘pilam-noran</span> <span class='ocrx_word' id='word_1_456' title='bbox 1424 2092 1563 2119; x_wconf 69' lang='grc' dir='ltr'>αλληλυς</span> <span class='ocrx_word' id='word_1_457' title='bbox 1590 2085 1717 2126; x_wconf 74' lang='grc' dir='ltr'><strong><em>αδελφοι.</em></strong></span> <span class='ocrx_word' id='word_1_458' title='bbox 1762 2085 1828 2118; x_wconf 76' lang='lat' dir='ltr'>Ubi</span> 
     </span>
     <span class='ocr_line' id='line_1_77' title="bbox 1096 2135 1827 2177; baseline 0.003 -11"><span class='ocrx_word' id='word_1_459' title='bbox 1096 2141 1206 2167; x_wconf 83' lang='lat' dir='ltr'>contra</span> <span class='ocrx_word' id='word_1_460' title='bbox 1226 2135 1406 2172; x_wconf 82' lang='lat' dir='ltr'>nonnullos,</span> <span class='ocrx_word' id='word_1_461' title='bbox 1428 2136 1575 2166; x_wconf 83' lang='lat' dir='ltr'>infercire</span> <span class='ocrx_word' id='word_1_462' title='bbox 1595 2137 1632 2172; x_wconf 66' lang='grc' dir='ltr'>ὥς</span> <span class='ocrx_word' id='word_1_463' title='bbox 1655 2137 1827 2177; x_wconf 65' lang='lat' dir='ltr'>cupientes,</span> 
     </span>
     <span class='ocr_line' id='line_1_78' title="bbox 1096 2187 1829 2230; baseline 0.003 -11"><span class='ocrx_word' id='word_1_464' title='bbox 1096 2188 1275 2219; x_wconf 86' lang='lat' dir='ltr'>doctissime</span> <span class='ocrx_word' id='word_1_465' title='bbox 1282 2193 1313 2218; x_wconf 85' lang='lat' dir='ltr'>et</span> <span class='ocrx_word' id='word_1_466' title='bbox 1321 2187 1565 2228; x_wconf 83' lang='lat' dir='ltr'>prudentissime</span> <span class='ocrx_word' id='word_1_467' title='bbox 1573 2189 1714 2220; x_wconf 82' lang='lat' dir='ltr'>defendit</span> <span class='ocrx_word' id='word_1_468' title='bbox 1724 2199 1829 2230; x_wconf 83' lang='lat' dir='ltr'>recep-</span> 
     </span>
     <span class='ocr_line' id='line_1_79' title="bbox 1098 2239 1883 2282; baseline 0.004 -13"><span class='ocrx_word' id='word_1_469' title='bbox 1098 2244 1164 2269; x_wconf 88' lang='lat' dir='ltr'>tam</span> <span class='ocrx_word' id='word_1_470' title='bbox 1179 2239 1443 2270; x_wconf 83' lang='lat' dir='ltr'>constructionem</span> <span class='ocrx_word' id='word_1_471' title='bbox 1458 2239 1666 2279; x_wconf 81' lang='lat' dir='ltr'>Villoisonus‚</span> <span class='ocrx_word' id='word_1_472' title='bbox 1689 2241 1742 2282; x_wconf 89' lang='lat' dir='ltr'>qui</span> <span class='ocrx_word' id='word_1_473' title='bbox 1759 2250 1828 2271; x_wconf 87' lang='lat' dir='ltr'>om·</span> <span class='ocrx_word' id='word_1_474' title='bbox 1877 2261 1883 2273; x_wconf 45' lang='lat'>1</span> 
     </span>
     <span class='ocr_line' id='line_1_80' title="bbox 1102 2291 1808 2331; baseline 0.004 -10"><span class='ocrx_word' id='word_1_475' title='bbox 1102 2291 1179 2322; x_wconf 90' lang='lat' dir='ltr'>nino</span> <span class='ocrx_word' id='word_1_476' title='bbox 1193 2291 1402 2322; x_wconf 88' lang='lat' dir='ltr'>consulendus</span> <span class='ocrx_word' id='word_1_477' title='bbox 1417 2298 1478 2330; x_wconf 55' lang='grc' dir='ltr'>ειη</span> <span class='ocrx_word' id='word_1_478' title='bbox 1500 2297 1532 2323; x_wconf 86' lang='lat' dir='ltr'>et</span> <span class='ocrx_word' id='word_1_479' title='bbox 1545 2302 1614 2331; x_wconf 89' lang='lat' dir='ltr'>nos,</span> <span class='ocrx_word' id='word_1_480' title='bbox 1629 2292 1669 2323; x_wconf 84' lang='lat' dir='ltr'>ad</span> <span class='ocrx_word' id='word_1_481' title='bbox 1680 2293 1720 2324; x_wconf 84' lang='lat' dir='ltr'>iv.</span> <span class='ocrx_word' id='word_1_482' title='bbox 1735 2296 1808 2324; x_wconf 84' lang='lat'><strong>574.</strong></span> 
     </span>
     <span class='ocr_line' id='line_1_81' title="bbox 1103 2343 1832 2384; baseline 0.004 -11"><span class='ocrx_word' id='word_1_483' title='bbox 1103 2343 1150 2374; x_wconf 91' lang='lat' dir='ltr'>Ut</span> <span class='ocrx_word' id='word_1_484' title='bbox 1166 2348 1270 2373; x_wconf 87' lang='lat' dir='ltr'>noster</span> <span class='ocrx_word' id='word_1_485' title='bbox 1284 2349 1392 2374; x_wconf 89' lang='lat' dir='ltr'>autem</span> <span class='ocrx_word' id='word_1_486' title='bbox 1407 2343 1486 2375; x_wconf 87' lang='lat' dir='ltr'>dixit</span> <span class='ocrx_word' id='word_1_487' title='bbox 1508 2347 1530 2363; x_wconf 91' lang='lat'><strong>“</strong></span> <span class='ocrx_word' id='word_1_488' title='bbox 1545 2344 1641 2376; x_wconf 83' lang='lat' dir='ltr'>undae</span> <span class='ocrx_word' id='word_1_489' title='bbox 1654 2344 1832 2384; x_wconf 77' lang='lat' dir='ltr'>spumantis</span> 
     </span>
     <span class='ocr_line' id='line_1_82' title="bbox 1098 2394 1828 2438; baseline 0.005 -14"><span class='ocrx_word' id='word_1_490' title='bbox 1098 2398 1121 2414; x_wconf 75' lang='lat'>‘⁶</span> <span class='ocrx_word' id='word_1_491' title='bbox 1137 2394 1248 2425; x_wconf 80' lang='lat' dir='ltr'>validis</span> <span class='ocrx_word' id='word_1_492' title='bbox 1279 2395 1395 2426; x_wconf 84' lang='lat' dir='ltr'>viribus</span> <span class='ocrx_word' id='word_1_493' title='bbox 1425 2396 1626 2435; x_wconf 81' lang='lat' dir='ltr'>ventorum‚’&#39;</span> <span class='ocrx_word' id='word_1_494' title='bbox 1658 2396 1828 2438; x_wconf 83' lang='lat' dir='ltr'>AEschylus</span> 
     </span>
    </p>
   </div>
   <div class='ocr_carea' id='block_1_16' title="bbox 1086 2446 1396 2486">
    <p class='ocr_par' dir='ltr' id='par_1_20' title="bbox 1086 2446 1396 2486">
     <span class='ocr_line' id='line_1_83' title="bbox 1086 2446 1396 2486; baseline 0 -8"><span class='ocrx_word' id='word_1_495' title='bbox 1086 2447 1205 2486; x_wconf 68' lang='lat' dir='ltr'>edam,</span> <span class='ocrx_word' id='word_1_496' title='bbox 1222 2446 1308 2478; x_wconf 83' lang='lat' dir='ltr'>Pers.</span> <span class='ocrx_word' id='word_1_497' title='bbox 1326 2451 1396 2479; x_wconf 87' lang='lat'><strong>109.</strong></span> 
     </span>
    </p>
   </div>
   <div class='ocr_carea' id='block_1_17' title="bbox 1291 2528 1649 2610">
    <p class='ocr_par' dir='ltr' id='par_1_21' title="bbox 1291 2528 1649 2610">
     <span class='ocr_line' id='line_1_84' title="bbox 1291 2528 1554 2556; baseline 0.008 -4"><span class='ocrx_word' id='word_1_498' title='bbox 1291 2528 1443 2556; x_wconf 65' lang='grc' dir='ltr'>Θαλασσις</span> <span class='ocrx_word' id='word_1_499' title='bbox 1456 2532 1554 2554; x_wconf 64' lang='grc' dir='ltr'>πολιαι·</span> 
     </span>
     <span class='ocr_line' id='line_1_85' title="bbox 1292 2571 1649 2610; baseline 0 -10"><span class='ocrx_word' id='word_1_500' title='bbox 1292 2583 1406 2608; x_wconf 60' lang='lat' dir='ltr'>wop-emt</span> <span class='ocrx_word' id='word_1_501' title='bbox 1419 2583 1542 2608; x_wconf 65' lang='grc' dir='ltr'>τνευμιτι</span> <span class='ocrx_word' id='word_1_502' title='bbox 1555 2571 1649 2610; x_wconf 63' lang='grc' dir='ltr'><strong><em>λαξρῳ.</em></strong></span> 
     </span>
    </p>
   </div>
   <div class='ocr_carea' id='block_1_18' title="bbox 1100 2639 1824 2734">
    <p class='ocr_par' dir='ltr' id='par_1_22' title="bbox 1100 2639 1824 2734">
     <span class='ocr_line' id='line_1_86' title="bbox 1100 2639 1824 2682; baseline 0.001 -11"><span class='ocrx_word' id='word_1_503' title='bbox 1100 2641 1181 2672; x_wconf 84' lang='lat' dir='ltr'>Haec</span> <span class='ocrx_word' id='word_1_504' title='bbox 1204 2646 1359 2671; x_wconf 82' lang='lat' dir='ltr'>structura</span> <span class='ocrx_word' id='word_1_505' title='bbox 1373 2641 1468 2682; x_wconf 85' lang='lat' dir='ltr'>longe</span> <span class='ocrx_word' id='word_1_506' title='bbox 1489 2641 1661 2682; x_wconf 82' lang='lat' dir='ltr'>elegantior</span> <span class='ocrx_word' id='word_1_507' title='bbox 1674 2640 1772 2672; x_wconf 83' lang='lat' dir='ltr'>fuerit</span> <span class='ocrx_word' id='word_1_508' title='bbox 1783 2639 1824 2671; x_wconf 78' lang='lat' dir='ltr'>ad</span> 
     </span>
     <span class='ocr_line' id='line_1_87' title="bbox 1100 2693 1638 2734; baseline -0.002 -9"><span class='ocrx_word' id='word_1_509' title='bbox 1100 2693 1262 2734; x_wconf 89' lang='lat' dir='ltr'>Sophoclis</span> <span class='ocrx_word' id='word_1_510' title='bbox 1276 2693 1475 2734; x_wconf 83' lang='lat' dir='ltr'>Antigonen,</span> <span class='ocrx_word' id='word_1_511' title='bbox 1490 2703 1552 2724; x_wconf 89' lang='lat' dir='ltr'>ver.</span> <span class='ocrx_word' id='word_1_512' title='bbox 1566 2696 1638 2724; x_wconf 82' lang='lat'><strong>334.</strong></span> 
     </span>
    </p>
   </div>
   <div class='ocr_carea' id='block_1_19' title="bbox 1249 2774 1629 2903">
    <p class='ocr_par' dir='ltr' id='par_1_23' title="bbox 1249 2774 1629 2903">
     <span class='ocr_line' id='line_1_88' title="bbox 1251 2774 1629 2808; baseline -0.003 -9"><span class='ocrx_word' id='word_1_513' title='bbox 1251 2774 1326 2799; x_wconf 75' lang='lat' dir='ltr'>Tim</span> <span class='ocrx_word' id='word_1_514' title='bbox 1339 2783 1386 2799; x_wconf 71' lang='grc' dir='ltr'>κου</span> <span class='ocrx_word' id='word_1_515' title='bbox 1406 2774 1541 2799; x_wconf 76' lang='grc' dir='ltr'>ΠΟΛῙΟΥ</span> <span class='ocrx_word' id='word_1_516' title='bbox 1554 2781 1629 2808; x_wconf 72' lang='lat' dir='ltr'>aetpoer</span> 
     </span>
     <span class='ocr_line' id='line_1_89' title="bbox 1249 2821 1577 2863; baseline 0 -17"><span class='ocrx_word' id='word_1_517' title='bbox 1249 2822 1332 2846; x_wconf 74' lang='grc' dir='ltr'><strong><em>Ποντυ</em></strong></span> <span class='ocrx_word' id='word_1_518' title='bbox 1346 2829 1462 2856; x_wconf 66' lang='grc' dir='ltr'>χειμεριᾳ</span> <span class='ocrx_word' id='word_1_519' title='bbox 1474 2821 1577 2863; x_wconf 54' lang='grc' dir='ltr'><strong>ΝΟΤξὶ</strong></span> 
     </span>
     <span class='ocr_line' id='line_1_90' title="bbox 1249 2870 1373 2903; baseline 0.008 -9"><span class='ocrx_word' id='word_1_520' title='bbox 1249 2870 1373 2903; x_wconf 74' lang='grc' dir='ltr'><strong><em>Χυρυ-.</em></strong></span> 
     </span>
    </p>
   </div>
   <div class='ocr_carea' id='block_1_20' title="bbox 1855 0 1912 3292">
    <p class='ocr_par' dir='ltr' id='par_1_24' title="bbox 1855 0 1912 3292">
     <span class='ocr_line' id='line_1_91' title="bbox 1855 0 1912 3292; baseline 0 0"><span class='ocrx_word' id='word_1_521' title='bbox 1855 0 1912 3292; x_wconf 95' lang='lat' dir='ltr'> </span> 
     </span>
    </p>
   </div>
  </div>
 </body>
</html>
