<?xml version="1.0" encoding="UTF-8"?>
<!DOCTYPE html PUBLIC "-//W3C//DTD XHTML 1.0 Transitional//EN"
    "http://www.w3.org/TR/xhtml1/DTD/xhtml1-transitional.dtd">
<html xmlns="http://www.w3.org/1999/xhtml" xml:lang="en" lang="en">
 <head>
  <title>
</title>
<meta http-equiv="Content-Type" content="text/html;charset=utf-8" />
  <meta name='ocr-system' content='tesseract 3.04.00' />
  <meta name='ocr-capabilities' content='ocr_page ocr_carea ocr_par ocr_line ocrx_word'/>
</head>
<body>
  <div class='ocr_page' id='page_1' title='image "./tlucretiicarider02lucruoft_0157.png"; bbox 0 0 1912 3292; ppageno 0'>
   <div class='ocr_carea' id='block_1_1' title="bbox 0 121 53 3292">
    <p class='ocr_par' dir='ltr' id='par_1_1' title="bbox 0 121 53 3292">
     <span class='ocr_line' id='line_1_1' title="bbox 0 121 53 3292; baseline 0 0"><span class='ocrx_word' id='word_1_1' title='bbox 0 121 53 3292; x_wconf 95' lang='lat' dir='ltr'> </span> 
     </span>
    </p>
   </div>
   <div class='ocr_carea' id='block_1_2' title="bbox 503 242 1138 295">
    <p class='ocr_par' dir='ltr' id='par_1_2' title="bbox 503 242 1138 295">
     <span class='ocr_line' id='line_1_2' title="bbox 503 242 1138 295; baseline -0.006 0"><span class='ocrx_word' id='word_1_2' title='bbox 503 245 735 295; x_wconf 89' lang='lat' dir='ltr'>LIBER</span> <span class='ocrx_word' id='word_1_3' title='bbox 786 242 1138 293; x_wconf 83' lang='lat' dir='ltr'><strong>TERTIUS.</strong></span> 
     </span>
    </p>
   </div>
   <div class='ocr_carea' id='block_1_3' title="bbox 1470 250 1557 293">
    <p class='ocr_par' dir='ltr' id='par_1_3' title="bbox 1470 250 1557 293">
     <span class='ocr_line' id='line_1_3' title="bbox 1470 250 1557 293; baseline 0.011 -1"><span class='ocrx_word' id='word_1_4' title='bbox 1470 250 1557 293; x_wconf 84' lang='lat'>109</span> 
     </span>
    </p>
   </div>
   <div class='ocr_carea' id='block_1_4' title="bbox 213 376 1384 580">
    <p class='ocr_par' dir='ltr' id='par_1_4' title="bbox 213 376 1384 580">
     <span class='ocr_line' id='line_1_4' title="bbox 213 376 1384 437; baseline -0.007 -13"><span class='ocrx_word' id='word_1_5' title='bbox 213 382 402 437; x_wconf 83' lang='lat' dir='ltr'><strong>Namque</strong></span> <span class='ocrx_word' id='word_1_6' title='bbox 419 379 476 420; x_wconf 85' lang='lat' dir='ltr'>ita</span> <span class='ocrx_word' id='word_1_7' title='bbox 495 391 682 418; x_wconf 86' lang='lat' dir='ltr'>connexa</span> <span class='ocrx_word' id='word_1_8' title='bbox 701 383 761 417; x_wconf 87' lang='lat' dir='ltr'>est</span> <span class='ocrx_word' id='word_1_9' title='bbox 779 391 854 431; x_wconf 89' lang='lat' dir='ltr'>per</span> <span class='ocrx_word' id='word_1_10' title='bbox 873 391 1010 426; x_wconf 84' lang='lat' dir='ltr'>venas,</span> <span class='ocrx_word' id='word_1_11' title='bbox 1033 376 1201 425; x_wconf 82' lang='lat' dir='ltr'>viscera,</span> <span class='ocrx_word' id='word_1_12' title='bbox 1223 388 1384 426; x_wconf 85' lang='lat' dir='ltr'>nervos,</span> 
     </span>
     <span class='ocr_line' id='line_1_5' title="bbox 215 450 1335 510; baseline -0.008 -12"><span class='ocrx_word' id='word_1_13' title='bbox 215 451 516 510; x_wconf 71' lang='lat' dir='ltr'>Ossaque‚-‘utei</span> <span class='ocrx_word' id='word_1_14' title='bbox 535 450 676 492; x_wconf 83' lang='lat' dir='ltr'>dentes</span> <span class='ocrx_word' id='word_1_15' title='bbox 697 464 864 506; x_wconf 72' lang='lat' dir='ltr'>quoquev</span> <span class='ocrx_word' id='word_1_16' title='bbox 879 464 1000 491; x_wconf 89' lang='lat' dir='ltr'>sensu</span> <span class='ocrx_word' id='word_1_17' title='bbox 1019 450 1335 505; x_wconf 82' lang='lat' dir='ltr'>participentur3</span> 
     </span>
     <span class='ocr_line' id='line_1_6' title="bbox 214 523 1239 580; baseline -0.007 -10"><span class='ocrx_word' id='word_1_18' title='bbox 214 529 389 570; x_wconf 88' lang='lat' dir='ltr'>Morbus</span> <span class='ocrx_word' id='word_1_19' title='bbox 407 533 454 567; x_wconf 88' lang='lat' dir='ltr'>ut</span> <span class='ocrx_word' id='word_1_20' title='bbox 472 524 642 574; x_wconf 85' lang='lat' dir='ltr'>indicat,</span> <span class='ocrx_word' id='word_1_21' title='bbox 673 531 714 564; x_wconf 87' lang='lat' dir='ltr'>et</span> <span class='ocrx_word' id='word_1_22' title='bbox 732 523 885 580; x_wconf 83' lang='lat' dir='ltr'>gelida&#39;l&#39;</span> <span class='ocrx_word' id='word_1_23' title='bbox 903 523 1082 580; x_wconf 87' lang='lat' dir='ltr'>stringor</span> <span class='ocrx_word' id='word_1_24' title='bbox 1102 525 1239 579; x_wconf 84' lang='lat' dir='ltr'>aquai&#39;,</span> 
     </span>
    </p>
   </div>
   <div class='ocr_carea' id='block_1_5' title="bbox 213 597 1184 656">
    <p class='ocr_par' dir='ltr' id='par_1_5' title="bbox 213 597 1184 656">
     <span class='ocr_line' id='line_1_7' title="bbox 213 597 1184 656; baseline -0.007 -12"><span class='ocrx_word' id='word_1_25' title='bbox 213 602 269 644; x_wconf 87' lang='lat' dir='ltr'>Et</span> <span class='ocrx_word' id='word_1_26' title='bbox 287 601 387 656; x_wconf 85' lang='lat' dir='ltr'>lapis</span> <span class='ocrx_word' id='word_1_27' title='bbox 407 599 622 655; x_wconf 81' lang='lat' dir='ltr'>obpressus</span> <span class='ocrx_word' id='word_1_28' title='bbox 643 597 783 638; x_wconf 87' lang='lat' dir='ltr'>subitis</span> <span class='ocrx_word' id='word_1_29' title='bbox 804 613 826 638; x_wconf 93' lang='lat' dir='ltr'>e</span> <span class='ocrx_word' id='word_1_30' title='bbox 845 597 1030 654; x_wconf 84' lang='lat' dir='ltr'>frugibus</span> <span class='ocrx_word' id='word_1_31' title='bbox 1051 598 1184 652; x_wconf 83' lang='lat' dir='ltr'>asper)</span> 
     </span>
    </p>
   </div>
   <div class='ocr_carea' id='block_1_6' title="bbox 102 671 1260 728">
    <p class='ocr_par' dir='ltr' id='par_1_6' title="bbox 102 671 1260 728">
     <span class='ocr_line' id='line_1_8' title="bbox 102 671 1260 728; baseline -0.007 -9"><span class='ocrx_word' id='word_1_32' title='bbox 102 682 182 719; x_wconf 87' lang='grc'>695</span> <span class='ocrx_word' id='word_1_33' title='bbox 214 676 318 725; x_wconf 84' lang='lat' dir='ltr'>Nec,</span> <span class='ocrx_word' id='word_1_34' title='bbox 340 682 425 716; x_wconf 82' lang='lat' dir='ltr'>tam</span> <span class='ocrx_word' id='word_1_35' title='bbox 446 680 651 715; x_wconf 84' lang='lat' dir='ltr'>contextae</span> <span class='ocrx_word' id='word_1_36' title='bbox 671 687 798 728; x_wconf 90' lang='lat' dir='ltr'>quom</span> <span class='ocrx_word' id='word_1_37' title='bbox 819 672 915 722; x_wconf 85' lang='lat' dir='ltr'>sint,</span> <span class='ocrx_word' id='word_1_38' title='bbox 937 672 1050 712; x_wconf 87' lang='lat' dir='ltr'>exire</span> <span class='ocrx_word' id='word_1_39' title='bbox 1067 671 1260 712; x_wconf 87' lang='lat' dir='ltr'>videntur</span> 
     </span>
    </p>
   </div>
   <div class='ocr_carea' id='block_1_7' title="bbox 215 746 1145 803">
    <p class='ocr_par' dir='ltr' id='par_1_7' title="bbox 215 746 1145 803">
     <span class='ocr_line' id='line_1_9' title="bbox 215 746 1145 803; baseline -0.005 -12"><span class='ocrx_word' id='word_1_40' title='bbox 215 749 445 792; x_wconf 88' lang='lat' dir='ltr'>Incolomes</span> <span class='ocrx_word' id='word_1_41' title='bbox 465 763 599 803; x_wconf 88' lang='lat' dir='ltr'>posse,</span> <span class='ocrx_word' id='word_1_42' title='bbox 623 755 662 788; x_wconf 87' lang='lat' dir='ltr'>et</span> <span class='ocrx_word' id='word_1_43' title='bbox 683 747 811 788; x_wconf 81' lang='lat' dir='ltr'>salvas</span> <span class='ocrx_word' id='word_1_44' title='bbox 831 746 1039 788; x_wconf 85' lang='lat' dir='ltr'>exsolvere</span> <span class='ocrx_word' id='word_1_45' title='bbox 1059 760 1145 786; x_wconf 88' lang='lat' dir='ltr'>sese</span> 
     </span>
    </p>
   </div>
   <div class='ocr_carea' id='block_1_8' title="bbox 217 819 1267 877">
    <p class='ocr_par' dir='ltr' id='par_1_8' title="bbox 217 819 1267 877">
     <span class='ocr_line' id='line_1_10' title="bbox 217 819 1267 877; baseline -0.005 -12"><span class='ocrx_word' id='word_1_46' title='bbox 217 823 424 866; x_wconf 86' lang='lat' dir='ltr'>Omnibus</span> <span class='ocrx_word' id='word_1_47' title='bbox 445 838 468 863; x_wconf 89' lang='lat' dir='ltr'>e</span> <span class='ocrx_word' id='word_1_48' title='bbox 487 822 636 872; x_wconf 86' lang='lat' dir='ltr'>nervis,</span> <span class='ocrx_word' id='word_1_49' title='bbox 659 830 782 877; x_wconf 84' lang='lat' dir='ltr'>atque</span> <span class='ocrx_word' id='word_1_50' title='bbox 801 821 972 871; x_wconf 86' lang='lat' dir='ltr'>ossibus,</span> <span class='ocrx_word' id='word_1_51' title='bbox 995 819 1267 875; x_wconf 83' lang='lat' dir='ltr'>articulisque.</span> 
     </span>
    </p>
   </div>
   <div class='ocr_carea' id='block_1_9' title="bbox 275 895 1312 952">
    <p class='ocr_par' dir='ltr' id='par_1_9' title="bbox 275 895 1312 952">
     <span class='ocr_line' id='line_1_11' title="bbox 275 895 1312 952; baseline -0.005 -13"><span class='ocrx_word' id='word_1_52' title='bbox 275 897 420 948; x_wconf 84' lang='lat' dir='ltr'>Quod,</span> <span class='ocrx_word' id='word_1_53' title='bbox 443 897 475 938; x_wconf 90' lang='lat' dir='ltr'>si</span> <span class='ocrx_word' id='word_1_54' title='bbox 494 896 599 938; x_wconf 88' lang='lat' dir='ltr'>forte</span> <span class='ocrx_word' id='word_1_55' title='bbox 619 904 753 952; x_wconf 85' lang='lat' dir='ltr'>putas,</span> <span class='ocrx_word' id='word_1_56' title='bbox 775 896 1028 937; x_wconf 86' lang='lat' dir='ltr'>extrinsecus</span> <span class='ocrx_word' id='word_1_57' title='bbox 1048 895 1312 944; x_wconf 85' lang='lat' dir='ltr'>insinuatam,</span> 
     </span>
    </p>
   </div>
   <div class='ocr_carea' id='block_1_10' title="bbox 108 1053 799 1120">
    <p class='ocr_par' dir='ltr' id='par_1_10' title="bbox 108 1053 799 1120">
     <span class='ocr_line' id='line_1_12' title="bbox 108 1053 799 1088; baseline -0.004 -6"><span class='ocrx_word' id='word_1_58' title='bbox 108 1058 175 1082; x_wconf 85' lang='lat' dir='ltr'>Nam</span> <span class='ocrx_word' id='word_1_59' title='bbox 186 1055 231 1081; x_wconf 89' lang='lat' dir='ltr'>ille</span> <span class='ocrx_word' id='word_1_60' title='bbox 241 1062 295 1080; x_wconf 88' lang='lat' dir='ltr'>non</span> <span class='ocrx_word' id='word_1_61' title='bbox 305 1054 406 1088; x_wconf 84' lang='lat' dir='ltr'>potuit,</span> <span class='ocrx_word' id='word_1_62' title='bbox 424 1055 488 1086; x_wconf 84' lang='lat' dir='ltr'>quin</span> <span class='ocrx_word' id='word_1_63' title='bbox 499 1053 606 1079; x_wconf 72' lang='lat' dir='ltr'>sermoni</span> <span class='ocrx_word' id='word_1_64' title='bbox 617 1061 664 1079; x_wconf 88' lang='lat' dir='ltr'>suo</span> <span class='ocrx_word' id='word_1_65' title='bbox 683 1054 799 1086; x_wconf 75' lang='lat' dir='ltr'>aliquem</span> 
     </span>
     <span class='ocr_line' id='line_1_13' title="bbox 182 1095 354 1120; baseline -0.012 0"><span class='ocrx_word' id='word_1_66' title='bbox 182 1095 354 1120; x_wconf 77' lang='lat' dir='ltr'>familiarium</span> 
     </span>
    </p>
   </div>
   <div class='ocr_carea' id='block_1_11' title="bbox 106 1133 562 1167">
    <p class='ocr_par' dir='ltr' id='par_1_11' title="bbox 106 1133 562 1167">
     <span class='ocr_line' id='line_1_14' title="bbox 106 1133 562 1167; baseline -0.004 -7"><span class='ocrx_word' id='word_1_67' title='bbox 106 1134 310 1167; x_wconf 70' lang='lat' dir='ltr'>Panicipaven&#39;t</span> <span class='ocrx_word' id='word_1_68' title='bbox 322 1134 356 1159; x_wconf 89' lang='lat' dir='ltr'>de</span> <span class='ocrx_word' id='word_1_69' title='bbox 366 1133 454 1159; x_wconf 65' lang='lat' dir='ltr'>amica</span> <span class='ocrx_word' id='word_1_70' title='bbox 465 1133 562 1158; x_wconf 82' lang='lat' dir='ltr'>heri—.</span> 
     </span>
    </p>
   </div>
   <div class='ocr_carea' id='block_1_12' title="bbox 67 1223 803 1575">
    <p class='ocr_par' dir='ltr' id='par_1_12' title="bbox 81 1223 800 1318">
     <span class='ocr_line' id='line_1_15' title="bbox 122 1223 800 1264; baseline -0.003 -8"><span class='ocrx_word' id='word_1_71' title='bbox 122 1227 196 1257; x_wconf 83' lang='lat' dir='ltr'>Ver.</span> <span class='ocrx_word' id='word_1_72' title='bbox 224 1230 295 1258; x_wconf 77' lang='lat'>695.</span> <span class='ocrx_word' id='word_1_73' title='bbox 320 1227 455 1257; x_wconf 85' lang='lat' dir='ltr'>Morbus</span> <span class='ocrx_word' id='word_1_74' title='bbox 473 1232 501 1256; x_wconf 83' lang='lat' dir='ltr'>et</span> <span class='ocrx_word' id='word_1_75' title='bbox 523 1225 657 1264; x_wconf 77' lang='lat' dir='ltr'>gelida&#39;z&#39;:</span> <span class='ocrx_word' id='word_1_76' title='bbox 688 1224 726 1255; x_wconf 93' lang='lat' dir='ltr'>V.</span> <span class='ocrx_word' id='word_1_77' title='bbox 754 1223 800 1254; x_wconf 81' lang='lat' dir='ltr'>ed.</span> 
     </span>
     <span class='ocr_line' id='line_1_16' title="bbox 81 1279 353 1318; baseline -0.007 -8"><span class='ocrx_word' id='word_1_78' title='bbox 81 1280 237 1310; x_wconf 59' lang='lat' dir='ltr'>Mor-bibus</span> <span class='ocrx_word' id='word_1_79' title='bbox 248 1279 353 1318; x_wconf 72' lang='lat' dir='ltr'>gelidi.</span> 
     </span>
    </p>

    <p class='ocr_par' dir='ltr' id='par_1_13' title="bbox 67 1326 803 1575">
     <span class='ocr_line' id='line_1_17' title="bbox 122 1326 800 1360; baseline -0.006 -1"><span class='ocrx_word' id='word_1_80' title='bbox 122 1329 204 1360; x_wconf 86' lang='lat' dir='ltr'>Ibid.</span> <span class='ocrx_word' id='word_1_81' title='bbox 228 1330 371 1359; x_wconf 78' lang='lat' dir='ltr'>Morbus.-</span> <span class='ocrx_word' id='word_1_82' title='bbox 398 1328 417 1358; x_wconf 94' lang='lat' dir='ltr'>i.</span> <span class='ocrx_word' id='word_1_83' title='bbox 432 1338 457 1358; x_wconf 90' lang='lat' dir='ltr'>e.</span> <span class='ocrx_word' id='word_1_84' title='bbox 481 1331 503 1346; x_wconf 87' lang='lat'><strong>“</strong></span> <span class='ocrx_word' id='word_1_85' title='bbox 520 1336 584 1357; x_wconf 90' lang='lat' dir='ltr'>non</span> <span class='ocrx_word' id='word_1_86' title='bbox 599 1332 722 1356; x_wconf 90' lang='lat' dir='ltr'>tantum</span> <span class='ocrx_word' id='word_1_87' title='bbox 744 1326 800 1356; x_wconf 93' lang='lat' dir='ltr'>do-</span> 
     </span>
     <span class='ocr_line' id='line_1_18' title="bbox 80 1379 803 1420; baseline -0.004 -9"><span class='ocrx_word' id='word_1_88' title='bbox 80 1381 165 1412; x_wconf 86' lang='lat' dir='ltr'>“lor</span> <span class='ocrx_word' id='word_1_89' title='bbox 194 1381 346 1415; x_wconf 86' lang='lat' dir='ltr'>dentium,</span> <span class='ocrx_word' id='word_1_90' title='bbox 379 1379 500 1420; x_wconf 88' lang='lat' dir='ltr'>quoties</span> <span class='ocrx_word' id='word_1_91' title='bbox 529 1380 612 1409; x_wconf 83' lang='lat' dir='ltr'>exesi</span> <span class='ocrx_word' id='word_1_92' title='bbox 638 1379 712 1417; x_wconf 83' lang='lat' dir='ltr'>sint,</span> <span class='ocrx_word' id='word_1_93' title='bbox 748 1385 803 1409; x_wconf 86' lang='lat' dir='ltr'>aut</span> 
     </span>
     <span class='ocr_line' id='line_1_19' title="bbox 78 1431 801 1472; baseline -0.003 -9"><span class='ocrx_word' id='word_1_94' title='bbox 78 1437 100 1453; x_wconf 90' lang='lat'><strong>“</strong></span> <span class='ocrx_word' id='word_1_95' title='bbox 115 1433 214 1469; x_wconf 80' lang='lat' dir='ltr'>fracti,</span> <span class='ocrx_word' id='word_1_96' title='bbox 237 1438 293 1463; x_wconf 88' lang='lat' dir='ltr'>aut</span> <span class='ocrx_word' id='word_1_97' title='bbox 314 1432 453 1472; x_wconf 76' lang='lat' dir='ltr'>alioquin</span> <span class='ocrx_word' id='word_1_98' title='bbox 475 1431 626 1469; x_wconf 81' lang='lat' dir='ltr'>morbosi3</span> <span class='ocrx_word' id='word_1_99' title='bbox 650 1431 703 1461; x_wconf 88' lang='lat' dir='ltr'>sed</span> <span class='ocrx_word' id='word_1_100' title='bbox 724 1441 801 1471; x_wconf 91' lang='lat' dir='ltr'>quo-</span> 
     </span>
     <span class='ocr_line' id='line_1_20' title="bbox 67 1483 802 1515; baseline -0.003 0"><span class='ocrx_word' id='word_1_101' title='bbox 67 1485 102 1504; x_wconf 85' lang='grc'>”“</span> <span class='ocrx_word' id='word_1_102' title='bbox 117 1485 174 1515; x_wconf 57' lang='grc' dir='ltr'>τίω</span> <span class='ocrx_word' id='word_1_103' title='bbox 199 1485 389 1515; x_wconf 81' lang='lat' dir='ltr'>extrinsecus</span> <span class='ocrx_word' id='word_1_104' title='bbox 410 1484 605 1514; x_wconf 80' lang='lat' dir='ltr'>venientibus</span> <span class='ocrx_word' id='word_1_105' title='bbox 627 1483 802 1514; x_wconf 86' lang='lat' dir='ltr'>incommo-</span> 
     </span>
     <span class='ocr_line' id='line_1_21' title="bbox 78 1535 760 1575; baseline -0.003 -8"><span class='ocrx_word' id='word_1_106' title='bbox 78 1540 101 1556; x_wconf 89' lang='lat'><strong>“</strong></span> <span class='ocrx_word' id='word_1_107' title='bbox 116 1536 258 1567; x_wconf 85' lang='lat' dir='ltr'>dentur.’&#39;</span> <span class='ocrx_word' id='word_1_108' title='bbox 305 1536 356 1566; x_wconf 87' lang='lat' dir='ltr'>Ita</span> <span class='ocrx_word' id='word_1_109' title='bbox 368 1536 456 1566; x_wconf 89' lang='lat' dir='ltr'>locus</span> <span class='ocrx_word' id='word_1_110' title='bbox 468 1535 692 1575; x_wconf 85' lang='lat' dir='ltr'>intelligendus</span> <span class='ocrx_word' id='word_1_111' title='bbox 707 1540 760 1565; x_wconf 88' lang='lat' dir='ltr'>est.</span> 
     </span>
    </p>
   </div>
   <div class='ocr_carea' id='block_1_13' title="bbox 123 1588 843 1628">
    <p class='ocr_par' dir='ltr' id='par_1_14' title="bbox 123 1588 843 1628">
     <span class='ocr_line' id='line_1_22' title="bbox 123 1588 843 1628; baseline -0.004 -9"><span class='ocrx_word' id='word_1_112' title='bbox 123 1588 203 1619; x_wconf 90' lang='lat' dir='ltr'>Ibid.</span> <span class='ocrx_word' id='word_1_113' title='bbox 225 1590 358 1628; x_wconf 76' lang='lat' dir='ltr'>stringor</span> <span class='ocrx_word' id='word_1_114' title='bbox 383 1589 495 1628; x_wconf 77' lang='lat' dir='ltr'>aqua&#39;i:</span> <span class='ocrx_word' id='word_1_115' title='bbox 534 1590 556 1605; x_wconf 93' lang='lat'><strong>“</strong></span> <span class='ocrx_word' id='word_1_116' title='bbox 576 1598 655 1628; x_wconf 88' lang='lat' dir='ltr'>aqua</span> <span class='ocrx_word' id='word_1_117' title='bbox 678 1588 805 1617; x_wconf 87' lang='lat' dir='ltr'>horrore</span> <span class='ocrx_word' id='word_1_118' title='bbox 840 1619 843 1622; x_wconf 65' lang='grc'><strong>,</strong></span> 
     </span>
    </p>
   </div>
   <div class='ocr_carea' id='block_1_14' title="bbox 79 1638 810 2041">
    <p class='ocr_par' dir='ltr' id='par_1_15' title="bbox 79 1638 810 2041">
     <span class='ocr_line' id='line_1_23' title="bbox 81 1638 804 1679; baseline -0.003 -9"><span class='ocrx_word' id='word_1_119' title='bbox 81 1643 104 1659; x_wconf 90' lang='lat'><strong>“</strong></span> <span class='ocrx_word' id='word_1_120' title='bbox 121 1649 233 1678; x_wconf 82' lang='lat' dir='ltr'>nempe</span> <span class='ocrx_word' id='word_1_121' title='bbox 257 1644 288 1669; x_wconf 85' lang='lat' dir='ltr'>et</span> <span class='ocrx_word' id='word_1_122' title='bbox 311 1639 426 1679; x_wconf 81' lang='lat' dir='ltr'>frigore</span> <span class='ocrx_word' id='word_1_123' title='bbox 451 1638 706 1679; x_wconf 53' lang='lat' dir='ltr'>praestringensf’</span> <span class='ocrx_word' id='word_1_124' title='bbox 728 1638 750 1669; x_wconf 90' lang='lat' dir='ltr'>i.</span> <span class='ocrx_word' id='word_1_125' title='bbox 779 1648 804 1669; x_wconf 85' lang='lat' dir='ltr'>e.</span> 
     </span>
     <span class='ocr_line' id='line_1_24' title="bbox 79 1692 804 1733; baseline -0.001 -10"><span class='ocrx_word' id='word_1_126' title='bbox 79 1693 142 1724; x_wconf 88' lang='lat' dir='ltr'>oris</span> <span class='ocrx_word' id='word_1_127' title='bbox 157 1692 351 1732; x_wconf 82' lang='lat' dir='ltr'>superficiem</span> <span class='ocrx_word' id='word_1_128' title='bbox 366 1693 487 1723; x_wconf 87' lang='lat' dir='ltr'>feriens.</span> <span class='ocrx_word' id='word_1_129' title='bbox 511 1697 534 1712; x_wconf 80' lang='lat'>‘⁸</span> <span class='ocrx_word' id='word_1_130' title='bbox 553 1692 721 1733; x_wconf 79' lang='lat' dir='ltr'>Stringere,</span> <span class='ocrx_word' id='word_1_131' title='bbox 731 1703 804 1732; x_wconf 79' lang='lat' dir='ltr'>per-</span> 
     </span>
     <span class='ocr_line' id='line_1_25' title="bbox 83 1743 805 1783; baseline -0.004 -8"><span class='ocrx_word' id='word_1_132' title='bbox 83 1748 106 1764; x_wconf 88' lang='lat'><strong>“</strong></span> <span class='ocrx_word' id='word_1_133' title='bbox 122 1744 248 1782; x_wconf 77' lang='lat' dir='ltr'>cutere,&#39;&#39;</span> <span class='ocrx_word' id='word_1_134' title='bbox 272 1744 408 1782; x_wconf 77' lang='lat' dir='ltr'>Nonius,</span> <span class='ocrx_word' id='word_1_135' title='bbox 424 1745 462 1774; x_wconf 77' lang='lat' dir='ltr'>iv.</span> <span class='ocrx_word' id='word_1_136' title='bbox 477 1747 551 1774; x_wconf 72' lang='lat'>442.</span> <span class='ocrx_word' id='word_1_137' title='bbox 565 1743 698 1774; x_wconf 87' lang='lat' dir='ltr'>laudans</span> <span class='ocrx_word' id='word_1_138' title='bbox 714 1743 805 1783; x_wconf 85' lang='lat' dir='ltr'>Virg.</span> 
     </span>
     <span class='ocr_line' id='line_1_26' title="bbox 85 1793 807 1826; baseline -0.004 0"><span class='ocrx_word' id='word_1_139' title='bbox 85 1795 161 1826; x_wconf 88' lang='lat' dir='ltr'>AEn.</span> <span class='ocrx_word' id='word_1_140' title='bbox 176 1795 218 1826; x_wconf 85' lang='lat' dir='ltr'>ix.</span> <span class='ocrx_word' id='word_1_141' title='bbox 239 1798 311 1826; x_wconf 73' lang='lat'>295.</span> <span class='ocrx_word' id='word_1_142' title='bbox 333 1794 441 1825; x_wconf 90' lang='lat' dir='ltr'>Livius</span> <span class='ocrx_word' id='word_1_143' title='bbox 464 1795 537 1825; x_wconf 83' lang='lat' dir='ltr'>xxii.</span> <span class='ocrx_word' id='word_1_144' title='bbox 562 1798 612 1825; x_wconf 89' lang='lat'>51.</span> <span class='ocrx_word' id='word_1_145' title='bbox 645 1798 667 1812; x_wconf 91' lang='lat'><strong>“</strong></span> <span class='ocrx_word' id='word_1_146' title='bbox 684 1793 807 1824; x_wconf 87' lang='lat' dir='ltr'>Adsur-</span> 
     </span>
     <span class='ocr_line' id='line_1_27' title="bbox 86 1845 808 1887; baseline -0.001 -11"><span class='ocrx_word' id='word_1_147' title='bbox 86 1850 109 1865; x_wconf 74' lang='lat'>‘⁴</span> <span class='ocrx_word' id='word_1_148' title='bbox 125 1852 232 1887; x_wconf 87' lang='lat' dir='ltr'>gentes</span> <span class='ocrx_word' id='word_1_149' title='bbox 246 1846 374 1886; x_wconf 88' lang='lat' dir='ltr'>quidam</span> <span class='ocrx_word' id='word_1_150' title='bbox 389 1857 426 1876; x_wconf 81' lang='lat' dir='ltr'>ex</span> <span class='ocrx_word' id='word_1_151' title='bbox 442 1852 543 1887; x_wconf 84' lang='lat' dir='ltr'>strage</span> <span class='ocrx_word' id='word_1_152' title='bbox 558 1845 662 1876; x_wconf 73' lang='lat' dir='ltr'>media</span> <span class='ocrx_word' id='word_1_153' title='bbox 678 1845 808 1882; x_wconf 79' lang='lat' dir='ltr'>cruenti,</span> 
     </span>
     <span class='ocr_line' id='line_1_28' title="bbox 86 1897 809 1939; baseline -0.003 -10"><span class='ocrx_word' id='word_1_154' title='bbox 86 1902 109 1918; x_wconf 88' lang='lat'><strong>“</strong></span> <span class='ocrx_word' id='word_1_155' title='bbox 126 1908 202 1939; x_wconf 88' lang='lat' dir='ltr'>quos</span> <span class='ocrx_word' id='word_1_156' title='bbox 216 1900 321 1929; x_wconf 79' lang='lat' dir='ltr'>stricta</span> <span class='ocrx_word' id='word_1_157' title='bbox 345 1898 502 1928; x_wconf 82' lang='lat' dir='ltr'>matutino</span> <span class='ocrx_word' id='word_1_158' title='bbox 512 1897 636 1939; x_wconf 79' lang='lat' dir='ltr'>frigore</span> <span class='ocrx_word' id='word_1_159' title='bbox 658 1897 809 1928; x_wconf 80' lang='lat' dir='ltr'>excitave-</span> 
     </span>
     <span class='ocr_line' id='line_1_29' title="bbox 86 1950 810 1990; baseline 0 -10"><span class='ocrx_word' id='word_1_160' title='bbox 86 1955 110 1970; x_wconf 86' lang='lat'><strong>“</strong></span> <span class='ocrx_word' id='word_1_161' title='bbox 126 1957 196 1981; x_wconf 88' lang='lat' dir='ltr'>rant</span> <span class='ocrx_word' id='word_1_162' title='bbox 216 1951 354 1986; x_wconf 89' lang='lat' dir='ltr'>vulnera,</span> <span class='ocrx_word' id='word_1_163' title='bbox 377 1952 416 1981; x_wconf 90' lang='lat' dir='ltr'>ab</span> <span class='ocrx_word' id='word_1_164' title='bbox 441 1952 529 1981; x_wconf 89' lang='lat' dir='ltr'>hoste</span> <span class='ocrx_word' id='word_1_165' title='bbox 555 1950 691 1990; x_wconf 87' lang='lat' dir='ltr'>obpressi</span> <span class='ocrx_word' id='word_1_166' title='bbox 712 1951 810 1981; x_wconf 90' lang='lat' dir='ltr'>sunt.’&#39;</span> 
     </span>
     <span class='ocr_line' id='line_1_30' title="bbox 85 2002 746 2041; baseline 0.002 -9"><span class='ocrx_word' id='word_1_167' title='bbox 85 2003 159 2033; x_wconf 87' lang='lat' dir='ltr'>Fert</span> <span class='ocrx_word' id='word_1_168' title='bbox 172 2002 326 2041; x_wconf 87' lang='lat' dir='ltr'>suppetias</span> <span class='ocrx_word' id='word_1_169' title='bbox 342 2002 507 2040; x_wconf 85' lang='lat' dir='ltr'>Horatius,</span> <span class='ocrx_word' id='word_1_170' title='bbox 530 2007 584 2031; x_wconf 90' lang='lat' dir='ltr'>sat.</span> <span class='ocrx_word' id='word_1_171' title='bbox 600 2002 634 2031; x_wconf 93' lang='lat' dir='ltr'>ii.</span> <span class='ocrx_word' id='word_1_172' title='bbox 655 2005 681 2032; x_wconf 94' lang='lat' dir='ltr'>l.</span> <span class='ocrx_word' id='word_1_173' title='bbox 697 2006 746 2033; x_wconf 88' lang='lat'>61.</span> 
     </span>
    </p>
   </div>
   <div class='ocr_carea' id='block_1_15' title="bbox 209 2107 364 2115">
    <p class='ocr_par' dir='ltr' id='par_1_16' title="bbox 209 2107 364 2115">
     <span class='ocr_line' id='line_1_31' title="bbox 209 2107 364 2115; baseline 0 0"><span class='ocrx_word' id='word_1_174' title='bbox 209 2107 364 2115; x_wconf 95' lang='lat' dir='ltr'> </span> 
     </span>
    </p>
   </div>
   <div class='ocr_carea' id='block_1_16' title="bbox 119 2135 349 2167">
    <p class='ocr_par' dir='ltr' id='par_1_17' title="bbox 119 2135 349 2167">
     <span class='ocr_line' id='line_1_32' title="bbox 119 2135 349 2167; baseline -0.004 -7"><span class='ocrx_word' id='word_1_175' title='bbox 119 2135 215 2167; x_wconf 77' lang='lat' dir='ltr'>Frt&#39;gore</span> <span class='ocrx_word' id='word_1_176' title='bbox 226 2138 254 2160; x_wconf 82' lang='lat' dir='ltr'>te</span> <span class='ocrx_word' id='word_1_177' title='bbox 255 2135 349 2166; x_wconf 55' lang='lat' dir='ltr'>serias.</span> 
     </span>
    </p>
   </div>
   <div class='ocr_carea' id='block_1_17' title="bbox 373 2094 733 2127">
    <p class='ocr_par' dir='ltr' id='par_1_18' title="bbox 373 2094 733 2127">
     <span class='ocr_line' id='line_1_33' title="bbox 373 2094 733 2127; baseline 0 -8"><span class='ocrx_word' id='word_1_178' title='bbox 373 2095 506 2126; x_wconf 81' lang='lat' dir='ltr'>majorum</span> <span class='ocrx_word' id='word_1_179' title='bbox 518 2101 552 2120; x_wconf 86' lang='lat' dir='ltr'>ne</span> <span class='ocrx_word' id='word_1_180' title='bbox 563 2094 621 2127; x_wconf 82' lang='lat' dir='ltr'>quis</span> <span class='ocrx_word' id='word_1_181' title='bbox 632 2094 733 2120; x_wconf 81' lang='lat' dir='ltr'>amicus</span> 
     </span>
    </p>
   </div>
   <div class='ocr_carea' id='block_1_18' title="bbox 89 2222 821 2990">
    <p class='ocr_par' dir='ltr' id='par_1_19' title="bbox 89 2222 814 2418">
     <span class='ocr_line' id='line_1_34' title="bbox 89 2222 812 2262; baseline 0.001 -10"><span class='ocrx_word' id='word_1_182' title='bbox 89 2222 188 2258; x_wconf 90' lang='lat' dir='ltr'>Hinc,</span> <span class='ocrx_word' id='word_1_183' title='bbox 219 2223 259 2252; x_wconf 90' lang='lat' dir='ltr'>ob</span> <span class='ocrx_word' id='word_1_184' title='bbox 280 2222 468 2261; x_wconf 85' lang='lat' dir='ltr'>asperiorem</span> <span class='ocrx_word' id='word_1_185' title='bbox 494 2223 631 2262; x_wconf 72' lang='lat' dir='ltr'>corporis</span> <span class='ocrx_word' id='word_1_186' title='bbox 655 2222 812 2253; x_wconf 81' lang='lat' dir='ltr'>tractatio-</span> 
     </span>
     <span class='ocr_line' id='line_1_35' title="bbox 90 2274 814 2316; baseline 0.001 -12"><span class='ocrx_word' id='word_1_187' title='bbox 90 2284 176 2312; x_wconf 86' lang='lat' dir='ltr'>nem,</span> <span class='ocrx_word' id='word_1_188' title='bbox 186 2277 332 2305; x_wconf 71' lang='lat' dir='ltr'>mordere</span> <span class='ocrx_word' id='word_1_189' title='bbox 347 2274 494 2304; x_wconf 86' lang='lat' dir='ltr'>dicuntur</span> <span class='ocrx_word' id='word_1_190' title='bbox 498 2274 627 2316; x_wconf 82' lang='lat' dir='ltr'>frigora</span> <span class='ocrx_word' id='word_1_191' title='bbox 649 2277 688 2305; x_wconf 91' lang='lat' dir='ltr'>ab</span> <span class='ocrx_word' id='word_1_192' title='bbox 703 2275 814 2305; x_wconf 89' lang='lat' dir='ltr'>eodem</span> 
     </span>
     <span class='ocr_line' id='line_1_36' title="bbox 93 2325 814 2366; baseline 0.001 -11"><span class='ocrx_word' id='word_1_193' title='bbox 93 2325 238 2361; x_wconf 67' lang='lat' dir='ltr'>Horatio,</span> <span class='ocrx_word' id='word_1_194' title='bbox 260 2331 292 2355; x_wconf 88' lang='lat' dir='ltr'>et</span> <span class='ocrx_word' id='word_1_195' title='bbox 305 2325 390 2363; x_wconf 90' lang='lat' dir='ltr'>aliis;</span> <span class='ocrx_word' id='word_1_196' title='bbox 411 2326 500 2366; x_wconf 83' lang='lat' dir='ltr'>quasi</span> <span class='ocrx_word' id='word_1_197' title='bbox 524 2326 606 2356; x_wconf 88' lang='lat' dir='ltr'>foret</span> <span class='ocrx_word' id='word_1_198' title='bbox 621 2326 743 2356; x_wconf 85' lang='lat' dir='ltr'>illidens</span> <span class='ocrx_word' id='word_1_199' title='bbox 758 2337 814 2356; x_wconf 90' lang='lat' dir='ltr'>no-</span> 
     </span>
     <span class='ocr_line' id='line_1_37' title="bbox 91 2377 654 2418; baseline 0.002 -11"><span class='ocrx_word' id='word_1_200' title='bbox 91 2377 138 2408; x_wconf 89' lang='lat' dir='ltr'>bis</span> <span class='ocrx_word' id='word_1_201' title='bbox 148 2387 220 2407; x_wconf 86' lang='lat' dir='ltr'>suos</span> <span class='ocrx_word' id='word_1_202' title='bbox 235 2377 341 2407; x_wconf 87' lang='lat' dir='ltr'>dentes</span> <span class='ocrx_word' id='word_1_203' title='bbox 354 2378 472 2408; x_wconf 86' lang='lat' dir='ltr'>animal</span> <span class='ocrx_word' id='word_1_204' title='bbox 486 2378 654 2418; x_wconf 83' lang='lat' dir='ltr'>quodlibet.</span> 
     </span>
    </p>

    <p class='ocr_par' dir='ltr' id='par_1_20' title="bbox 89 2428 815 2567">
     <span class='ocr_line' id='line_1_38' title="bbox 135 2428 815 2470; baseline 0.006 -13"><span class='ocrx_word' id='word_1_205' title='bbox 135 2428 207 2458; x_wconf 86' lang='lat' dir='ltr'>Ver.</span> <span class='ocrx_word' id='word_1_206' title='bbox 223 2432 294 2460; x_wconf 83' lang='lat'>694.</span> <span class='ocrx_word' id='word_1_207' title='bbox 319 2431 360 2460; x_wconf 75' lang='lat' dir='ltr'>Ec</span> <span class='ocrx_word' id='word_1_208' title='bbox 375 2431 472 2469; x_wconf 75' lang='lat' dir='ltr'>lapis.-</span> <span class='ocrx_word' id='word_1_209' title='bbox 499 2436 546 2460; x_wconf 85' lang='grc' dir='ltr'>Ω.</span> <span class='ocrx_word' id='word_1_210' title='bbox 572 2431 604 2460; x_wconf 88' lang='grc' dir='ltr'><em>Ε</em></span> <span class='ocrx_word' id='word_1_211' title='bbox 615 2432 815 2470; x_wconf 80' lang='lat' dir='ltr'>lapsis.—su·</span> 
     </span>
     <span class='ocr_line' id='line_1_39' title="bbox 91 2480 815 2521; baseline 0 -10"><span class='ocrx_word' id='word_1_212' title='bbox 91 2482 178 2511; x_wconf 76' lang='lat' dir='ltr'>bitis.-</span> <span class='ocrx_word' id='word_1_213' title='bbox 205 2480 242 2510; x_wconf 86' lang='grc' dir='ltr'>Β.</span> <span class='ocrx_word' id='word_1_214' title='bbox 257 2481 387 2516; x_wconf 62' lang='lat' dir='ltr'>sabinas,-</span> <span class='ocrx_word' id='word_1_215' title='bbox 418 2487 447 2511; x_wconf 87' lang='grc' dir='ltr'><strong>Π</strong></span> <span class='ocrx_word' id='word_1_216' title='bbox 462 2482 589 2512; x_wconf 75' lang='lat' dir='ltr'>sabinis.</span> <span class='ocrx_word' id='word_1_217' title='bbox 628 2480 746 2521; x_wconf 89' lang='lat' dir='ltr'>Vulgo,</span> <span class='ocrx_word' id='word_1_218' title='bbox 762 2482 815 2512; x_wconf 84' lang='lat' dir='ltr'>sub</span> 
     </span>
     <span class='ocr_line' id='line_1_40' title="bbox 89 2539 185 2567; baseline -0.021 0"><span class='ocrx_word' id='word_1_219' title='bbox 89 2539 185 2567; x_wconf 75' lang='lat' dir='ltr'>dente.</span> 
     </span>
    </p>

    <p class='ocr_par' dir='ltr' id='par_1_21' title="bbox 91 2587 821 2990">
     <span class='ocr_line' id='line_1_41' title="bbox 135 2587 816 2628; baseline 0 -11"><span class='ocrx_word' id='word_1_220' title='bbox 135 2587 219 2618; x_wconf 84' lang='lat' dir='ltr'>Ibid.</span> <span class='ocrx_word' id='word_1_221' title='bbox 242 2589 366 2619; x_wconf 78' lang='lat' dir='ltr'>subitis:</span> <span class='ocrx_word' id='word_1_222' title='bbox 392 2587 412 2617; x_wconf 81' lang='lat' dir='ltr'>i.</span> <span class='ocrx_word' id='word_1_223' title='bbox 435 2598 462 2618; x_wconf 85' lang='lat' dir='ltr'>e.</span> <span class='ocrx_word' id='word_1_224' title='bbox 490 2590 512 2606; x_wconf 74' lang='lat'>‘⁶</span> <span class='ocrx_word' id='word_1_225' title='bbox 526 2587 670 2628; x_wconf 64' lang='lat' dir='ltr'>&gt;frugibus</span> <span class='ocrx_word' id='word_1_226' title='bbox 696 2587 816 2626; x_wconf 87' lang='lat' dir='ltr'>lapido-</span> 
     </span>
     <span class='ocr_line' id='line_1_42' title="bbox 91 2638 816 2679; baseline -0.003 -10"><span class='ocrx_word' id='word_1_227' title='bbox 91 2643 114 2658; x_wconf 87' lang='lat'><strong>“</strong></span> <span class='ocrx_word' id='word_1_228' title='bbox 130 2639 170 2669; x_wconf 90' lang='lat' dir='ltr'>sis</span> <span class='ocrx_word' id='word_1_229' title='bbox 185 2638 293 2669; x_wconf 82' lang='lat' dir='ltr'>dentes</span> <span class='ocrx_word' id='word_1_230' title='bbox 301 2638 537 2670; x_wconf 77' lang='lat' dir='ltr'>subeuntibus:’‘</span> <span class='ocrx_word' id='word_1_231' title='bbox 553 2649 649 2679; x_wconf 88' lang='lat' dir='ltr'>quam</span> <span class='ocrx_word' id='word_1_232' title='bbox 659 2638 742 2672; x_wconf 78' lang='lat' dir='ltr'>verbi</span> <span class='ocrx_word' id='word_1_233' title='bbox 753 2638 816 2668; x_wconf 89' lang='lat' dir='ltr'>usi-</span> 
     </span>
     <span class='ocr_line' id='line_1_43' title="bbox 92 2690 818 2730; baseline -0.001 -9"><span class='ocrx_word' id='word_1_234' title='bbox 92 2691 277 2721; x_wconf 80' lang='lat' dir='ltr'>tatissimam</span> <span class='ocrx_word' id='word_1_235' title='bbox 292 2697 476 2730; x_wconf 84' lang='lat' dir='ltr'>potestatem</span> <span class='ocrx_word' id='word_1_236' title='bbox 498 2701 555 2721; x_wconf 93' lang='lat' dir='ltr'>nos</span> <span class='ocrx_word' id='word_1_237' title='bbox 573 2697 698 2721; x_wconf 87' lang='lat' dir='ltr'>strenue</span> <span class='ocrx_word' id='word_1_238' title='bbox 719 2690 818 2720; x_wconf 77' lang='lat' dir='ltr'>venti-</span> 
     </span>
     <span class='ocr_line' id='line_1_44' title="bbox 93 2741 818 2787; baseline -0.001 -15"><span class='ocrx_word' id='word_1_239' title='bbox 93 2741 235 2779; x_wconf 89' lang='lat' dir='ltr'>lavimus,</span> <span class='ocrx_word' id='word_1_240' title='bbox 258 2741 298 2772; x_wconf 84' lang='lat' dir='ltr'>ad</span> <span class='ocrx_word' id='word_1_241' title='bbox 313 2742 344 2787; x_wconf 64' lang='lat' dir='ltr'>ii.</span> <span class='ocrx_word' id='word_1_242' title='bbox 359 2745 432 2773; x_wconf 79' lang='lat'>565.</span> <span class='ocrx_word' id='word_1_243' title='bbox 455 2742 594 2772; x_wconf 89' lang='lat' dir='ltr'>Tantilla</span> <span class='ocrx_word' id='word_1_244' title='bbox 615 2752 673 2778; x_wconf 88' lang='lat' dir='ltr'>res,</span> <span class='ocrx_word' id='word_1_245' title='bbox 697 2741 818 2772; x_wconf 87' lang='lat' dir='ltr'>nemini</span> 
     </span>
     <span class='ocr_line' id='line_1_45' title="bbox 96 2794 818 2834; baseline -0.001 -10"><span class='ocrx_word' id='word_1_246' title='bbox 96 2801 247 2834; x_wconf 85' lang='lat' dir='ltr'>percepta,</span> <span class='ocrx_word' id='word_1_247' title='bbox 269 2794 349 2825; x_wconf 84' lang='lat' dir='ltr'>viros</span> <span class='ocrx_word' id='word_1_248' title='bbox 364 2794 502 2825; x_wconf 90' lang='lat' dir='ltr'>eruditos</span> <span class='ocrx_word' id='word_1_249' title='bbox 516 2794 594 2825; x_wconf 92' lang='lat' dir='ltr'>adeo</span> <span class='ocrx_word' id='word_1_250' title='bbox 608 2794 717 2824; x_wconf 89' lang='lat' dir='ltr'>habuit</span> <span class='ocrx_word' id='word_1_251' title='bbox 732 2804 818 2824; x_wconf 83' lang='lat' dir='ltr'>exer-</span> 
     </span>
     <span class='ocr_line' id='line_1_46' title="bbox 97 2845 821 2884; baseline -0.001 -8"><span class='ocrx_word' id='word_1_252' title='bbox 97 2845 183 2884; x_wconf 89' lang='lat' dir='ltr'>citos,</span> <span class='ocrx_word' id='word_1_253' title='bbox 197 2852 234 2877; x_wconf 82' lang='lat' dir='ltr'>ut</span> <span class='ocrx_word' id='word_1_254' title='bbox 247 2847 468 2877; x_wconf 82' lang='lat' dir='ltr'>concertavisse</span> <span class='ocrx_word' id='word_1_255' title='bbox 476 2847 650 2883; x_wconf 78' lang='lat' dir='ltr'>videantur,</span> <span class='ocrx_word' id='word_1_256' title='bbox 666 2852 736 2877; x_wconf 88' lang='lat' dir='ltr'>uter</span> <span class='ocrx_word' id='word_1_257' title='bbox 750 2852 821 2875; x_wconf 88' lang='lat' dir='ltr'>utro</span> 
     </span>
     <span class='ocr_line' id='line_1_47' title="bbox 97 2896 821 2936; baseline 0 -10"><span class='ocrx_word' id='word_1_258' title='bbox 97 2896 236 2936; x_wconf 87' lang='lat' dir='ltr'>pluribus</span> <span class='ocrx_word' id='word_1_259' title='bbox 258 2899 513 2934; x_wconf 86' lang='lat' dir='ltr'>correctionibus,</span> <span class='ocrx_word' id='word_1_260' title='bbox 535 2904 643 2928; x_wconf 84' lang='lat' dir='ltr'>contra</span> <span class='ocrx_word' id='word_1_261' title='bbox 663 2898 821 2927; x_wconf 90' lang='lat' dir='ltr'>membra-</span> 
     </span>
     <span class='ocr_line' id='line_1_48' title="bbox 99 2948 820 2990; baseline -0.001 -12"><span class='ocrx_word' id='word_1_262' title='bbox 99 2958 210 2979; x_wconf 80' lang='lat' dir='ltr'>narum</span> <span class='ocrx_word' id='word_1_263' title='bbox 225 2950 461 2989; x_wconf 84' lang='lat' dir='ltr'>purissimarum</span> <span class='ocrx_word' id='word_1_264' title='bbox 486 2949 580 2980; x_wconf 83' lang='lat' dir='ltr'>fidem</span> <span class='ocrx_word' id='word_1_265' title='bbox 598 2950 695 2986; x_wconf 84' lang='lat' dir='ltr'>factis,</span> <span class='ocrx_word' id='word_1_266' title='bbox 719 2948 820 2990; x_wconf 76' lang='lat' dir='ltr'>gravi-</span> 
     </span>
    </p>
   </div>
   <div class='ocr_carea' id='block_1_19' title="bbox 845 1052 1574 1299">
    <p class='ocr_par' dir='ltr' id='par_1_22' title="bbox 845 1052 1574 1299">
     <span class='ocr_line' id='line_1_49' title="bbox 845 1052 1572 1093; baseline -0.008 -7"><span class='ocrx_word' id='word_1_267' title='bbox 845 1067 882 1085; x_wconf 85' lang='lat' dir='ltr'>us</span> <span class='ocrx_word' id='word_1_268' title='bbox 896 1054 1080 1086; x_wconf 81' lang='lat' dir='ltr'>Lucretium</span> <span class='ocrx_word' id='word_1_269' title='bbox 1103 1058 1348 1093; x_wconf 87' lang='lat' dir='ltr'>corrumperent,</span> <span class='ocrx_word' id='word_1_270' title='bbox 1375 1057 1406 1083; x_wconf 89' lang='lat' dir='ltr'>et</span> <span class='ocrx_word' id='word_1_271' title='bbox 1427 1052 1572 1084; x_wconf 83' lang='lat' dir='ltr'>oblitera.</span> 
     </span>
     <span class='ocr_line' id='line_1_50' title="bbox 847 1104 1571 1147; baseline -0.003 -10"><span class='ocrx_word' id='word_1_272' title='bbox 847 1113 924 1137; x_wconf 89' lang='lat' dir='ltr'>rent.</span> <span class='ocrx_word' id='word_1_273' title='bbox 969 1107 1082 1147; x_wconf 90' lang='lat' dir='ltr'>Neque</span> <span class='ocrx_word' id='word_1_274' title='bbox 1107 1106 1201 1136; x_wconf 88' lang='lat' dir='ltr'>aliam</span> <span class='ocrx_word' id='word_1_275' title='bbox 1224 1104 1479 1143; x_wconf 87' lang='lat' dir='ltr'>depravationem</span> <span class='ocrx_word' id='word_1_276' title='bbox 1504 1105 1571 1135; x_wconf 87' lang='lat' dir='ltr'>Va-</span> 
     </span>
     <span class='ocr_line' id='line_1_51' title="bbox 845 1155 1571 1193; baseline -0.006 -5"><span class='ocrx_word' id='word_1_277' title='bbox 845 1158 922 1188; x_wconf 88' lang='lat' dir='ltr'>lerio</span> <span class='ocrx_word' id='word_1_278' title='bbox 950 1157 1064 1187; x_wconf 86' lang='lat' dir='ltr'>Flacco</span> <span class='ocrx_word' id='word_1_279' title='bbox 1092 1157 1302 1187; x_wconf 86' lang='lat' dir='ltr'>meditabatur</span> <span class='ocrx_word' id='word_1_280' title='bbox 1324 1155 1490 1193; x_wconf 86' lang='lat' dir='ltr'>Heinsius,</span> <span class='ocrx_word' id='word_1_281' title='bbox 1520 1155 1571 1185; x_wconf 73' lang='lat' dir='ltr'>eii-</span> 
     </span>
     <span class='ocr_line' id='line_1_52' title="bbox 845 1206 1574 1243; baseline -0.003 -5"><span class='ocrx_word' id='word_1_282' title='bbox 845 1209 918 1238; x_wconf 88' lang='lat' dir='ltr'>dem</span> <span class='ocrx_word' id='word_1_283' title='bbox 933 1207 972 1237; x_wconf 91' lang='lat' dir='ltr'>de</span> <span class='ocrx_word' id='word_1_284' title='bbox 994 1207 1101 1237; x_wconf 71' lang='lat' dir='ltr'>caussa</span> <span class='ocrx_word' id='word_1_285' title='bbox 1115 1207 1223 1236; x_wconf 91' lang='lat' dir='ltr'>minus</span> <span class='ocrx_word' id='word_1_286' title='bbox 1243 1206 1413 1243; x_wconf 88' lang='lat' dir='ltr'>intellecto,</span> <span class='ocrx_word' id='word_1_287' title='bbox 1436 1207 1470 1236; x_wconf 90' lang='lat' dir='ltr'>in</span> <span class='ocrx_word' id='word_1_288' title='bbox 1491 1207 1574 1237; x_wconf 83' lang='lat' dir='ltr'>notis</span> 
     </span>
     <span class='ocr_line' id='line_1_53' title="bbox 845 1258 1136 1299; baseline -0.007 -9"><span class='ocrx_word' id='word_1_289' title='bbox 845 1260 884 1290; x_wconf 83' lang='lat' dir='ltr'>ad</span> <span class='ocrx_word' id='word_1_290' title='bbox 901 1260 1022 1299; x_wconf 85' lang='lat' dir='ltr'>Argon.</span> <span class='ocrx_word' id='word_1_291' title='bbox 1035 1258 1069 1288; x_wconf 83' lang='lat' dir='ltr'>ii.</span> <span class='ocrx_word' id='word_1_292' title='bbox 1085 1261 1136 1289; x_wconf 85' lang='lat'>50.</span> 
     </span>
    </p>
   </div>
   <div class='ocr_carea' id='block_1_20' title="bbox 906 1339 1537 1405">
    <p class='ocr_par' dir='ltr' id='par_1_23' title="bbox 906 1339 1537 1405">
     <span class='ocr_line' id='line_1_54' title="bbox 906 1339 1537 1372; baseline 0.002 -8"><span class='ocrx_word' id='word_1_293' title='bbox 906 1342 948 1365; x_wconf 87' lang='lat' dir='ltr'>An</span> <span class='ocrx_word' id='word_1_294' title='bbox 959 1346 1013 1365; x_wconf 89' lang='lat' dir='ltr'>non</span> <span class='ocrx_word' id='word_1_295' title='bbox 1025 1339 1144 1372; x_wconf 83' lang='lat' dir='ltr'>experti,</span> <span class='ocrx_word' id='word_1_296' title='bbox 1160 1339 1257 1365; x_wconf 80' lang='lat' dir='ltr'>subitus</span> <span class='ocrx_word' id='word_1_297' title='bbox 1268 1346 1344 1370; x_wconf 86' lang='lat' dir='ltr'>cum,</span> <span class='ocrx_word' id='word_1_298' title='bbox 1360 1340 1421 1365; x_wconf 85' lang='lat' dir='ltr'>luce</span> <span class='ocrx_word' id='word_1_299' title='bbox 1431 1339 1537 1372; x_wconf 69' lang='lat' dir='ltr'>fugata,</span> 
     </span>
     <span class='ocr_line' id='line_1_55' title="bbox 906 1379 1183 1405; baseline 0 -1"><span class='ocrx_word' id='word_1_300' title='bbox 906 1380 1015 1405; x_wconf 85' lang='lat' dir='ltr'>Horruit</span> <span class='ocrx_word' id='word_1_301' title='bbox 1025 1379 1102 1404; x_wconf 82' lang='lat' dir='ltr'>imbre</span> <span class='ocrx_word' id='word_1_302' title='bbox 1112 1379 1183 1405; x_wconf 81' lang='lat' dir='ltr'>dies?</span> 
     </span>
    </p>
   </div>
   <div class='ocr_carea' id='block_1_21' title="bbox 846 1461 1586 2840">
    <p class='ocr_par' dir='ltr' id='par_1_24' title="bbox 846 1461 1586 2745">
     <span class='ocr_line' id='line_1_56' title="bbox 846 1461 1575 1502; baseline 0 -10"><span class='ocrx_word' id='word_1_303' title='bbox 846 1473 971 1502; x_wconf 88' lang='lat' dir='ltr'>nempe,</span> <span class='ocrx_word' id='word_1_304' title='bbox 996 1466 1018 1481; x_wconf 74' lang='lat'>‘⁴</span> <span class='ocrx_word' id='word_1_305' title='bbox 1034 1462 1101 1492; x_wconf 88' lang='lat' dir='ltr'>dies</span> <span class='ocrx_word' id='word_1_306' title='bbox 1116 1462 1236 1492; x_wconf 80' lang='lat' dir='ltr'>subitus</span> <span class='ocrx_word' id='word_1_307' title='bbox 1247 1461 1380 1493; x_wconf 88' lang='lat' dir='ltr'>imbre:‘’</span> <span class='ocrx_word' id='word_1_308' title='bbox 1402 1462 1422 1492; x_wconf 87' lang='lat' dir='ltr'>i.</span> <span class='ocrx_word' id='word_1_309' title='bbox 1439 1473 1464 1492; x_wconf 91' lang='lat' dir='ltr'>e.</span> <span class='ocrx_word' id='word_1_310' title='bbox 1480 1461 1575 1493; x_wconf 87' lang='lat' dir='ltr'>inter-</span> 
     </span>
     <span class='ocr_line' id='line_1_57' title="bbox 847 1512 1574 1554; baseline 0.001 -12"><span class='ocrx_word' id='word_1_311' title='bbox 847 1519 954 1552; x_wconf 82' lang='lat' dir='ltr'>ceptus</span> <span class='ocrx_word' id='word_1_312' title='bbox 969 1513 1085 1551; x_wconf 82' lang='lat' dir='ltr'>imbre3</span> <span class='ocrx_word' id='word_1_313' title='bbox 1107 1523 1203 1554; x_wconf 90' lang='lat' dir='ltr'>quem</span> <span class='ocrx_word' id='word_1_314' title='bbox 1217 1512 1319 1542; x_wconf 88' lang='lat' dir='ltr'>imber</span> <span class='ocrx_word' id='word_1_315' title='bbox 1329 1512 1433 1544; x_wconf 87' lang='lat' dir='ltr'>subiit.</span> <span class='ocrx_word' id='word_1_316' title='bbox 1477 1513 1574 1543; x_wconf 87' lang='lat' dir='ltr'>Tem-</span> 
     </span>
     <span class='ocr_line' id='line_1_58' title="bbox 846 1563 1583 1604; baseline 0 -10"><span class='ocrx_word' id='word_1_317' title='bbox 846 1565 983 1604; x_wconf 85' lang='lat' dir='ltr'>pestivus</span> <span class='ocrx_word' id='word_1_318' title='bbox 997 1564 1140 1595; x_wconf 82' lang='lat' dir='ltr'>adveniet</span> <span class='ocrx_word' id='word_1_319' title='bbox 1163 1563 1309 1594; x_wconf 87' lang='lat' dir='ltr'>Messalae</span> <span class='ocrx_word' id='word_1_320' title='bbox 1327 1564 1456 1595; x_wconf 88' lang='lat' dir='ltr'>Corvini</span> <span class='ocrx_word' id='word_1_321' title='bbox 1477 1563 1583 1603; x_wconf 83' lang='lat' dir='ltr'>locus,</span> 
     </span>
     <span class='ocr_line' id='line_1_59' title="bbox 848 1619 1579 1660; baseline -0.004 -10"><span class='ocrx_word' id='word_1_322' title='bbox 848 1620 887 1650; x_wconf 89' lang='lat' dir='ltr'>de</span> <span class='ocrx_word' id='word_1_323' title='bbox 915 1619 1054 1660; x_wconf 89' lang='lat' dir='ltr'>Augusti</span> <span class='ocrx_word' id='word_1_324' title='bbox 1079 1620 1239 1660; x_wconf 88' lang='lat' dir='ltr'>progenie,</span> <span class='ocrx_word' id='word_1_325' title='bbox 1262 1628 1328 1658; x_wconf 90' lang='lat' dir='ltr'>cap.</span> <span class='ocrx_word' id='word_1_326' title='bbox 1355 1621 1406 1649; x_wconf 77' lang='lat'>25.</span> <span class='ocrx_word' id='word_1_327' title='bbox 1430 1628 1525 1659; x_wconf 88' lang='lat' dir='ltr'>quem</span> <span class='ocrx_word' id='word_1_328' title='bbox 1548 1623 1579 1647; x_wconf 85' lang='lat' dir='ltr'>et</span> 
     </span>
     <span class='ocr_line' id='line_1_60' title="bbox 848 1669 1581 1711; baseline -0.003 -9"><span class='ocrx_word' id='word_1_329' title='bbox 848 1672 1072 1711; x_wconf 84' lang='lat' dir='ltr'>interpretabor</span> <span class='ocrx_word' id='word_1_330' title='bbox 1097 1677 1129 1701; x_wconf 88' lang='lat' dir='ltr'>et</span> <span class='ocrx_word' id='word_1_331' title='bbox 1151 1671 1332 1701; x_wconf 83' lang='lat' dir='ltr'>resarciam:</span> <span class='ocrx_word' id='word_1_332' title='bbox 1371 1673 1394 1688; x_wconf 75' lang='lat'>‘⁶</span> <span class='ocrx_word' id='word_1_333' title='bbox 1417 1669 1581 1709; x_wconf 80' lang='lat' dir='ltr'>Superfuit</span> 
     </span>
     <span class='ocr_line' id='line_1_61' title="bbox 850 1721 1580 1762; baseline -0.003 -9"><span class='ocrx_word' id='word_1_334' title='bbox 850 1727 873 1742; x_wconf 85' lang='lat'><strong>“</strong></span> <span class='ocrx_word' id='word_1_335' title='bbox 891 1723 1063 1760; x_wconf 89' lang='lat' dir='ltr'>Romulus;</span> <span class='ocrx_word' id='word_1_336' title='bbox 1093 1722 1147 1762; x_wconf 90' lang='lat' dir='ltr'>qui</span> <span class='ocrx_word' id='word_1_337' title='bbox 1169 1721 1311 1760; x_wconf 89' lang='lat' dir='ltr'>demum,</span> <span class='ocrx_word' id='word_1_338' title='bbox 1334 1721 1420 1751; x_wconf 84' lang='lat' dir='ltr'>victis</span> <span class='ocrx_word' id='word_1_339' title='bbox 1444 1721 1580 1752; x_wconf 87' lang='lat' dir='ltr'>Fidena-</span> 
     </span>
     <span class='ocr_line' id='line_1_62' title="bbox 852 1772 1580 1811; baseline -0.001 -8"><span class='ocrx_word' id='word_1_340' title='bbox 852 1777 874 1792; x_wconf 89' lang='lat'><strong>“</strong></span> <span class='ocrx_word' id='word_1_341' title='bbox 890 1773 973 1804; x_wconf 87' lang='lat' dir='ltr'>tibus</span> <span class='ocrx_word' id='word_1_342' title='bbox 995 1783 1031 1803; x_wconf 89' lang='lat' dir='ltr'>ac</span> <span class='ocrx_word' id='word_1_343' title='bbox 1045 1773 1245 1810; x_wconf 87' lang='lat' dir='ltr'>Veientibus,</span> <span class='ocrx_word' id='word_1_344' title='bbox 1267 1772 1309 1802; x_wconf 90' lang='lat' dir='ltr'>ad</span> <span class='ocrx_word' id='word_1_345' title='bbox 1337 1772 1465 1811; x_wconf 84' lang='lat' dir='ltr'>Capreae</span> <span class='ocrx_word' id='word_1_346' title='bbox 1489 1772 1580 1811; x_wconf 88' lang='lat' dir='ltr'>palu-</span> 
     </span>
     <span class='ocr_line' id='line_1_63' title="bbox 854 1823 1582 1860; baseline -0.003 -4"><span class='ocrx_word' id='word_1_347' title='bbox 854 1829 876 1844; x_wconf 91' lang='lat'><strong>“</strong></span> <span class='ocrx_word' id='word_1_348' title='bbox 892 1825 966 1856; x_wconf 86' lang='lat' dir='ltr'>dem</span> <span class='ocrx_word' id='word_1_349' title='bbox 981 1825 1131 1856; x_wconf 83' lang='lat' dir='ltr'>concione</span> <span class='ocrx_word' id='word_1_350' title='bbox 1143 1823 1269 1860; x_wconf 63' lang='lat' dir='ltr'>habita,</span> <span class='ocrx_word' id='word_1_351' title='bbox 1292 1826 1388 1855; x_wconf 78' lang='lat' dir='ltr'>subito</span> <span class='ocrx_word' id='word_1_352' title='bbox 1411 1824 1536 1854; x_wconf 91' lang='lat' dir='ltr'>turbine</span> <span class='ocrx_word' id='word_1_353' title='bbox 1550 1830 1582 1854; x_wconf 83' lang='lat' dir='ltr'>et</span> 
     </span>
     <span class='ocr_line' id='line_1_64' title="bbox 854 1875 1567 1915; baseline -0.001 -8"><span class='ocrx_word' id='word_1_354' title='bbox 854 1881 876 1896; x_wconf 86' lang='lat'><strong>“</strong></span> <span class='ocrx_word' id='word_1_355' title='bbox 891 1877 991 1907; x_wconf 87' lang='lat' dir='ltr'>imbre</span> <span class='ocrx_word' id='word_1_356' title='bbox 1005 1876 1126 1907; x_wconf 88' lang='lat' dir='ltr'>lumine</span> <span class='ocrx_word' id='word_1_357' title='bbox 1150 1875 1223 1906; x_wconf 89' lang='lat' dir='ltr'>solis</span> <span class='ocrx_word' id='word_1_358' title='bbox 1244 1876 1400 1915; x_wconf 85' lang='lat' dir='ltr'>adempto,</span> <span class='ocrx_word' id='word_1_359' title='bbox 1423 1876 1504 1906; x_wconf 87' lang='lat' dir='ltr'>inter</span> <span class='ocrx_word' id='word_1_360' title='bbox 1518 1875 1567 1906; x_wconf 88' lang='lat' dir='ltr'>ful</span> 
     </span>
     <span class='ocr_line' id='line_1_65' title="bbox 854 1928 1581 1970; baseline 0 -11"><span class='ocrx_word' id='word_1_361' title='bbox 854 1932 877 1948; x_wconf 86' lang='lat'><strong>“</strong></span> <span class='ocrx_word' id='word_1_362' title='bbox 891 1939 971 1970; x_wconf 86' lang='lat' dir='ltr'>gura</span> <span class='ocrx_word' id='word_1_363' title='bbox 1004 1935 1036 1959; x_wconf 82' lang='lat' dir='ltr'>et</span> <span class='ocrx_word' id='word_1_364' title='bbox 1072 1928 1280 1967; x_wconf 84' lang='lat' dir='ltr'>obstrepentia</span> <span class='ocrx_word' id='word_1_365' title='bbox 1317 1928 1386 1958; x_wconf 87' lang='lat' dir='ltr'>coeli</span> <span class='ocrx_word' id='word_1_366' title='bbox 1421 1939 1581 1959; x_wconf 78' lang='lat' dir='ltr'>murmura</span> 
     </span>
     <span class='ocr_line' id='line_1_66' title="bbox 854 1979 1579 2021; baseline 0 -11"><span class='ocrx_word' id='word_1_367' title='bbox 854 1984 878 1999; x_wconf 74' lang='lat'>‘²</span> <span class='ocrx_word' id='word_1_368' title='bbox 893 1986 1028 2020; x_wconf 88' lang='lat' dir='ltr'>ereptus,</span> <span class='ocrx_word' id='word_1_369' title='bbox 1044 1990 1201 2021; x_wconf 89' lang='lat' dir='ltr'>nusquam</span> <span class='ocrx_word' id='word_1_370' title='bbox 1212 1979 1389 2019; x_wconf 85' lang='lat' dir='ltr'>apparuit.‘’</span> <span class='ocrx_word' id='word_1_371' title='bbox 1416 1979 1505 2010; x_wconf 85' lang='lat' dir='ltr'>Ordo</span> <span class='ocrx_word' id='word_1_372' title='bbox 1520 1986 1579 2010; x_wconf 88' lang='lat' dir='ltr'>est:</span> 
     </span>
     <span class='ocr_line' id='line_1_67' title="bbox 855 2031 1583 2071; baseline 0 -9"><span class='ocrx_word' id='word_1_373' title='bbox 855 2036 878 2051; x_wconf 88' lang='lat'><strong>“</strong></span> <span class='ocrx_word' id='word_1_374' title='bbox 894 2033 1032 2063; x_wconf 89' lang='lat' dir='ltr'>Lumine</span> <span class='ocrx_word' id='word_1_375' title='bbox 1059 2032 1132 2062; x_wconf 84' lang='lat' dir='ltr'>solis</span> <span class='ocrx_word' id='word_1_376' title='bbox 1160 2031 1306 2071; x_wconf 87' lang='lat' dir='ltr'>adempto</span> <span class='ocrx_word' id='word_1_377' title='bbox 1339 2042 1394 2071; x_wconf 89' lang='lat' dir='ltr'>per</span> <span class='ocrx_word' id='word_1_378' title='bbox 1422 2032 1583 2062; x_wconf 86' lang='lat' dir='ltr'>turbinem</span> 
     </span>
     <span class='ocr_line' id='line_1_68' title="bbox 857 2085 1582 2123; baseline -0.001 -7"><span class='ocrx_word' id='word_1_379' title='bbox 857 2089 877 2104; x_wconf 92' lang='lat'><strong>“</strong></span> <span class='ocrx_word' id='word_1_380' title='bbox 893 2087 1046 2116; x_wconf 79' lang='lat' dir='ltr'>subortum</span> <span class='ocrx_word' id='word_1_381' title='bbox 1070 2092 1107 2115; x_wconf 82' lang='lat' dir='ltr'>et</span> <span class='ocrx_word' id='word_1_382' title='bbox 1130 2085 1295 2115; x_wconf 88' lang='lat' dir='ltr'>.imbrem.&#39;&#39;</span> <span class='ocrx_word' id='word_1_383' title='bbox 1340 2086 1384 2115; x_wconf 86' lang='lat' dir='ltr'>Et</span> <span class='ocrx_word' id='word_1_384' title='bbox 1410 2085 1483 2115; x_wconf 92' lang='lat' dir='ltr'>MS.</span> <span class='ocrx_word' id='word_1_385' title='bbox 1518 2085 1582 2123; x_wconf 84' lang='lat' dir='ltr'>dat,</span> 
     </span>
     <span class='ocr_line' id='line_1_69' title="bbox 856 2136 1582 2177; baseline 0 -11"><span class='ocrx_word' id='word_1_386' title='bbox 856 2139 879 2155; x_wconf 88' lang='lat'>“</span> <span class='ocrx_word' id='word_1_387' title='bbox 894 2136 1021 2177; x_wconf 86' lang='lat' dir='ltr'>fulgura</span> <span class='ocrx_word' id='word_1_388' title='bbox 1041 2143 1068 2167; x_wconf 81' lang='grc' dir='ltr'>ει</span> <span class='ocrx_word' id='word_1_389' title='bbox 1093 2137 1303 2176; x_wconf 86' lang='lat' dir='ltr'>obstrepentia</span> <span class='ocrx_word' id='word_1_390' title='bbox 1324 2136 1394 2167; x_wconf 88' lang='lat' dir='ltr'>coeli</span> <span class='ocrx_word' id='word_1_391' title='bbox 1418 2136 1582 2176; x_wconf 86' lang='lat' dir='ltr'>ereptus:”</span> 
     </span>
     <span class='ocr_line' id='line_1_70' title="bbox 855 2188 1584 2228; baseline -0.003 -9"><span class='ocrx_word' id='word_1_392' title='bbox 855 2188 940 2219; x_wconf 89' lang='lat' dir='ltr'>unde</span> <span class='ocrx_word' id='word_1_393' title='bbox 954 2188 1143 2228; x_wconf 85' lang='lat' dir='ltr'>expulerunt</span> <span class='ocrx_word' id='word_1_394' title='bbox 1156 2188 1290 2219; x_wconf 62' lang='lat' dir='ltr'>editores</span> <span class='ocrx_word' id='word_1_395' title='bbox 1305 2202 1338 2219; x_wconf 69' lang='lat' dir='ltr'>‘ro</span> <span class='ocrx_word' id='word_1_396' title='bbox 1349 2194 1387 2224; x_wconf 83' lang='lat' dir='ltr'>et,</span> <span class='ocrx_word' id='word_1_397' title='bbox 1403 2198 1504 2228; x_wconf 87' lang='lat' dir='ltr'>quum</span> <span class='ocrx_word' id='word_1_398' title='bbox 1518 2198 1584 2218; x_wconf 78' lang='lat' dir='ltr'>ma.</span> 
     </span>
     <span class='ocr_line' id='line_1_71' title="bbox 856 2240 1583 2281; baseline 0 -11"><span class='ocrx_word' id='word_1_399' title='bbox 856 2240 1094 2271; x_wconf 86' lang='lat' dir='ltr'>nifestissimum</span> <span class='ocrx_word' id='word_1_400' title='bbox 1118 2241 1158 2270; x_wconf 84' lang='lat' dir='ltr'>sit</span> <span class='ocrx_word' id='word_1_401' title='bbox 1179 2251 1288 2271; x_wconf 83' lang='lat' dir='ltr'>vocem</span> <span class='ocrx_word' id='word_1_402' title='bbox 1310 2240 1448 2281; x_wconf 87' lang='lat' dir='ltr'>aliquam</span> <span class='ocrx_word' id='word_1_403' title='bbox 1456 2240 1583 2270; x_wconf 84' lang='lat' dir='ltr'>deside-</span> 
     </span>
     <span class='ocr_line' id='line_1_72' title="bbox 858 2292 1583 2330; baseline -0.001 -7"><span class='ocrx_word' id='word_1_404' title='bbox 858 2293 927 2323; x_wconf 83' lang='lat' dir='ltr'>rari.</span> <span class='ocrx_word' id='word_1_405' title='bbox 972 2293 1062 2323; x_wconf 88' lang='lat' dir='ltr'>Hinc</span> <span class='ocrx_word' id='word_1_406' title='bbox 1085 2293 1169 2324; x_wconf 87' lang='lat' dir='ltr'>salus</span> <span class='ocrx_word' id='word_1_407' title='bbox 1185 2293 1359 2323; x_wconf 89' lang='lat' dir='ltr'>Ammiano</span> <span class='ocrx_word' id='word_1_408' title='bbox 1384 2292 1583 2330; x_wconf 82' lang='lat' dir='ltr'>Marcellino,</span> 
     </span>
     <span class='ocr_line' id='line_1_73' title="bbox 857 2343 1585 2386; baseline -0.001 -12"><span class='ocrx_word' id='word_1_409' title='bbox 857 2345 898 2375; x_wconf 90' lang='lat' dir='ltr'>ad</span> <span class='ocrx_word' id='word_1_410' title='bbox 912 2355 983 2375; x_wconf 74' lang='lat' dir='ltr'>xxX.</span> <span class='ocrx_word' id='word_1_411' title='bbox 1000 2350 1029 2376; x_wconf 88' lang='grc'>6.</span> <span class='ocrx_word' id='word_1_412' title='bbox 1054 2345 1192 2386; x_wconf 85' lang='lat' dir='ltr'>vestigiis</span> <span class='ocrx_word' id='word_1_413' title='bbox 1216 2347 1472 2376; x_wconf 87' lang='lat' dir='ltr'>membranarum</span> <span class='ocrx_word' id='word_1_414' title='bbox 1497 2343 1585 2373; x_wconf 84' lang='lat' dir='ltr'>lectis</span> 
     </span>
     <span class='ocr_line' id='line_1_74' title="bbox 858 2396 1584 2436; baseline -0.001 -11"><span class='ocrx_word' id='word_1_415' title='bbox 858 2396 1060 2435; x_wconf 87' lang='lat' dir='ltr'>pressissime:</span> <span class='ocrx_word' id='word_1_416' title='bbox 1097 2400 1118 2414; x_wconf 87' lang='lat'><strong>“</strong></span> <span class='ocrx_word' id='word_1_417' title='bbox 1134 2414 1179 2420; x_wconf 91' lang='lat'><em>—</em></span> <span class='ocrx_word' id='word_1_418' title='bbox 1193 2403 1222 2427; x_wconf 82' lang='lat' dir='ltr'>et</span> <span class='ocrx_word' id='word_1_419' title='bbox 1246 2403 1366 2436; x_wconf 76' lang='lat' dir='ltr'>repente</span> <span class='ocrx_word' id='word_1_420' title='bbox 1389 2397 1485 2426; x_wconf 71' lang='lat' dir='ltr'>subito</span> <span class='ocrx_word' id='word_1_421' title='bbox 1512 2405 1584 2424; x_wconf 87' lang='lat' dir='ltr'>san-</span> 
     </span>
     <span class='ocr_line' id='line_1_75' title="bbox 860 2445 1586 2487; baseline -0.004 -10"><span class='ocrx_word' id='word_1_422' title='bbox 860 2450 882 2465; x_wconf 90' lang='lat'><strong>“</strong></span> <span class='ocrx_word' id='word_1_423' title='bbox 899 2447 1004 2487; x_wconf 84' lang='lat' dir='ltr'>guine,</span> <span class='ocrx_word' id='word_1_424' title='bbox 1030 2447 1116 2478; x_wconf 90' lang='lat' dir='ltr'>letali</span> <span class='ocrx_word' id='word_1_425' title='bbox 1131 2447 1244 2478; x_wconf 89' lang='lat' dir='ltr'>sudore</span> <span class='ocrx_word' id='word_1_426' title='bbox 1257 2445 1497 2486; x_wconf 84' lang='lat' dir='ltr'>perfusus,-—ad</span> <span class='ocrx_word' id='word_1_427' title='bbox 1512 2456 1586 2476; x_wconf 87' lang='lat' dir='ltr'>con-</span> 
     </span>
     <span class='ocr_line' id='line_1_76' title="bbox 860 2497 1585 2530; baseline -0.003 -2"><span class='ocrx_word' id='word_1_428' title='bbox 860 2500 882 2515; x_wconf 89' lang='lat'><strong>“</strong></span> <span class='ocrx_word' id='word_1_429' title='bbox 899 2497 985 2528; x_wconf 82' lang='lat' dir='ltr'>clave</span> <span class='ocrx_word' id='word_1_430' title='bbox 999 2498 1112 2529; x_wconf 85' lang='lat' dir='ltr'>ductus</span> <span class='ocrx_word' id='word_1_431' title='bbox 1126 2504 1174 2529; x_wconf 85' lang='lat' dir='ltr'>est</span> <span class='ocrx_word' id='word_1_432' title='bbox 1185 2499 1368 2530; x_wconf 81' lang='lat' dir='ltr'>intimum:’&#39;</span> <span class='ocrx_word' id='word_1_433' title='bbox 1392 2498 1411 2527; x_wconf 90' lang='lat' dir='ltr'>i.</span> <span class='ocrx_word' id='word_1_434' title='bbox 1427 2508 1452 2527; x_wconf 92' lang='lat' dir='ltr'>e.</span> <span class='ocrx_word' id='word_1_435' title='bbox 1475 2500 1497 2515; x_wconf 84' lang='lat'><strong>“</strong></span> <span class='ocrx_word' id='word_1_436' title='bbox 1513 2507 1585 2526; x_wconf 87' lang='lat' dir='ltr'>san-</span> 
     </span>
     <span class='ocr_line' id='line_1_77' title="bbox 861 2549 1585 2589; baseline -0.001 -10"><span class='ocrx_word' id='word_1_437' title='bbox 861 2552 883 2567; x_wconf 87' lang='lat'><strong>“</strong></span> <span class='ocrx_word' id='word_1_438' title='bbox 899 2549 996 2589; x_wconf 85' lang='lat' dir='ltr'>guine</span> <span class='ocrx_word' id='word_1_439' title='bbox 1025 2549 1131 2580; x_wconf 85' lang='lat' dir='ltr'>statim</span> <span class='ocrx_word' id='word_1_440' title='bbox 1164 2560 1219 2589; x_wconf 93' lang='lat' dir='ltr'>per</span> <span class='ocrx_word' id='word_1_441' title='bbox 1247 2549 1401 2579; x_wconf 86' lang='lat' dir='ltr'>vomitum</span> <span class='ocrx_word' id='word_1_442' title='bbox 1429 2549 1585 2587; x_wconf 77' lang='lat' dir='ltr'>subeunte,</span> 
     </span>
     <span class='ocr_line' id='line_1_78' title="bbox 862 2600 1584 2643; baseline 0.001 -13"><span class='ocrx_word' id='word_1_443' title='bbox 862 2604 884 2619; x_wconf 89' lang='lat'><strong>“</strong></span> <span class='ocrx_word' id='word_1_444' title='bbox 902 2601 949 2631; x_wconf 86' lang='lat' dir='ltr'>vel</span> <span class='ocrx_word' id='word_1_445' title='bbox 958 2608 1115 2643; x_wconf 69' lang='lat' dir='ltr'>surgente,</span> <span class='ocrx_word' id='word_1_446' title='bbox 1126 2608 1158 2632; x_wconf 91' lang='lat' dir='ltr'>et</span> <span class='ocrx_word' id='word_1_447' title='bbox 1168 2601 1335 2632; x_wconf 87' lang='lat' dir='ltr'>irruente.&#39;&#39;</span> <span class='ocrx_word' id='word_1_448' title='bbox 1354 2600 1472 2641; x_wconf 81' lang='lat' dir='ltr'>VulgO,</span> <span class='ocrx_word' id='word_1_449' title='bbox 1483 2611 1584 2631; x_wconf 81' lang='lat' dir='ltr'>erum—</span> 
     </span>
     <span class='ocr_line' id='line_1_79' title="bbox 856 2652 1586 2693; baseline 0 -11"><span class='ocrx_word' id='word_1_450' title='bbox 856 2659 947 2693; x_wconf 79' lang='lat' dir='ltr'>pente</span> <span class='ocrx_word' id='word_1_451' title='bbox 962 2654 1076 2690; x_wconf 76' lang='lat' dir='ltr'>subito;</span> <span class='ocrx_word' id='word_1_452' title='bbox 1100 2653 1153 2683; x_wconf 89' lang='lat' dir='ltr'>sed</span> <span class='ocrx_word' id='word_1_453' title='bbox 1167 2652 1238 2682; x_wconf 92' lang='lat' dir='ltr'>libri</span> <span class='ocrx_word' id='word_1_454' title='bbox 1260 2652 1356 2682; x_wconf 91' lang='lat' dir='ltr'>MSS.</span> <span class='ocrx_word' id='word_1_455' title='bbox 1379 2662 1518 2691; x_wconf 78' lang='lat' dir='ltr'>ecrepene</span> <span class='ocrx_word' id='word_1_456' title='bbox 1533 2662 1586 2683; x_wconf 81' lang='lat' dir='ltr'>cu-</span> 
     </span>
     <span class='ocr_line' id='line_1_80' title="bbox 862 2704 1298 2745; baseline -0.002 -10"><span class='ocrx_word' id='word_1_457' title='bbox 862 2706 933 2742; x_wconf 78' lang='lat' dir='ltr'>bito,</span> <span class='ocrx_word' id='word_1_458' title='bbox 956 2704 1005 2735; x_wconf 89' lang='lat' dir='ltr'>vel</span> <span class='ocrx_word' id='word_1_459' title='bbox 1018 2717 1087 2745; x_wconf 80' lang='lat' dir='ltr'>egre</span> <span class='ocrx_word' id='word_1_460' title='bbox 1096 2716 1174 2745; x_wconf 79' lang='lat' dir='ltr'>pene</span> <span class='ocrx_word' id='word_1_461' title='bbox 1189 2706 1298 2736; x_wconf 71' lang='lat' dir='ltr'>cubico.</span> 
     </span>
    </p>

    <p class='ocr_par' dir='ltr' id='par_1_25' title="bbox 862 2755 1586 2840">
     <span class='ocr_line' id='line_1_81' title="bbox 905 2755 1586 2791; baseline -0.001 -5"><span class='ocrx_word' id='word_1_462' title='bbox 905 2757 979 2786; x_wconf 88' lang='lat' dir='ltr'>Ver.</span> <span class='ocrx_word' id='word_1_463' title='bbox 996 2761 1068 2788; x_wconf 88' lang='lat'>696.</span> <span class='ocrx_word' id='word_1_464' title='bbox 1083 2758 1197 2787; x_wconf 77' lang='lat' dir='ltr'>salvas:</span> <span class='ocrx_word' id='word_1_465' title='bbox 1225 2755 1263 2786; x_wconf 89' lang='lat' dir='ltr'>V.</span> <span class='ocrx_word' id='word_1_466' title='bbox 1280 2755 1327 2786; x_wconf 89' lang='lat' dir='ltr'>ed.</span> <span class='ocrx_word' id='word_1_467' title='bbox 1345 2757 1454 2791; x_wconf 80' lang='lat' dir='ltr'>solvos;</span> <span class='ocrx_word' id='word_1_468' title='bbox 1477 2755 1516 2785; x_wconf 89' lang='lat' dir='ltr'>P.</span> <span class='ocrx_word' id='word_1_469' title='bbox 1539 2765 1586 2785; x_wconf 82' lang='lat' dir='ltr'>so-</span> 
     </span>
     <span class='ocr_line' id='line_1_82' title="bbox 862 2809 1047 2840; baseline 0 -2"><span class='ocrx_word' id='word_1_470' title='bbox 862 2810 918 2840; x_wconf 77' lang='lat' dir='ltr'>las.</span> <span class='ocrx_word' id='word_1_471' title='bbox 942 2809 1047 2839; x_wconf 87' lang='lat' dir='ltr'>Forte:</span> 
     </span>
    </p>
   </div>
   <div class='ocr_carea' id='block_1_22' title="bbox 925 2894 1142 2903">
    <p class='ocr_par' dir='ltr' id='par_1_26' title="bbox 925 2894 1142 2903">
     <span class='ocr_line' id='line_1_83' title="bbox 925 2894 1142 2903; baseline 0 389"><span class='ocrx_word' id='word_1_472' title='bbox 925 2894 1142 2903; x_wconf 95' lang='lat' dir='ltr'> </span> 
     </span>
    </p>
   </div>
   <div class='ocr_carea' id='block_1_23' title="bbox 1151 2882 1485 2909">
    <p class='ocr_par' dir='ltr' id='par_1_27' title="bbox 1151 2882 1485 2909">
     <span class='ocr_line' id='line_1_84' title="bbox 1151 2882 1485 2909; baseline -0.006 -1"><span class='ocrx_word' id='word_1_473' title='bbox 1151 2886 1179 2908; x_wconf 89' lang='lat' dir='ltr'>et</span> <span class='ocrx_word' id='word_1_474' title='bbox 1189 2886 1254 2908; x_wconf 80' lang='lat' dir='ltr'>lotas</span> <span class='ocrx_word' id='word_1_475' title='bbox 1264 2882 1404 2909; x_wconf 72' lang='lat' dir='ltr'>exsolvere</span> <span class='ocrx_word' id='word_1_476' title='bbox 1415 2889 1469 2907; x_wconf 77' lang='lat' dir='ltr'>sese</span> <span class='ocrx_word' id='word_1_477' title='bbox 1479 2889 1485 2906; x_wconf 82' lang='lat' dir='ltr'><em>z</em></span> 
     </span>
    </p>
   </div>
   <div class='ocr_carea' id='block_1_24' title="bbox 866 2946 1592 2990">
    <p class='ocr_par' dir='ltr' id='par_1_28' title="bbox 866 2946 1592 2990">
     <span class='ocr_line' id='line_1_85' title="bbox 866 2946 1592 2990; baseline -0.006 -11"><span class='ocrx_word' id='word_1_478' title='bbox 866 2949 885 2979; x_wconf 88' lang='lat' dir='ltr'>i.</span> <span class='ocrx_word' id='word_1_479' title='bbox 900 2960 926 2980; x_wconf 86' lang='lat' dir='ltr'>e.</span> <span class='ocrx_word' id='word_1_480' title='bbox 943 2959 1006 2980; x_wconf 89' lang='lat' dir='ltr'>non</span> <span class='ocrx_word' id='word_1_481' title='bbox 1021 2949 1196 2990; x_wconf 80' lang='lat' dir='ltr'>discerptas,</span> <span class='ocrx_word' id='word_1_482' title='bbox 1217 2949 1270 2980; x_wconf 88' lang='lat' dir='ltr'>sed</span> <span class='ocrx_word' id='word_1_483' title='bbox 1285 2948 1443 2984; x_wconf 86' lang='lat' dir='ltr'>laceratas,</span> <span class='ocrx_word' id='word_1_484' title='bbox 1459 2946 1592 2986; x_wconf 79' lang='lat' dir='ltr'>ideoque</span> 
     </span>
    </p>
   </div>
  </div>
 </body>
</html>
