1912 3292
463 343 553 385 Nec
573 337 746 381 memori
766 342 904 376 tamen
924 329 967 370 id
987 326 1150 383 quimus
1170 313 1469 375 reprehendere
1489 314 1626 350 mente
1633 322 1647 355 ς

465 417 579 459 Inter
599 413 708 455 enim
723 411 834 466 jacta
852 413 912 447 est
931 403 1031 443 vita'i
1048 411 1190 455 pausa,
1212 403 1394 448 vageque

468 491 727 533 Deerrarunt
745 481 900 539 passim,
916 483 1051 518 motus
1071 472 1123 513 ab
1144 465 1326 510 sensibus
1345 474 1500 504 omnes.

469 565 606 608 Debet
627 561 752 608 enim,
775 556 920 597 misere
940 557 999 591 est
1019 545 1116 603 quoi
1136 542 1240 583 forte

359 646 438 684 875
471 640 565 695 Ipse
584 646 747 692 quoque
767 643 851 671 esse
872 628 915 666 in
936 637 985 665 eo
1005 629 1094 661 tum
1112 624 1312 668 tempore,

476 710 697 755 Adcidere:
728 705 771 747 id
791 700 987 760 quoniam
1006 707 1117 735 mors
1136 687 1294 736 eximit,
1315 694 1480 736 esseque
1499 675 1692 733 prohibet

476 787 613 847 Illum,
636 781 732 838 quoi
753 776 910 835 possint
929 763 1179 814 inconmoda
1199 755 1406 803 conciliari

336 949 451 991 galtius
479 943 628 976 admovit:
667 944 690 959 ‘⁴
710 936 866 969 Aurelius.
893 929 1058 964 Eusebius.

337 1003 359 1018 “
375 999 476 1031 matri.
499 1002 614 1027 contra.
639 997 758 1023 votum.
781 987 862 1018 fidel.
884 980 1046 1025 pansant.”

382 1052 458 1082 Ver.
474 1053 546 1081 874.
567 1048 674 1078 misere
687 1049 747 1074 est:
774 1040 816 1070 ita
836 1037 872 1068 L.
890 1035 940 1066 M.
964 1040 1065 1072 neque

340 1107 402 1139 alio
416 1105 496 1136 redit
512 1117 546 1134 ero
561 1103 652 1132 miser
667 1104 708 1130 est
727 1097 762 1138 (i.
773 1106 799 1126 e.
809 1089 959 1130 miserest)
972 1084 1066 1117 vind.

341 1163 384 1205 V.
399 1161 448 1192 cd.
466 1160 505 1190 Β.
525 1164 559 1188 Δ.
576 1161 611 1187 Σ.
629 1160 676 1185 Ω..
692 1151 826 1189 ideoque
841 1145 881 1176 ad
896 1143 992 1174 finem
1001 1149 1067 1170 ver-

343 1215 406 1250 sus,
428 1212 483 1244 ubi
504 1210 537 1241 in
552 1206 687 1248 vulgatis
708 1201 845 1243 ponitur,
869 1211 903 1228 ero
918 1201 961 1227 est
976 1192 1069 1224 omit-

346 1266 478 1298 tendum
492 1260 615 1303 putavi3
638 1263 670 1289 et
683 1264 757 1287 sane
779 1261 844 1283 non
853 1243 1016 1280 ⁴invenitur
1038 1242 1072 1273 in

348 1320 386 1351 P.
412 1320 503 1349 miser
528 1321 568 1351 et,
593 1312 629 1342 P.
658 1306 830 1346 Π.-ᾳιιοι“;
858 1301 894 1332 Ρ.
909 1300 1006 1340 quist;
1033 1294 1074 1326 O.

351 1378 396 1403 Ω.
411 1380 478 1401 cum
487 1384 497 1404 ,·
520 1367 554 1396 in
569 1363 638 1395 aliis
653 1358 801 1391 omnibus
814 1352 938 1384 videtur
953 1346 1074 1380 deside-

352 1422 422 1454 rari.

393 1483 469 1512 Ver.
485 1481 556 1510 875.
581 1483 663 1508 tum:
689 1472 726 1503 P.
750 1469 791 1500 V.
815 1466 864 1498 ed.
892 1464 931 1495 O.
956 1472 1079 1494 cum.—

352 1538 441 1580 quoi:
466 1531 599 1564 editores
622 1522 776 1558 hodierni,
799 1529 900 1561 quom,
922 1514 972 1545 vel
993 1523 1077 1547 ωιτη,-

354 1598 419 1621 non
434 1584 581 1618 audacter
601 1578 708 1610 minus
727 1579 837 1606 contra
848 1570 944 1600 libros
957 1565 1081 1597 univer-

355 1651 415 1676 sos,
438 1647 533 1680 quarn
548 1632 656 1665 leviter
669 1626 794 1667 oppido,
817 1628 850 1654 et
862 1619 987 1652 insulse.

399 1699 476 1729 Ver.
492 1698 565 1726 876.
581 1694 632 1723 id:
660 1689 705 1719 sic
726 1684 834 1717 omnia
853 1686 957 1711 vetera
978 1684 1083 1707 exem-

358 1750 470 1792 plaria:
497 1745 592 1785 vulgo
615 1741 727 1775 editur,
749 1742 800 1771 αι,·
826 1732 900 1764 satis
924 1728 1086 1760 inscite.—

361 1811 458 1834 mors:
485 1795 583 1828 vind.
603 1792 643 1824 V.
659 1790 707 1822 ed.
731 1788 771 1819 O.
790 1793 835 1818 Ω.
852 1789 887 1816 Δ.
903 1788 945 1813 Π.
961 1784 997 1812 Σ.
1011 1788 1086 1809 mox.

361 1853 525 1885 -erimr'i:
561 1853 602 1878 Π.
628 1844 911 1876 eximia—esseque
930 1831 1085 1874 prohibet.-

362 1908 409 1937 ita
428 1904 466 1935 L.
483 1902 531 1933 M.
558 1896 683 1939 syllabis
707 1887 939 1931 colliquefactis,
963 1890 994 1915 et
1017 1890 1091 1913 cum

365 1954 464 1987 veloci
488 1947 756 1993 pronunciatione,
778 1940 870 1972 sicuti
892 1936 1008 1968 centies
1028 1933 1092 1963 fac.

367 2016 438 2040 tum
451 2013 498 2037 est
511 2005 546 2035 in
568 1999 726 2035 Lucretio,
749 2001 780 2025 et
794 2003 852 2023 nos
865 1991 905 2021 de
919 1991 978 2019 hac
992 1997 1026 2016 re
1040 1994 1092 2015 us-

369 2070 432 2103 que
456 2057 497 2088 ad
521 2054 652 2086 taedium
677 2046 872 2081 monuimus:
903 2041 939 2072 P.
964 2049 1025 2070 esse
1041 2047 1095 2077 pe-

370 2113 460 2144 rimie
466 2125 475 2145 ,·
499 2108 541 2137 V.
557 2105 605 2136 ed.
619 2113 680 2135 esse
693 2098 816 2141 prohibe
832 2096 919 2128 inde‚·
947 2088 1044 2121 Vind.
1062 2092 1097 2118 Δ.

371 2171 412 2197 Π.
428 2167 464 2195 Σ.
489 2170 550 2191 esse
560 2155 685 2198 prohibe
693 2168 702 2188 ‚-
731 2151 771 2182 O.
794 2157 854 2179 esse
872 2144 1023 2186 proclive;
1054 2144 1099 2173 Ω,

373 2225 433 2247 esse
443 2212 623 2254 probatum:
649 2213 719 2246 quae
743 2198 928 2231 variationes
951 2192 991 2225 ad
1012 2191 1100 2229 inep-

372 2277 422 2298 tos
443 2263 558 2296 scribas
579 2254 732 2290 referendi
755 2256 838 2286 sunt,
861 2249 950 2278 istam
967 2243 1098 2285 syllaban

374 2327 446 2348 rum
461 2308 770 2352 comprehensionem
793 2299 880 2333 haud
902 2303 1098 2335 concoquen-

497 2544 530 2568 Ae
541 2539 668 2573 quoniam
680 2542 753 2562 mors
759 2532 857 2560 eximit
869 2530 914 2559 im,
923 2525 1103 2560 prohibetque.

384 2609 459 2639 Non
480 2604 629 2646 puduisse
650 2606 757 2632 autem
778 2598 876 2628 bonos
890 2593 972 2622 viros
988 2589 1106 2620 Lucre-

386 2660 429 2689 tio
444 2667 533 2688 suam
555 2654 673 2686 malam
697 2649 831 2682 scabiem
857 2646 901 2676 sic
916 2641 1047 2681 turpiter
1061 2643 1108 2668 at-

387 2719 446 2750 que
471 2706 686 2738 inhumaniter
709 2698 878 2734 affricasse!
905 2697 1012 2729 Porro,
1035 2689 1112 2721 ordo

387 2757 625 2791 constructionis
647 2761 678 2786 et
701 2754 800 2793 po'e'tae
825 2758 915 2780 mens
937 2746 980 2776 sic
1001 2753 1035 2774 se
1056 2742 1111 2772 ha-

388 2813 475 2842 bent:
505 2812 526 2827 ‘⁸
545 2807 704 2846 Quoniam
718 2813 803 2835 mors
817 2799 926 2832 eximit
940 2797 982 2833 id,
1001 2801 1032 2826 et
1049 2791 1113 2835 (ero)

391 2867 413 2881 “
429 2861 524 2892 fuisse
539 2864 611 2889 ante
633 2856 773 2896 prohibet
793 2853 895 2886 illum,
918 2848 970 2880 cui
984 2848 1052 2877 haec
1066 2844 1114 2873 in-

392 2919 414 2933 “
431 2910 596 2944 commoda
610 2908 726 2949 possint
743 2902 910 2937 conciliari,
928 2910 992 2930 esse
1008 2895 1117 2928 eadem

809 201 870 250 T.
922 183 1302 246 LUCRETII

1087 2361 1100 2367 ”
1147 2363 1346 2399 dilemmatis,
1371 2368 1473 2394 necne,
1489 2361 1523 2386 ut
1539 2351 1661 2394 passim.
1697 2346 1796 2379 Silius
1805 2341 1877 2376 Itu-⁸

1260 548 1451 594 aegreque
1469 531 1669 576 futurum,

1335 607 1434 664 quoi
1453 603 1558 646 male
1577 599 1706 657 possit

1102 927 1124 942 ¹⁶
1143 916 1304 963 (semina‚)
1327 925 1345 944 e
1367 912 1480 954 quibus
1503 918 1560 939 nos
1582 913 1667 936 nunc
1689 909 1799 932 sumus
1809 899 1829 911 ''

1105 969 1280 1010 compositi:
1309 965 1382 1006 quia
1403 961 1530 997 scilicet,
1556 962 1592 988 ut
1617 954 1700 986 idem
1726 951 1832 986 simus,

1108 1032 1230 1055 necesse
1252 1018 1346 1049 fuerit
1368 1025 1442 1046 cum
1464 1014 1614 1047 animam,
1638 1012 1707 1037 tum
1722 1011 1836 1042 corpus

1110 1076 1217 1111 etiam,
1231 1069 1396 1102 convenire
1414 1068 1463 1107 (ut
1478 1074 1538 1094 ver.
1555 1056 1754 1096 885—859);
1769 1063 1839 1084 cor·

1112 1138 1172 1169 pus
1194 1130 1301 1155 autem
1325 1120 1428 1150 solum
1458 1112 1657 1153 recolligitur,
1680 1115 1712 1139 et
1733 1091 1863 1137 anima.

1114 1189 1187 1211 cum
1214 1170 1385 1215 repetenti&
1407 1177 1532 1209 prorsus
1551 1163 1651 1204 periit.
1696 1159 1777 1190 Haec
1790 1157 1841 1188 lu·

1115 1229 1185 1261 cida
1211 1231 1284 1258 sunt
1301 1229 1394 1263 atque
1419 1217 1570 1259 expedita,
1592 1213 1631 1245 ad
1655 1209 1844 1244 castissimo-

1117 1293 1188 1315 rum
1215 1276 1438 1317 exemplarium
1470 1270 1686 1311 scriptionem:
1712 1263 1846 1296 editores

1119 1341 1224 1367 autem
1243 1338 1335 1370 atque
1345 1328 1536 1365 interpretes,
1553 1328 1668 1360 susque
1679 1316 1845 1357 dequeco-

1120 1387 1225 1419 dicum
1241 1379 1456 1414 auctoritatem
1478 1376 1628 1406 habentes
1649 1375 1681 1400 et
1700 1368 1735 1399 in
1749 1367 1848 1398 licen·
1863 1385 1866 1387 Α

1119 1439 1196 1470 tiam
1208 1435 1459 1475 conjecturarum
1475 1424 1607 1466 evagati,
1635 1429 1767 1461 magnas
1781 1424 1854 1448 tur-.

1121 1492 1177 1521 bas
1191 1486 1412 1518 excitaverunt,
1435 1485 1466 1510 et
1490 1476 1529 1508 ad
1552 1479 1692 1505 mentem
1711 1466 1852 1501 Lucretii

1126 1541 1205 1571 inter
1230 1537 1374 1568 tenebras
1394 1531 1463 1571 plus
1485 1536 1579 1570 quam
1597 1521 1794 1558 Cimmerias,
1814 1523 1853 1551 ut

1126 1602 1180 1632 par
1195 1596 1250 1625 est,
1274 1586 1453 1626 caligavere.

1171 1641 1244 1671 Ver.
1261 1641 1332 1669 878.
1355 1647 1387 1666 e:
1413 1633 1456 1663 sic
1471 1631 1509 1662 L.
1529 1629 1576 1660 M.
1594 1633 1639 1659 Ω.
1654 1627 1740 1656 abest
1755 1620 1853 1653 Vind.

1131 1694 1170 1724 V.
1185 1692 1234 1723 ed.
1252 1687 1371 1729 reliqui,
1393 1692 1438 1717 ct:
1465 1683 1545 1714 forte
1559 1690 1616 1720 pro
1630 1689 1675 1710 ex.
1699 1674 1794 1706 Vind.
1818 1677 1855 1704 ut

1129 1744 1205 1776 editi
1219 1741 1373 1781 vulgareS,
1394 1737 1488 1767 habet
1509 1736 1542 1764 in
1565 1737 1637 1762 ante
1651 1729 1778 1770 quihus,-
1801 1722 1871 1759 sed,

1131 1797 1207 1828 vitio
1221 1794 1348 1825 fortasse
1363 1795 1538 1828 operarum.
1862 1791 1870 1811 ρ

1175 1848 1250 1879 Ver.
1267 1847 1338 1876 879.
1361 1843 1458 1873 nihil:
1485 1838 1520 1869 P.
1535 1836 1597 1872 m'l,·
1621 1833 1701 1864 adeo
1723 1829 1869 1870 proclive⁴

1135 1907 1182 1933 est
1202 1899 1234 1930 id
1256 1892 1478 1934 compendium
1503 1898 1536 1919 se
1561 1885 1656 1917 nullis
1680 1883 1721 1914 de
1745 1878 1873 1913 caussis.

1135 1952 1250 1994 passim
1264 1947 1435 1981 inculcare3
1450 1940 1535 1983 quod
1551 1948 1616 1972 nos.
1632 1931 1872 1974 exmplaribus.

1138 2000 1289 2038 obsecuti,
1311 2003 1397 2028 extra
1411 1991 1560 2034 pomoeria
1582 1984 1720 2019 Lucretii
1734 1990 1876 2025 promo-e:-

1140 2058 1252 2087 vimus.
1871 2066 1876 2071 ,

1184 2107 1259 2137 Ver.
1274 2107 1346 2135 880.
1370 2103 1533 2132 miserum:
1560 2094 1602 2125 V.
1623 2092 1670 2124 ed.
1694 2090 1867 2122 miseris.—

1143 2169 1254 2200 neque:
1282 2160 1316 2187 Δ.
1332 2164 1396 2184 nec.

1184 2212 1259 2241 Ver.
1277 2210 1348 2238 881.
1373 2217 1391 2235 a
1408 2204 1507 2234 nullo:
1533 2200 1577 2230 sic
1594 2203 1628 2228 Δ.
1647 2201 1686 2227 n.
1703 2198 1738 2226 Σ.
1756 2198 1802 2224 Ω.
1824 2195 1866 2228 nt,

1142 2266 1179 2297 L.
1196 2263 1243 2294 Μ.
1259 2272 1299 2291 an
1317 2260 1377 2289 ullo
1383 2273 1393 2294 ;
1411 2254 1494 2297 quod
1505 2251 1616 2283 eodem
1630 2246 1747 2279 recidit.
1770 2243 1870 2275 Nem-

1144 2326 1194 2357 pe,
1217 2325 1258 2345 an
1274 2310 1439 2343 omittitur,
1461 2311 1498 2336 ut
1512 2312 1608 2343 saepe;
1631 2304 1663 2330 et
1683 2297 1780 2328 altera
1800 2301 1880 2334 pm*

1147 2419 1237 2455 licus,
1258 2415 1316 2445 xiv.
1331 2415 1405 2444 668.

1180 2495 1263 2523 Inque
1275 2495 1322 2513 suo
1333 2486 1451 2519 positum
1468 2485 1549 2510 nutu,
1558 2482 1630 2503 stent
1641 2474 1746 2500 moenia
1756 2475 1863 2504 regum.

1181 2535 1220 2558 An
1233 2530 1319 2555 nullos
1331 2527 1417 2552 oriens
1428 2524 1517 2548 videat
1529 2520 1579 2545 lux
1591 2516 1705 2544 crastina
1714 2517 1821 2539 muros:

1151 2607 1170 2636 i.
1187 2615 1211 2635 e.
1236 2607 1258 2621 ⁴⁴
1275 2613 1316 2632 an
1333 2596 1444 2630 stent.'’
1471 2593 1593 2626 Pariter
1606 2598 1674 2620 rem
1684 2584 1806 2617 Statius
1820 2578 1874 2612 ada

1153 2653 1350 2688 ministravit,
1365 2649 1462 2681 Theb.
1479 2646 1522 2676 iii.
1536 2645 1608 2673 444.

1189 2739 1361 2765 incertusque
1371 2729 1465 2759 animi,
1475 2726 1546 2751 daret
1555 2721 1635 2747 armis
1642 2720 1717 2751 jura3
1734 2715 1859 2746 ferosque

1189 2774 1316 2802 Mentibus
1327 2771 1461 2797 incuteret
1472 2762 1603 2791 stimulos,
1618 2766 1653 2784 an
1663 2757 1751 2782 fraena
1759 2752 1867 2780 tenere&
