1912 3292
365 186 429 225 44

511 307 600 358 Vis,
631 307 777 348 initum
799 306 936 348 motus
955 305 1009 348 ab
1028 321 1071 347 se
1090 320 1184 362 quae
1204 304 1351 346 dividit
1371 304 1457 346 ollis
1464 322 1477 354 ;

512 381 692 424 Sensifer
710 381 822 423 unde
841 382 973 423 oritur
991 381 1173 436 primum
1192 395 1267 435 per
1287 380 1441 421 viscera
1461 386 1611 420 motus.

512 455 622 497 Nam
642 456 805 511 penitus
824 470 1015 511 prorsum
1034 455 1132 496 latet
1150 453 1242 495 haec
1262 461 1425 504 natura,
1456 454 1691 509 subestque3

396 532 477 572 275
511 530 600 572 Nec
620 531 752 588 magis
771 530 849 572 hac
868 529 976 571 infra
995 528 1221 585 quidquam
1241 536 1302 569 est
1321 528 1365 568 in
1385 542 1559 583 corpore
1578 535 1738 576 nostro;

510 605 650 661 Atque
669 606 808 646 anima
827 613 887 646 est
906 604 1057 645 animae
1077 617 1283 658 proporro
1303 602 1427 643 totius
1446 602 1549 657 ipsa:

511 679 640 729 Quod
659 694 805 736 genus,
836 679 880 719 in
900 678 1049 719 nostris
1069 676 1264 718 membris
1284 683 1325 717 et
1344 689 1518 731 corpore
1537 684 1628 717 toto

510 751 654 795 Mixta
672 753 801 795 latens
821 753 949 794 animi
969 753 1028 793 vis
1047 759 1122 802 est,
1155 751 1386 806 animaeque
1405 757 1606 806 potestas;

511 826 767 881 Corporibus
787 827 884 883 quia
903 826 955 867 de
974 826 1126 882 parviS‚
1158 825 1395 880 paucisque,
1428 832 1564 865 creata
1584 831 1657 866 est.

395 904 479 941 280
512 900 580 942 Sic
600 901 676 942 tibi
695 901 874 942 nominis
893 901 985 943 haec
1005 915 1152 957 expers
1171 900 1246 951 vis,
1277 899 1384 941 facta
1401 898 1571 940 minutis

362 1059 421 1091 tio:
461 1062 483 1078 “
500 1059 620 1091 subest:
645 1057 667 1090 i.
691 1069 717 1090 e.
744 1058 829 1090 inest'
849 1057 1095 1090 latenter:‘nam

364 1115 468 1143 “non
493 1112 647 1151 apparet.”
691 1111 823 1142 Orosius
845 1112 941 1142 etiam
963 1111 1093 1142 advoce-

362 1170 429 1203 tur,
452 1164 523 1194 hist.
539 1163 559 1194 i.
575 1167 604 1194 5.
619 1163 757 1203 optimus
770 1163 922 1202 interpres
934 1162 1092 1199 Maron1s;

363 1226 464 1257 quum
488 1216 528 1246 sit
541 1215 629 1245 locus
651 1214 891 1255 pulcherrimus,
919 1220 949 1244 et
964 1213 1092 1254 dignus,

362 1267 418 1309 qui
447 1277 486 1297 ex
512 1266 600 1297 omni
625 1272 712 1306 parte
737 1266 928 1296 castissimus
951 1265 1088 1306 legatur:

364 1323 388 1338 “
406 1319 447 1350 In
462 1318 598 1349 confinio
616 1318 743 1349 Arabiae
758 1324 790 1348 et
805 1317 990 1354 Palaestinae,
1018 1317 1092 1358 qua,

363 1373 387 1391 ‘⁸
402 1372 527 1401 demissi
561 1369 754 1408 altrinsecus,
791 1375 914 1400 montes
947 1369 1094 1409 subjectis

362 1425 385 1440 “
401 1421 520 1460 campis
548 1421 760 1460 excipiuntur,
786 1421 926 1462 quinque
955 1421 1094 1451 civitates

363 1476 386 1491 “
403 1472 502 1509 suere,
528 1472 676 1511 Sodoma,
696 1473 861 1508 Gomorra,
878 1472 1017 1511 Adama,
1037 1473 1091 1503 Se-

362 1528 384 1544 “
400 1525 496 1560 boim,
521 1525 677 1565 et'Segor:
704 1524 759 1555 sed
783 1525 881 1565 Segor
903 1535 940 1555 ex
959 1524 1007 1555 his
1021 1535 1091 1564 par-

358 1580 384 1596 ‘⁸
402 1586 450 1612 va,
466 1576 529 1606 illae
540 1583 647 1607 autem
661 1576 774 1616 amplae
786 1582 817 1607 et
829 1585 964 1616 magnam
979 1576 1094 1616 quippe

354 1631 384 1647 ’“
399 1628 514 1668 quibus
530 1634 560 1658 et
570 1630 629 1659 soli
631 1627 815 1669 fecunditas
825 1629 958 1665 suberat,
974 1633 1005 1657 et
1019 1628 1040 1659 J
1043 1637 1094 1657 or-

354 1684 384 1700 “‘
400 1679 491 1710 danis
505 1679 628 1715 fluvius,
644 1689 699 1718 per
713 1679 806 1718 plana
820 1679 963 1715 diffusus,
979 1686 1010 1709 et
1025 1689 1093 1718 per-

362 1737 385 1751 “
401 1737 576 1772 opportune
605 1731 731 1767 divisus,
765 1730 945 1771 augmentis
969 1732 1094 1761 uberta-

360 1787 385 1802 “
401 1784 441 1814 tis
456 1782 720 1822 impendebatur.”
765 1781 817 1812 Sic
833 1782 918 1812 haud
933 1782 1028 1812 dubie
1044 1792 1092 1812 re-

361 1833 542 1865 scribendus
556 1839 617 1864 est:
634 1833 704 1863 vide
713 1833 828 1874 virgil.
840 1833 896 1864 ecl.
911 1833 951 1864 ix,
964 1837 993 1864 8.
1011 1833 1092 1864 Vul-

360 1895 402 1926 go
417 1885 541 1925 legitur‚
564 1887 696 1921 dimissi,
720 1884 768 1914 vel
784 1887 928 1916 dimissis.
976 1885 1090 1923 Porro,

359 1937 499 1968 civitates
513 1938 625 1976 amplae
639 1942 713 1966 sunt
723 1938 830 1975 beaten,
846 1936 910 1966 sive
925 1939 1088 1976 opulentas.-

360 1989 505 2020 consulas
522 1988 674 2024 Nonium,
698 1987 739 2017 xi.
768 1991 816 2019 19.
841 1989 968 2027 Illagnae
993 1988 1091 2028 igitur

360 2047 392 2071 et
406 2042 517 2081 amplae
540 2040 679 2070 civitates
702 2050 747 2069 eae
770 2045 855 2077 sunt,
878 2049 957 2080 quas
976 2040 1091 2078 passim

361 2093 542 2133 Xenophon
567 2093 602 2122 in
628 2091 731 2132 primo
759 2091 939 2122 Anabaseos
964 2091 1089 2129 vocitat,

359 2150 502 2186 μεγαλάς
511 2155 569 2176 ’και
585 2144 756 2185 ευδαιμσνας.

402 2207 478 2237 Ver.
495 2208 566 2238 275.
588 2207 663 2237 hac:
692 2206 731 2236 O.
749 2210 783 2236 Δ.
807 2207 1087 2246 tra—quidquam:

354 2254 399 2290 Ῥ.
415 2260 633 2299 cuz'quamfet
657 2267 694 2287 ex
717 2257 785 2298 ejus
810 2257 969 2288 codicibus
991 2262 1090 2293 erant,

359 2311 414 2353 qui
427 2311 589 2349 haberent,
611 2312 769 2351 quiddam.

403 2362 478 2392 Ver.
494 2365 567 2393 276.
586 2372 752 2402 proporro:
779 2361 818 2392 Ο.
836 2366 871 2393 Δ.
889 2363 1054 2402 proportio.

404 2413 486 2444 Ibid.
509 2415 616 2444 anima
643 2415 774 2444 anz‘mae:
813 2417 836 2432 “
856 2423 980 2453 nempe,
1003 2414 1090 2454 quasi

361 2470 384 2486 “
400 2464 581 2508 exquisitior
595 2464 702 2496 aniina
720 2465 865 2507 quaedam
888 2471 980 2506 atque
994 2476 1089 2505 pene-

361 2523 385 2538 “
400 2518 521 2550 tralior:
548 2518 645 2549 totius
665 2517 781 2549 animae
796 2517 940 2555 essentia,
963 2523 994 2548 et
1007 2516 1089 2548 flos.‘'

361 2570 414 2601 Ita
437 2570 538 2601 solent
552 2570 660 2611 utique
681 2569 844 2610 utriusque
860 2568 978 2610 linguae
993 2569 1087 2608 scrip·

359 2627 442 2652 tores
456 2633 502 2657 ea,
525 2633 596 2663 quae
611 2622 674 2653 sint
688 2623 722 2652 in
737 2631 795 2652 suo
809 2631 924 2662 genere
938 2627 1087 2660 praestan-

357 2673 479 2704 tissima
503 2679 596 2715 atque
618 2672 940 2714 magnificentissima,
963 2679 1088 2713 εμφαιτι-

359 2739 416 2759 κως
433 2724 617 2764 significare.
642 2725 671 2754 S.
688 2723 818 2760 Paulus,
850 2727 862 2754 1
882 2723 966 2754 Tim.
983 2723 1021 2753 vi.
1041 2726 1089 2753 15.

359 2775 400 2807 de
413 2774 551 2807 Jehovii:
587 2775 600 2805 ὅ
625 2779 761 2812 βασιλευς
787 2789 842 2806 των
868 2779 1087 2812 βασιλευουτων,
1130 2774 1358 2812 laea—quasi.-
1385 2771 1424 2808 Q.
1440 2782 1509 2811 quae
1524 2772 1573 2802 sit.
1604 2767 1864 2801 Leniressvolem

359 2842 410 2859 καί
426 2840 512 2868 κϋρΙθς
531 2839 585 2857 ‘mv
608 2839 792 2867 xvpltvowrmr·
817 2832 852 2856 Ut
876 2826 960 2856 Dan.
983 2824 1014 2855 ii·
1036 2827 1088 2855 57-

359 2878 508 2911 versionis
533 2877 638 2908 Lxx.
668 2877 786 2908 viralis:
820 2877 961 2909 conferas
989 2876 1087 2907 Diod.

864 173 925 222 T.
980 172 1363 222 LUCRETII

1139 1065 1201 1096 Sic.
1219 1065 1239 1096 i.
1256 1064 1306 1097 55.
1323 1061 1406 1096 Plin.
1422 1070 1486 1095 nat.
1507 1062 1578 1095 hist.
1600 1073 1672 1095 xxx.
1691 1067 1717 1094 1.
1738 1063 1792 1095 fin.
1822 1068 1832 1091 Ι
1864 1075 1874 1103 ⁴,

1137 1128 1187 1149 on.
1216 1118 1300 1148 Cass.
1319 1116 1434 1146 xxxvii.
1462 1120 1490 1147 6.
1517 1115 1655 1156 AEschyl.
1681 1115 1777 1156 Supp.
1793 1112 1863 1148 5382

1140 1169 1338 1210 Sophoclem,
1361 1168 1395 1198 in
1412 1167 1485 1198 OEd.
1502 1167 1578 1208 Tyr.
1595 1171 1668 1199 465.
1690 1167 1744 1198 ubi
1765 1167 1846 1198 vid·
1869 1167 1873 1186 ⁴

1138 1220 1336 1251 Brunckium
1358 1225 1390 1249 et
1414 1218 1623 1249 scholiasoem.
1669 1219 1737 1250 Nec
1761 1224 1863 1250 tame·

1135 1271 1251 1301 morari
1265 1270 1412 1311 piguerit,
1425 1269 1503 1300 dum
1520 1269 1597 1300 socii
1610 1270 1797 1300 enarratoris
1807 1269 1873 1306 lee-

1137 1322 1256 1352 tionem
1284 1321 1387 1352 multo
1418 1320 1644 1361 elegantiorem
1674 1321 1862 1352 amatoribus

1137 1373 1245 1415 tragici
1260 1372 1534 1404 commendamus:
1870 1369 1872 1376 ’

1253 1461 1312 1489 Τις,
1333 1458 1358 1484 ὄν
1371 1457 1414 1484 τιν’
1427 1459 1447 1484 οὶ
1463 1459 1613 1484 Βεστιεπῑιι

1294 1507 1385 1538 Δελφις
1399 1506 1481 1530 ΕΙΔΕ
1498 1515 1579 1541 πει-ραι

1254 1552 1383 1579 Α-ΡΡΙΨΓ
1396 1554 1567 1579 ΑΡΡΗΤΩΝ
1581 1557 1725 1580 ‘rueram-a

1294 1601 1406 1626 Φονιοιισι
1417 1609 1516 1636 χερσινς

1139 1691 1162 1706 “
1180 1686 1278 1723 Quasi
1293 1681 1409 1717 scilicet
1422 1696 1440 1716 e
1450 1685 1572 1727 specul&
1585 1692 1669 1717 vates
1681 1685 1799 1726 Apollo
1809 1687 1861 1719 bu.

1140 1743 1162 1758 “
1178 1739 1264 1770 mani
1280 1738 1403 1779 generis
1418 1738 1556 1769 actiones
1570 1738 1670 1769 oculis
1681 1738 1780 1778 acutis
1795 1748 1871 1781 con

1140 1793 1160 1809 “
1177 1791 1410 1830 templaretur:”
1439 1801 1501 1832 quo
1516 1790 1597 1821 nihil
1611 1791 1774 1831 pulchrius
1797 1806 1803 1818 ι
1819 1806 1825 1818 ι
1839 1787 1871 1827 31⁴]
1888 1829 1889 1832 Ἰ

1135 1847 1263 1881 poterat.
1310 1841 1372 1872 Illa
1400 1847 1508 1872 autem
1537 1841 1665 1879 locutio,
1697 1844 1871 1882 Stamene·
1888 1837 1890 1842 ’

1136 1905 1206 1929 esa-s,
1230 1900 1397 1924 venustum
1420 1893 1580 1929 artificem,
1605 1903 1656 1924 me
1673 1893 1791 1934 judice,
1822 1908 1827 1920 ι
1867 1908 1870 1918 ·

1135 1955 1208 1975 rum
1225 1945 1312 1984 sapit.
1844 1935 1849 1948 ⁴
1868 1973 1869 1979 ,

1179 1996 1254 2026 Ver.
1271 1999 1311 2027 27
1315 1999 1342 2027 7.
1367 1996 1497 2037 Integer
1511 2005 1617 2027 versus
1636 1996 1670 2026 in
1687 2000 1730 2027 Π.
1747 1993 1859 2027 desidi·

1134 2052 1229 2077 ratur.
1868 2082 1869 2086 Ἰ

1176 2099 1253 2130 Ver.
1269 2102 1341 2130 ¹278.
1357 2101 1458 2130 animi
1469 2101 1531 2130 vis:
1562 2098 1601 2129 V.
1617 2098 1665 2130 ed.
1683 2103 1720 2130 Δ.
1739 2101 1785 2129 11:
1795 2099 1868 2131 ani·

1133 2153 1301 2182 mus.—vis
1317 2152 1403 2181 abest
1419 2156 1454 2182 Σ.
1471 2156 1502 2181 et
1525 2150 1635 2181 omnia
1656 2151 1696 2181 ab
1719 2151 1778 2180 hac
1800 2147 1869 2195 ἱραί

1135 2212 1210 2233 voce
1224 2213 1323 2243 usqne
1346 2202 1386 2233 ad
1409 2212 1516 2234 vocem
1532 2205 1625 2234 totius
1651 2202 1685 2232 in
1707 2212 1769 2233 ver.
1793 2201 1867 2234 281.

1135 2254 1249 2285 desunt
1266 2260 1308 2285 Π.
1866 2250 1868 2259 ’

1180 2306 1252 2337 Ver.
1269 2309 1341 2338 ‘2792
1365 2306 1407 2337 V.
1423 2306 1471 2337 ed.
1486 2306 1576 2346 ponit
1592 2307 1626 2338 Ε
1638 2311 1719 2337 ante·
1732 2305 1867 2346 corpori·

1134 2360 1207 2390 bus:
1233 2364 1276 2396 et,
1298 2368 1357 2398 pro
1371 2360 1433 2396 Sic,
1459 2363 1492 2389 Σ.
1515 2358 1634 2396 statim,
1657 2359 1718 2389 Sit.-

1180 2410 1253 2440 Ver.
1261 2413 1335 2440 5280.
1347 2411 1418 2440 Sic:
1432 2409 1486 2440 i.e.
1499 2412 1522 2428 ‘⁶
1533 2415 1569 2440 ut
1583 2408 1868 2448 animaripsainw

1136 2465 1158 2480 “
1176 2468 1208 2492 to
1221 2471 1348 2501 prorsus
1369 2461 1455 2500 latet,
1478 2461 1622 2502 quamvis
1629 2471 1685 2501 per
1693 2470 1789 2492 omne
1799 2467 1857 2491 σοι

1135 2517 1158 2532 “
1173 2523 1232 2552 pus
1245 2513 1453 2551 diffundatur,
1470 2520 1500 2543 et
1509 2512 1720 2543 «ex-effectibus
1734 2512 1802 2553 ejus
1814 2519 1865 2542 so

1133 2568 1156 2583 ‘⁴
1171 2564 1337 2595 lummodo
1351 2564 1559 2605 cognoscitur,
1574 2574 1612 2594 ac
1621 2562 1765 2594 sentitur:
1785 2560 1866 2593 nihi!

1134 2619 1156 2634 “
1172 2617 1300 2652 mirum,
1324 2617 1349 2647 si
1365 2617 1480 2647 animae
1501 2615 1623 2646 subtilis
1637 2625 1708 2655 pars
1728 2612 1865 2645 subtiliu·
1892 2613 1893 2617 ’

1134 2672 1156 2687 “
1172 2669 1252 2698 sima
1267 2669 1392 2708 penitus
1407 2667 1642 2700 abscondatur.''
1851 2672 1853 2679 ⁴

1177 2720 1249 2751 Ver.
1265 2724 1339 2751 281.
1366 2723 1448 2752 latet.
1482 2719 1581 2751 vind.
1607 2720 1648 2750 V.
1673 2719 1725 2750 ed.y
1748 2719 1792 2755 Q:
1814 2718 1865 2757 m

1132 2824 1241 2864 utiquc
1255 2823 1394 2863 phrasim
1416 2832 1506 2852 suam
1527 2823 1660 2863 οξυμωριιν
1682 2826 1797 2856 noster,

1132 2878 1223 2918 quasi
1244 2874 1444 2916 interposit03
1465 2883 1528 2916 quo
1553 2872 1632 2905 nihil
1647 2869 1864 2913 tempestivis
