1912 3292
321 194 383 235 14

821 180 883 229 T.
924 178 1303 230 LUCRETII

465 316 523 358 Et
541 315 680 373 nigras
699 321 881 356 mactant
898 314 1091 369 pecudeS,
1113 320 1154 355 et
1173 312 1362 354 manibus
1381 311 1485 352 divis

466 390 638 432 Inferias
658 389 847 438 mittunt3
880 388 1092 444 multoque
1111 388 1154 428 in
1174 387 1296 428 rebus
1316 386 1473 428 acerbis

470 465 620 506 Acrius
639 464 862 506 advortunt
881 463 1041 505 animos
1062 462 1115 504 ad
1135 462 1388 518 religionem.

387 544 440 580 55
473 540 571 589 Quo
592 538 721 596 magis
742 538 785 578 in
805 537 940 579 dubiis
959 537 1172 579 hominem
1193 543 1375 591 spectare
1394 534 1554 590 periclis

474 613 694 662 Convenit,
717 611 980 668 adversisque
999 612 1044 652 in
1063 611 1185 652 rebus
1205 624 1388 659 noscere,
1411 608 1512 664 quid
1531 607 1598 648 sit:

472 687 585 728 Nam
606 700 714 727 verae
733 701 852 726 voces
872 693 960 727 tum
980 686 1148 726 demum
1168 693 1334 739 pectore
1354 683 1406 724 ab
1427 683 1512 723 imo

474 760 726 808 Eliciuntur3
759 768 800 800 et
819 759 990 814 eripitur
1008 773 1200 814 persona,
1223 766 1364 798 manet
1383 770 1459 797 res.

374 913 454 945 Ibid.
487 915 602 943 animae
623 919 770 943 naturam
798 914 962 952 sanguinis
988 923 1058 944 esse.

334 964 544 999 Conveniunt,
560 972 630 1003 quae
648 962 892 1002 Etymologicon
906 972 1061 1002 magnum

331 1016 456 1047 exhibet
468 1015 502 1045 in
518 1024 592 1044 voce
616 1017 723 1054 ‘Aluan
752 1019 824 1048 Τινες
837 1013 864 1044 ΣΞ
881 1027 932 1044 και
944 1016 1062 1056 Ὅμηρον

333 1082 435 1100 otowrm
451 1081 562 1101 ‘rau-rm
579 1079 644 1097 ειναι
661 1079 712 1100 της
736 1065 827 1105 δοξπς,
850 1067 988 1107 (nempe,
1010 1079 1062 1099 ‘rm

336 1123 444 1162 ψυχην
460 1134 525 1152 mou
539 1119 632 1159 αἱμα)
649 1131 674 1149 εν
691 1133 732 1158 τῳ
749 1125 853 1158 λεγειν·

547 1203 626 1236 ’ψυχῇ
638 1202 663 1228 δε
674 1201 738 1228 zm’
750 1211 874 1236 κτωμένη-ν
886 1207 985 1231 ωτειλην

386 1249 479 1277 anm-¹
498 1259 639 1284 επειγομενη
648 1262 694 1275 -.

379 1326 454 1357 Ver.
480 1329 534 1357 44.
560 1325 706 1366 Hujusce
734 1325 869 1364 egregiae
897 1323 1063 1364 transposi-

338 1377 432 1409 tionis
443 1377 637 1418 excogitatio,
654 1386 724 1417 quae
735 1375 825 1405 nimii
837 1385 910 1405 saue
920 1374 1066 1405 aestimari

339 1428 461 1469 nequit,
476 1427 635 1468 sagacitati
652 1426 845 1458 Bentleianae
856 1427 914 1457 soli
926 1427 1065 1463 debetur3

340 1488 372 1512 et
386 1482 421 1513 eei
438 1482 603 1522 sagacitate
620 1480 717 1521 digna
731 1486 784 1510 est.
831 1481 994 1515 Quantum
1018 1489 1066 1509 sa-

339 1533 415 1564 lutis
429 1533 503 1564 hinc
519 1532 678 1564 Lucretio!
705 1532 811 1568 Quam
827 1530 958 1561 feliciter
979 1530 1067 1569 inep-

340 1586 461 1616 tissima
489 1590 668 1616 commenta
694 1584 834 1623 priorum
863 1583 1070 1622 interpretum

341 1643 459 1678 puncto
494 1636 643 1676 temporis
670 1635 799 1676 caligini
828 1634 1004 1671 traduntur,
1041 1640 1073 1664 et

341 1689 504 1720 oblivioni!
530 1689 649 1719 Versus
675 1688 804 1726 scilicet,
831 1687 886 1727 qui
908 1687 999 1717 nobis
1028 1692 1074 1716 est

343 1739 600 1782 quadragesimus
628 1746 768 1780 quartus,
802 1739 879 1769 olim
905 1738 1071 1769 stationem

343 1791 572 1834 quadragesimi
597 1791 720 1830 septimi
746 1792 925 1830 occupabat.
968 1790 1071 1821 Labo-

344 1845 434 1876 riosae
449 1843 693 1874 confirmationis
707 1853 772 1873 nou
800 1849 871 1883 eget
896 1844 962 1873 haec
984 1842 1072 1873 resti-

344 1896 424 1926 tutio
436 1894 640 1932 nobilissima3
661 1904 760 1934 quum
776 1893 900 1933 propria
916 1894 986 1924 luce
1001 1893 1074 1924 satis

345 1945 592 1978 commendetur.
637 1947 785 1975 Animam
803 1945 888 1975 enim
900 1955 1001 1975 meras
1009 1955 1075 1976 esse

346 2008 448 2036 auras,
475 2002 531 2027 aut
544 1995 671 2026 vitalem
686 2002 816 2031 ventum,
842 1995 1076 2026 indoctissimus

347 2050 387 2080 sit
402 2058 526 2079 necesse
538 2054 598 2090 est,
607 2047 661 2088 qui
673 2056 737 2077 non
750 2046 944 2086 exploratum
954 2047 1075 2077 habeat.

350 2099 501 2131 Conferas
516 2098 609 2129 velim
635 2108 709 2129 mox
733 2098 890 2128 venientes
914 2108 989 2128 verr.
1006 2101 1075 2128 123.

351 2155 422 2183 127.
439 2154 510 2182 129.
527 2153 600 2181 576.
624 2159 664 2179 ne
679 2149 793 2190 longus
806 2149 877 2185 sim,
905 2155 935 2179 et
954 2149 1076 2179 lectori-

348 2205 409 2234 bus
423 2202 508 2233 scitis
529 2201 699 2231 nimietatis
714 2201 747 2231 in
763 2211 796 2231 re
810 2200 990 2242 pervulgata
1006 2211 1075 2240 pos-

348 2254 440 2285 tuler.
485 2253 574 2283 Hinc
589 2252 717 2292 insuper
731 2263 836 2291 nemo,
860 2252 908 2282 vel
923 2252 1079 2282 levissimo

350 2306 465 2337 harum
479 2315 585 2335 rerum
599 2315 708 2345 sapore
731 2310 902 2342 contactus,
926 2315 991 2335 non
1016 2310 1079 2334 sta-

350 2357 410 2388 tim
426 2356 632 2393 confitebitur,
656 2366 714 2386 nos
728 2366 799 2386 vere
815 2356 957 2386 statuisse
970 2356 1077 2386 rescri-

352 2407 493 2440 bendum
507 2417 572 2438 esse
586 2409 713 2446 animae,
729 2408 762 2438 in
773 2418 863 2438 versu
875 2406 1077 2447 praecedente.

354 2461 579 2501 Anaxagoram
604 2465 636 2490 et
660 2460 780 2490 Sto'icos
801 2459 891 2499 po‘eta
906 2465 1021 2497 noster,
1045 2459 1079 2489 ni

352 2510 455 2549 fallor,
467 2511 585 2542 innuit:
604 2510 655 2542 adi
667 2511 707 2541 sis
720 2510 937 2548 Plutarchum,
951 2511 991 2542 de
1001 2510 1079 2550 plac.

352 2563 428 2603 phil.
449 2564 486 2594 iv.
509 2567 539 2594 5.
583 2564 732 2595 Valerius
761 2564 892 2595 Flaccus
917 2570 1081 2604 utramque

353 2615 542 2646 sententiam
556 2616 641 2646 haud
655 2615 780 2656 illepide
795 2616 932 2654 sociavit,
956 2605 1079 2657 Arg'on.

354 2665 402 2697 iii.
421 2669 491 2697 107.
513 2666 568 2697 ubi
584 2668 728 2699 consulas
741 2668 934 2708 interpretes:

795 2751 866 2776 subit
876 2751 920 2775 iiia
933 2750 1019 2783 cuspis

386 2787 488 2813 Olenii:
506 2789 580 2814 dedit
599 2789 642 2814 ille
657 2797 773 2822 sonum;
790 2798 995 2823 compressaque
1005 2796 1082 2816 man-

480 2829 544 2853 dens

388 2868 517 2899 AEquora,
526 2872 680 2901 purpuream
691 2869 850 2902 singultibus
857 2871 967 2904 exspuit
977 2876 1080 2897 auram.

1102 915 1226 944 —venct'
1240 914 1393 943 voluntas:
1420 911 1455 941 P.
1472 912 1557 942 veliti
1570 911 1714 950 voluptas.

1145 964 1220 993 Ver.
1236 966 1287 995 45.
1305 974 1465 1002 prorsum:
1494 969 1529 992 A.
1547 968 1587 992 Π.
1597 972 1733 1002 prorsus.

1148 1014 1229 1044 Ibid.
1254 1016 1322 1045 Nec
1345 1015 1476 1045 rationis
1502 1024 1602 1053 egere:
1628 1013 1649 1044 i.
1675 1023 1701 1043 e.
1725 1016 1747 1031 “
1762 1012 1833 1042 ani-

1106 1068 1128 1083 “
1144 1075 1230 1095 mam
1254 1065 1427 1095 rationibus
1448 1064 1651 1104 philosophiae
1672 1070 1704 1095 et
1717 1065 1831 1105 guber-

1106 1121 1128 1136 “
1146 1117 1266 1148 nationi
1281 1117 1396 1148 mentis
1410 1127 1475 1147 non
1491 1117 1616 1158 subjici3
1632 1117 1765 1157 ideoque
1780 1126 1834 1147 eos

1107 1174 1129 1189 ‘⁴
1145 1170 1183 1201 de
1195 1181 1238 1207 re,
1254 1180 1326 1200 cum
1343 1169 1496 1210 sanguine
1507 1168 1688 1205 evomendi,
1700 1168 1749 1198 vel
1759 1178 1835 1199 cum

1109 1226 1131 1241 “
1147 1223 1258 1262 spiritu
1274 1221 1418 1258 efflanda,
1434 1232 1538 1262 neque
1554 1231 1695 1262 unquam
1709 1220 1749 1251 ad
1763 1220 1835 1251 vitae

1109 1278 1132 1293 “
1148 1274 1251 1305 officia
1281 1273 1504 1312 resuscitanda,
1533 1273 1665 1304 minime
1693 1272 1835 1309 cruciari,

1111 1329 1133 1345 “
1148 1336 1207 1356 nec
1222 1325 1353 1356 omnino
1375 1325 1564 1365 cogitatione
1589 1325 1698 1355 mortis
1718 1330 1836 1364 perter-

1111 1380 1134 1396 “
1149 1378 1219 1413 reri,
1238 1387 1301 1416 prae
1316 1387 1349 1406 se
1363 1376 1499 1407 ferunt.”

1152 1429 1227 1459 Ver.
1243 1433 1293 1460 46.
1319 1430 1422 1459 Hinc:
1450 1432 1473 1447 ‘⁴
1488 1438 1526 1458 ex
1542 1428 1598 1458 illo
1613 1437 1737 1466 nempe,
1753 1425 1839 1467 quod

1111 1484 1134 1500 “
1150 1477 1290 1511 dicturus
1313 1480 1417 1517 sum,’'
1441 1490 1501 1510 ver.
1524 1482 1663 1511 48—55.
1685 1485 1840 1520 quatenus

1111 1532 1208 1563 iidem
1223 1532 1360 1573 gloriosi,
1376 1532 1498 1573 quoties
1507 1533 1546 1562 ab
1557 1531 1684 1561 illorum
1693 1540 1839 1570 conspec-

1113 1591 1162 1622 tu,
1175 1586 1290 1625 quibus
1304 1585 1361 1614 viri
1376 1585 1471 1615 fortes
1484 1583 1581 1614 videri
1595 1583 1716 1621 volunt,
1739 1582 1842 1614 absint

1114 1636 1304 1677 longissime,
1328 1642 1359 1666 et
1373 1635 1555 1666 infortuniis
1570 1640 1762 1674 premantur,
1785 1644 1843 1665 an·

1116 1688 1217 1729 tiquas
1241 1688 1408 1728 religiones
1439 1686 1542 1718 studio
1565 1686 1715 1717 acerrimo
1740 1685 1842 1716 solent

1114 1749 1266 1769 exercere.
1316 1739 1406 1769 Adeo
1435 1748 1544 1768 verum
1580 1748 1648 1768 esse
1675 1737 1843 1768 Lucretius

1116 1791 1324 1822 contendisset
1339 1790 1467 1821 Horatii
1482 1790 1626 1820 effatum:

1132 1861 1262 1885 Naturam
1273 1859 1393 1892 expellas
1407 1859 1496 1890 furca,
1506 1863 1600 1887 tamen
1609 1865 1694 1890 usque
1701 1861 1833 1884 recurret.

1162 1918 1242 1948 Ibid.
1265 1929 1422 1949 caussam:
1458 1918 1480 1948 i.
1507 1928 1533 1948 e.
1557 1923 1593 1948 ut
1621 1927 1772 1954 caussam,
1795 1917 1845 1948 vel

1117 1974 1319 2008 praetextum;
1336 1969 1488 2010 regimine
1499 1968 1652 2009 legitima,
1668 1974 1761 2010 atque
1771 1968 1848 2000 alias

1118 2021 1245 2050 usitato:
1273 2020 1358 2051 unde
1373 2031 1437 2050 non
1453 2026 1529 2058 erat,
1553 2030 1649 2062 quare
1668 2019 1776 2051 caussz‘z'
1798 2030 1849 2051 re-

1119 2078 1286 2112 poneretur
1300 2072 1479 2111 editoribus,
1496 2083 1534 2103 ex
1549 2073 1732 2103 auctoritate
1747 2072 1785 2103 P.
1796 2073 1848 2104 cui

1120 2124 1323 2154 consentiunt
1339 2128 1373 2154 A.
1391 2131 1436 2155 Ω.
1452 2124 1580 2164 optimis
1593 2130 1624 2154 et
1638 2122 1780 2164 pluribus
1794 2133 1847 2155 co-

1121 2175 1242 2207 dicibus
1257 2182 1365 2207 contra
1379 2176 1539 2207 stantibus.

1163 2229 1238 2260 Ver.
1262 2232 1311 2259 48.
1336 2231 1482 2260 Eoetorres
1501 2227 1623 2268 patr-iii.
1670 2227 1848 2264 Sallustius,

1121 2281 1142 2312 J
1146 2291 1197 2322 ug.
1214 2281 1272 2311 xiv,
1298 2284 1415 2311 ll.—“
1431 2286 1575 2311 extorrem
1593 2278 1713 2318 patrici,
1739 2281 1825 2309 domo
1832 2293 1845 2315 ,-

1123 2336 1146 2351 “
1163 2333 1302 2372 inopem,
1332 2339 1364 2363 et
1394 2337 1575 2371 coopertum
1597 2330 1770 2361 miseriis:”
1792 2329 1849 2361 ubi

1122 2384 1212 2424 plura
1237 2384 1362 2415 Cottius
1382 2384 1522 2424 largitur,
1545 2382 1714 2422 prudenter
1738 2382 1850 2414 itidem

1123 2442 1215 2477 alque
1225 2435 1344 2466 erudite
1354 2435 1476 2465 somnia
1486 2434 1634 2475 Scaligeri
1643 2433 1851 2475 etymologica

1123 2487 1308 2519 convellens.
1338 2487 1453 2517 Videas
1461 2487 1556 2518 etiam
1569 2486 1739 2525 Isidorum,
1750 2487 1850 2528 origg.

1123 2550 1152 2570 x.
1173 2540 1206 2570 in
1222 2539 1310 2570 litera
1326 2541 1366 2570 E.
1388 2550 1462 2570 cum
1479 2539 1598 2578 Servio,
1612 2537 1652 2569 ad
1667 2538 1757 2579 Virg.
1773 2539 1849 2569 AEn.

1124 2592 1163 2622 iv.
1177 2595 1250 2622 616.

1166 2651 1242 2680 Ver.
1259 2653 1309 2682 50.
1324 2651 1470 2692 adfictei:
1489 2650 1530 2680 V.
1542 2648 1590 2680 ed.
1604 2650 1723 2691 aflecti;
1740 2658 1850 2688 opera-

1124 2711 1195 2732 rum
1211 2712 1314 2732 errore
1329 2712 1428 2732 mero:
1448 2701 1521 2731 hinc
1531 2706 1639 2731 autem
1653 2700 1687 2730 in
1702 2704 1849 2740 promptu

1123 2759 1170 2785 est
1182 2753 1261 2784 illud
1276 2755 1399 2795 adflicti
1412 2752 1591 2793 procudere,
1608 2751 1693 2793 quod
1703 2761 1736 2782 se
1751 2750 1847 2782 Lam-

1125 2805 1201 2836 bino
1229 2815 1391 2845 perperam
1419 2805 1567 2844 probavit.
1614 2803 1784 2840 Arnobius,
1813 2803 1848 2833 in

1125 2858 1192 2899 ipso
1219 2859 1319 2898 operis
1344 2858 1514 2890 doctissimi
1550 2858 1746 2890 limium—‘⁶
1765 2861 1849 2897 post-
