1912 3292
293 253 386 294 348

326 381 410 419 905

790 249 851 298 T.
911 248 1291 299 LUCRETII

500 378 640 431 Nunc,
661 381 807 437 quibus
826 381 892 423 ille
910 381 1044 424 modis
1067 382 1246 424 Somnus
1264 394 1339 436 per
1357 379 1543 422 membra
1562 380 1739 436 quietem

441 452 620 511 Inriget,¹
637 462 758 511 atque
778 456 905 497 animi
925 470 1043 498 curas
1063 470 1086 496 e
1105 464 1271 510 pectore
1291 454 1433 504 solvat,

444 528 670 570 Suavidicis
690 530 842 584 potius,
864 544 988 585 quam
1008 528 1160 578 multis,
1182 528 1363 569 versibus
1383 528 1521 578 edam3

445 600 603 643 Parvus
623 611 669 644 ut
689 611 749 644 cst
770 604 889 659 cycni
908 603 1054 644 melior
1074 617 1216 652 canor,
1245 602 1310 643 ille
1331 617 1481 658 gruum
1501 617 1625 658 quam

448 674 633 725 Clamor,
655 677 699 716 in
720 676 900 716 aetheriis
920 676 1127 730 disparsus
1147 675 1327 716 nubibus
1347 677 1485 717 austri.

333 751 417 788 910
449 747 519 788 Tu
539 748 641 787 mihi
663 748 718 788 da
737 749 895 789 tenueis
915 749 1063 798 aureis,
1087 748 1352 804 animumque
1373 763 1573 805 sagacem:

448 819 516 860 Ne
535 819 626 861 fieri
645 821 816 878 negites,
842 836 936 876 quae
956 821 1106 871 dicam,
1128 836 1265 876 posse;
1298 828 1490 878 retroque

448 892 562 933 Vera
580 893 804 948 repulsanti
825 894 1009 936 discedas
1029 902 1196 949 pectore
1216 895 1340 936 dicta:

449 965 647 1008 Tutemet
666 967 710 1008 in
731 966 849 1023 culpa
871 981 998 1023 quom
1018 967 1085 1018 sis,
1108 980 1242 1022 neque
1262 981 1429 1009 cernere
1446 970 1600 1023 possis..

747 1124 792 1150 ille
802 1132 826 1150 sc
846 1133 885 1150 ore

369 1162 474 1194 Corpus
483 1162 637 1188 inundatum
648 1163 702 1189 leni
713 1127 860 1196 prostratiis
870 1164 995 1189 habebat.

311 1232 451 1263 Accedat
465 1233 514 1264 his
528 1234 687 1273 Valerius,
713 1235 833 1276 Argon.
849 1236 888 1266 iv.
906 1239 957 1267 16.
984 1235 1038 1266 ubi

310 1283 401 1323 plura
416 1285 624 1317 Burmannus
639 1288 785 1318 contulit:

310 1353 399 1384 Quem
411 1361 492 1386 penes
502 1355 556 1380 alta
566 1356 652 1386 quies,
663 1356 807 1388 liquidique
816 1356 938 1387 potentia
949 1355 1039 1381 somni.

311 1417 405 1448 Libet
427 1418 523 1449 etiam
543 1418 577 1448 in
599 1419 730 1449 transitu
752 1419 905 1460 corrigere
930 1420 1039 1458 Corip-

313 1478 403 1506 pum,
425 1468 445 1499 i.
473 1472 523 1499 74.
557 1469 612 1509 qui
639 1469 783 1500 Maronis
807 1470 882 1500 AEn.
908 1469 941 1500 ii.
969 1474 1040 1502 269.

312 1519 431 1550 imitari
445 1519 556 1550 voluit:

511 1616 575 1647 Quis
591 1622 654 1640 nam
667 1615 825 1640 temerarius
835 1615 905 1640 hicc’
915 1619 966 1645 est,

314 1654 368 1685 Qui
376 1655 493 1686 placidos
503 1656 585 1680 audet
596 1655 771 1680 dominorum
782 1662 908 1686 rumpere
916 1661 1034 1684 somnos,

311 1696 452 1727 Tempore
462 1702 517 1726 quo
528 1696 636 1720 dulcem
648 1702 706 1720 nox
717 1696 881 1728 intempesta
892 1696 1013 1726 quietem

314 1734 424 1767 Inn'gat,
435 1738 463 1760 et
473 1735 598 1760 membro
611 1742 690 1767 sopor
701 1739 741 1761 est
753 1735 918 1768 gratissimus
929 1735 1013 1761 omni.

314 1818 412 1855 Libri,
435 1822 574 1861 Ingerit:
602 1826 633 1851 et
648 1830 733 1851 error
747 1820 869 1851 videtur
890 1821 1048 1861 originem

315 1871 484 1910 sumpsisse
500 1882 518 1902 a
531 1872 695 1903 literarum
710 1872 906 1913 trajectione,
930 1886 972 1913 τῳ
987 1874 1045 1903 In-

313 1925 400 1962 girat
415 1924 550 1954 abeunte
565 1924 599 1954 in
614 1930 794 1963 corruptam
809 1934 929 1962 vocem,
951 1935 1047 1965 quam

315 1973 508 2004 sustulimus.
534 1974 685 2005 Conferas
693 1985 786 2014 porro
798 1975 851 2006 Sil.
869 1975 910 2006 It.
927 1985 954 2006 x.
973 1978 1046 2006 556.

360 2020 436 2054 V'er.
453 2029 524 2056 906.
546 2031 637 2065 atque
660 2025 746 2055 deest
771 2026 813 2055 V.
844 2025 1045 2057 ed—czcras:

319 2073 362 2104 V.
386 2074 434 2105 ed.
462 2081 504 2105 Π.
530 2077 620 2106 cura'z'
641 2087 690 2110 se;
719 2082 763 2106 Ω..
787 2086 864 2106 cura
879 2087 926 2107 se:
951 2077 1050 2114 unde,

319 2135 432 2166 quum,
453 2127 498 2161 αἳ,
520 2137 560 2165 ae,
582 2132 660 2164 eta,
684 2136 899 2166 saepenumero
920 2128 1051 2158 confusa

319 2177 384 2207 sint
398 2177 538 2207 Lucretii
552 2177 691 2214 librariis,
719 2187 783 2209 non
799 2179 913 2218 ineptae
928 2180 1050 2220 conjec-

320 2234 400 2258 turae
415 2228 502 2259 locus
517 2235 576 2259 est:

469 2299 553 2328 atque
563 2297 647 2322 animi
656 2304 726 2322 curce
735 2304 761 2322 se
772 2301 883 2330 pectore
894 2299 1011 2324 solvant.

365 2362 448 2393 Ibid.
471 2366 572 2395 animi
586 2376 677 2396 curas
688 2371 819 2405 pectore.
844 2365 931 2395 Nam
945 2370 1055 2404 pectus

321 2421 368 2445 est
382 2415 483 2445 animi
499 2416 711 2447 domicilium:
730 2416 816 2448 unde
831 2417 946 2456 pendet
960 2417 1056 2449 etiam

322 2466 522 2507 virgilianus
536 2477 654 2506 versus,
676 2478 744 2508 geo.
763 2468 802 2499 iv.
820 2472 869 2499 85.

370 2535 491 2567 Ingentis
501 2535 598 2561 animos
608 2540 723 2569 angusto
734 2536 760 2561 in
768 2540 865 2569 pectore
875 2541 992 2563 vex-sant.

324 2600 404 2632 Tres
418 2607 581 2643 sequentes
595 2613 701 2634 versus
716 2613 809 2643 supra
819 2603 977 2645 leguntur,
994 2614 1055 2635 ver.

328 2656 340 2683 1
349 2657 397 2685 81.

369 2705 445 2736 Ver.
463 2710 536 2739 910.
560 2711 677 2740 cenuez's
699 2711 812 2740 aureis.
846 2708 996 2749 Figurata
1011 2714 1058 2739 est

325 2755 457 2794 locutio;
486 2769 598 2799 quum,
621 2760 743 2801 quoties
769 2760 946 2801 arrigantur
967 2771 1058 2791 aures

325 2814 357 2838 et
373 2812 454 2851 opem:
468 2810 552 2847 fiant,
567 2812 677 2844 eadem
687 2813 780 2853 opera
795 2820 899 2845 tenues
914 2812 1054 2849 evadant,

324 2860 374 2890 vel
389 2861 586 2899 acuminatae,
603 2865 845 2904 quodammode.
869 2865 951 2895 Haec
966 2875 1054 2894 max-

328 2910 394 2942 ime
422 2911 526 2944 vivida
553 2919 599 2944 est
627 2920 666 2945 et
688 2915 808 2955 poetica
833 2915 1053 2956 interpretatio

1080 1125 1175 1156 Hanc
1197 1132 1304 1156 autem
1327 1123 1479 1155 naturalis
1494 1124 1622 1156 effectus
1637 1125 1809 1165 proprieta-

1080 1183 1152 1213 tem,
1175 1177 1262 1207 haud
1283 1176 1417 1207 dubium
1440 1182 1495 1213 est,
1516 1176 1593 1218 quin
1609 1176 1742 1208 voluerit
1762 1183 1810 1208 at-

1081 1239 1143 1270 que
1156 1228 1297 1259 innuerit
1311 1228 1480 1267 Horatius,
1502 1228 1555 1259 od.
1570 1228 1602 1260 ii.
1622 1232 1672 1261 19.
1687 1233 1716 1259 4.

1148 1313 1340 1344 Nymphasque
1352 1313 1493 1343 discentes,
1510 1316 1538 1339 et
1548 1320 1622 1339 aures

1179 1352 1361 1384 Capripedum
1373 1353 1531 1384 Satyrorum
1541 1356 1641 1377 acutas.

1085 1437 1107 1452 “
1125 1435 1242 1465 Aculas
1257 1440 1289 1464 et
1303 1434 1343 1465 ad
1357 1437 1558 1471 audiendum,
1575 1440 1606 1465 et
1621 1434 1660 1465 ad
1675 1434 1815 1474 ipsarum

1086 1489 1108 1505 “
1125 1486 1250 1516 aurium
1261 1486 1434 1527 figuram:”
1445 1487 1563 1526 optime
1574 1488 1691 1518 Acron.
1704 1486 1818 1527 Neque

1084 1538 1173 1569 aliter
1201 1545 1361 1569 enarrator
1387 1540 1598 1580 Cruquianus,
1631 1542 1654 1557 “
1686 1540 1818 1577 Acutas,

1088 1593 1110 1609 ²⁶
1126 1590 1239 1631 inquit,
1260 1597 1374 1622 erectas
1389 1590 1429 1621 ad
1444 1590 1670 1622 audiendum.“
1710 1590 1816 1621 Pluri-

1088 1640 1134 1670 mi
1148 1646 1222 1671 sunt
1236 1641 1400 1680 poetarum
1423 1641 1482 1672 loci
1498 1643 1531 1672 in
1546 1643 1628 1672 hanc
1645 1651 1713 1671 rem
1729 1650 1817 1679 spec·

1089 1697 1205 1729 tantes3
1229 1691 1296 1730 sed,
1318 1702 1360 1722 ne
1374 1692 1501 1733 longius
1516 1702 1696 1734 evagemur,
1714 1691 1820 1722 trivia-

1089 1743 1132 1774 lia
1147 1742 1252 1782 pueris
1269 1742 1492 1784 relinquamus.

1132 1795 1211 1825 Ver.
1230 1797 1302 1826 911.
1327 1796 1396 1826 Ne.-
1428 1800 1462 1826 Δ.
1482 1801 1523 1826 Π.
1541 1796 1818 1835 Nea—retroque.-

1091 1845 1189 1876 Vind.
1205 1845 1245 1876 V.
1267 1845 1314 1876 ed.
1338 1852 1485 1887 retorque.
1524 1846 1567 1877 In
1590 1856 1682 1877 versu
1705 1855 1821 1886 praece-

1092 1897 1196 1935 dente,
1219 1900 1259 1928 da
1276 1898 1362 1928 abest
1378 1902 1413 1929 Σ.

1136 1950 1218 1981 Ibid.
1239 1953 1362 1991 negites.
1399 1951 1474 1981 Hoc
1502 1952 1645 1990 verbum,
1681 1951 1823 1990 pluribus

1093 2001 1186 2041 primi
1200 2001 1318 2032 ordinis
1329 2002 1528 2041 scriptoribus
1536 2007 1734 2041 usurpatum,
1751 2002 1823 2032 Ho-

1092 2053 1173 2082 ratio
1187 2062 1246 2082 suo
1266 2052 1430 2083 Bentleius
1448 2053 1565 2092 optime
1581 2052 1760 2091 vindicavit,
1783 2052 1824 2083 ad

1095 2104 1181 2143 epist.
1198 2103 1217 2133 i.
1237 2107 1284 2135 16.
1301 2107 1352 2135 49.

1385 2179 1496 2210 Renuit,
1507 2179 1666 2211 negitatque,
1677 2179 1804 2206 Sabellus.

1096 2244 1220 2275 Eorum
1238 2244 1407 2286 judicium,
1430 2246 1484 2286 qui
1510 2246 1646 2276 sentiant
1672 2245 1760 2276 aliter
1782 2246 1827 2278 le·

1097 2295 1250 2336 gendum,
1265 2295 1384 2327 vitiosae
1399 2297 1488 2327 nucis
1503 2296 1646 2338 equidem
1663 2307 1727 2328 non
1742 2308 1827 2329 eme-

1098 2346 1169 2377 rim.

1142 2398 1218 2429 Ver.
1247 2402 1318 2430 912.
1341 2401 1496 2431 discedas:
1534 2404 1569 2431 Δ.
1596 2405 1628 2431 et
1653 2400 1756 2432 fidelia
1779 2400 1829 2432 Pii

1099 2450 1299 2490 exemplaria,
1315 2453 1491 2489 discedant‚·
1508 2462 1573 2483 non
1588 2452 1683 2492 male,
1699 2453 1753 2484 sed
1768 2454 1828 2483 mi-

1099 2511 1176 2532 nore
1190 2511 1265 2532 cum
1289 2503 1317 2532 vi
1341 2509 1372 2533 et
1398 2517 1534 2547 εναργειᾳ.
1580 2505 1695 2536 Sensus
1720 2511 1829 2537 autem

1100 2552 1160 2583 loci
1177 2553 1221 2584 sic
1236 2553 1385 2586 declarari
1400 2562 1514 2595 potest,
1538 2567 1578 2587 ne
1600 2557 1657 2588 tibi
1679 2563 1834 2592 structura

1101 2605 1266 2635 verborum
1296 2605 1438 2638 videatur
1467 2607 1658 2647 impeditior:
1698 2611 1720 2626 “
1735 2608 1780 2638 Et
1802 2615 1834 2637 te

1101 2659 1123 2674 ‘⁶
1139 2666 1282 2697 segreges
1296 2667 1315 2687 a
1329 2667 1393 2696 me,
1419 2663 1589 2689 retrorsmu
1611 2657 1732 2694 cedens,
1757 2668 1832 2689 cum

1101 2709 1123 2724 “
1139 2712 1263 2745 pectore
1300 2708 1464 2739 veritatem
1492 2719 1636 2740 meorum
1673 2709 1829 2742 dictorum

1101 2760 1123 2776 “
1139 2756 1468 2797 aversat0.”—Porr0,
1492 2760 1529 2790 Β.
1540 2766 1674 2799 pectora.

1143 2811 1217 2842 Ver.
1234 2815 1305 2843 915.
1331 2813 1486 2843 Tutemet:
1506 2812 1543 2843 P.
1558 2813 1596 2843 B.
1621 2815 1774 2845 Tucimet:
1793 2813 1834 2846 V.

1099 2863 1147 2892 ed.
1177 2864 1226 2893 Tu
1243 2865 1345 2900 timet;
1365 2869 1407 2894 Π.
1434 2865 1483 2894 Tu
1501 2869 1612 2901 tumet;
1631 2869 1664 2896 Σ.
1682 2866 1836 2896 Trutines.

1098 2925 1254 2956 —neque:
1281 2915 1324 2945 sic
1351 2914 1448 2946 Vind.
1475 2915 1512 2947 Β.
1536 2916 1572 2947 L.
1597 2916 1637 2948 O.
1665 2921 1700 2948 Δ.
1726 2923 1767 2948 Π.
1790 2921 1827 2950 Σ.
