1912 3292
465 232 698 288 LIBER
743 233 1090 282 TERTIUS.

1458 237 1516 276 13

87 382 141 418 45
173 376 262 419 Nec
281 385 468 429 prorsum
487 368 712 425 quidquam
731 374 883 407 nostrae
904 363 1073 405 rationis
1093 376 1228 418 egere3

175 450 290 492 Hinc
309 446 401 487 licet
421 443 609 485 advortas
629 441 829 489 animum,
850 438 981 494 magis
1001 437 1142 477 omnia
1159 434 1304 485 laudis,

172 521 323 565 Jactari
343 532 541 567 caussam,
563 530 686 572 quam
706 513 818 570 quod
838 522 908 554 res
921 512 1009 566 ipsa
1027 510 1238 565 probetur:

174 597 371 638 Extorres
390 593 515 633 iidem
534 589 683 646 patria,
705 589 907 645 longeque
926 585 1079 642 fugatei

174 670 408 724 Conspectu
429 682 480 708 ex
499 666 731 714 hominum,
749 662 896 703 fedatei
917 659 1088 701 crimine
1108 657 1233 712 turpi,

90 751 143 786 50
174 743 379 785 Omnibus
399 740 592 781 aerumnis
612 737 782 780 adfectei
801 735 993 789 denique,
1014 733 1155 773 vivunt
1162 749 1174 781 ;

176 818 245 868 Et,
269 829 558 873 quoquomque
577 820 713 853 tamen
736 809 895 851 miserei
915 821 1076 857 venere,
1097 811 1330 860 parentant,

33 975 133 1015 magis
147 972 421 1004 accommodatam.

469 971 528 1002 Sed
548 971 669 1001 nullam
684 981 755 1000 meo
798 969 937 999 minibus
959 967 1171 998 indifferenter
1198 963 1312 1003 passim
1338 962 1437 991 utitur
1458 961 1522 991 Lu-

35 1027 142 1056 animo
167 1026 316 1055 inhaerere
342 1024 569 1055 dubitationem
596 1023 757 1053 Arnobius
799 1021 927 1050 cretius:
943 1019 1013 1048 vide
1024 1018 1128 1056 ipsum
1137 1025 1223 1052 mox,
1236 1013 1274 1043 ad
1284 1023 1359 1043 verr.
1372 1015 1443 1042 4523.
1453 1015 1526 1042 424.

33 1077 158 1116 patitur,
185 1077 239 1117 qui
266 1076 488 1106 Lucretianam
502 1075 676 1105 orationem
693 1080 756 1104 stu-

34 1129 206 1159 diosissime
217 1134 362 1165 sectatur,
375 1127 592 1166 exprimitque.
634 1126 684 1155 Sic
696 1125 759 1161 ille,

34 1180 86 1210 lib.
98 1181 150 1210 vii.
164 1191 192 1219 p.
211 1184 282 1210 ⁶222.
306 1184 328 1198 “
346 1179 441 1215 Quod
455 1185 501 1208 est
511 1177 638 1208 honoris
649 1187 760 1218 genus,

38 1235 60 1249 “
77 1231 237 1272 lignorum
275 1231 439 1261 struicibus
475 1229 618 1265 incensis,
649 1228 763 1258 coelum

36 1285 59 1300 “
71 1282 161 1312 furno
170 1281 361 1317 subtexere,'‘
378 1283 428 1321 (ut
437 1281 525 1319 Virg.
535 1280 609 1309 AEn.
619 1279 662 1308 iii.
673 1278 760 1317 582.)

37 1337 60 1352 “
76 1340 107 1363 et
138 1333 256 1373 effigies
281 1332 452 1362 numinum
473 1334 594 1370 nigrore
615 1329 762 1370 offuscare

39 1389 62 1404 “
77 1383 208 1415 ferali?‘'
234 1385 307 1414 Non
332 1390 452 1413 exstare
474 1382 605 1412 arbitror
628 1391 706 1410 verae
721 1380 761 1409 si-

39 1439 61 1454 “
79 1436 233 1466 miliorem
262 1435 482 1475 conjecturam.
529 1431 692 1468 Manilius,
722 1431 761 1461 iv.

39 1490 109 1520 530.

322 1548 407 1573 multa
411 1548 503 1580 fuscat
513 1546 625 1577 caligine
635 1545 714 1569 sidus.

39 1603 101 1633 Sed
122 1603 206 1633 verbi
228 1602 376 1641 simplicis
398 1600 500 1630 multa
529 1604 604 1629 sunt
625 1596 765 1637 apposita

38 1654 191 1693 exempla,
226 1653 340 1694 quibus
370 1650 536 1682 afferendis
566 1647 763 1688 supersedere

40 1704 158 1735 malim.

83 1755 164 1786 Ibid.
186 1758 316 1795 nigrore.
361 1753 531 1790 Pacuvius,
564 1751 599 1781 in
630 1750 694 1781 Cic.
725 1749 763 1780 de

40 1807 100 1838 div.
117 1807 136 1838 i.
155 1811 201 1837 14.

206 1865 345 1895 noctisque
360 1868 388 1890 et
398 1863 524 1888 nimbum
535 1863 658 1886 obcaecat
669 1860 766 1892 nigror.

48 1916 99 1946 Sic
116 1915 257 1946 Lucilius
280 1915 388 1953 etiam,
411 1913 496 1953 apud
520 1911 674 1947 Nonium,
696 1919 770 1939 voce

46 1969 140 2007 Alga,
162 1967 194 1997 ii.
218 1970 267 1996 28.
294 1965 463 2001 Arnobius‚
491 1963 542 1993 lib.
569 1963 600 1992 ii.
630 1973 659 2001 p.
675 1963 771 1991 47.—

44 2021 67 2036 “
82 2017 195 2058 quibus
210 2027 247 2047 ex
262 2016 376 2046 caussis
390 2015 445 2054 pili
466 2016 618 2053 nigrorem
644 2011 767 2051 ingeni-

45 2071 68 2087 “
84 2074 152 2099 tum
168 2066 328 2107 ponant?”

88 2128 161 2158 Ver.
177 2131 227 2158 40.
249 2128 398 2166 liquidam
412 2133 594 2164 puramque.
641 2121 690 2151 Sic
706 2122 768 2150 Ar-

45 2180 168 2217 nobius,
198 2178 249 2208 lib.
274 2178 306 2207 ii.
328 2188 358 2217 p.
385 2180 434 2207 81.
466 2181 485 2193 “
503 2173 655 2216 Quamvis
679 2172 769 2209 illud,

45 2237 66 2251 “
82 2231 166 2272 quod
180 2230 338 2260 infirmare
352 2228 539 2264 moliuntur,
555 2226 595 2256 sit
603 2236 730 2265 purum,
741 2229 771 2254 et

46 2287 66 2301 “
77 2285 240 2323 liquidum,
253 2286 283 2311 et
293 2280 428 2310 veritatis
438 2277 653 2318 obsignatione
665 2275 770 2314 muni-

49 2339 69 2352 ⁸‘
85 2332 181 2363 tum.’‘
230 2332 340 2372 Neque
355 2331 444 2360 aliter
459 2339 533 2359 sane
550 2327 728 2363 Suetonius,
741 2325 771 2356 ii.

50 2388 167 2417 95.-“
182 2389 321 2423 repente,
349 2384 466 2422 liquido
493 2390 529 2410 ac
548 2391 629 2419 paro
653 2387 773 2414 sereno,

51 2440 74 2455 “
90 2434 223 2466 circulus
239 2434 279 2464 ad
300 2433 434 2473 speciem
456 2430 586 2462 coelestis
612 2428 702 2459 arcfls
725 2438 774 2458 or-

51 2492 74 2508 “
89 2490 161 2519 bem
175 2486 248 2516 solis
261 2484 398 2515 ambiit.”

95 2539 169 2569 Ver.
186 2540 236 2567 41.
264 2538 349 2567 Nam
365 2537 460 2576 quod:
487 2534 526 2564 V.
549 2532 596 2564 ed.
621 2533 774 2571 Namque.

53 2590 246 2620 —komines.·
272 2592 308 2617 Δ.
337 2597 452 2622 omnes;
489 2584 610 2615 solenni
639 2582 777 2613 multum

54 2640 186 2673 librariis
201 2638 400 2669 aberratione.

98 2693 173 2722 Ver.
190 2694 241 2721 42.
271 2691 406 2721 Tartara
421 2690 483 2719 leti.
528 2686 579 2717 Sic
595 2687 698 2722 Maro,
709 2695 777 2726 geo.

56 2743 97 2775 iv.
111 2746 183 2774 481.

59 2839 61 2841 .
87 2815 160 2848 Quin
169 2815 233 2847 ipsae
244 2818 370 2846 stupuere
377 2813 483 2843 domus,
495 2814 575 2843 atque
586 2811 681 2835 intima
688 2809 731 2834 leti

91 2859 239 2882 Tartara—.

102 2919 177 2950 Ver.
192 2923 241 2950 45.
262 2921 377 2950 animi:
404 2919 423 2949 i.
439 2929 464 2948 e.
480 2917 610 2953 animae;
632 2926 707 2946 nam
722 2925 779 2945 no-

804 1073 914 1108 Quum
929 1080 1001 1100 vero
1022 1071 1072 1098 hae
1093 1078 1183 1098 voces
1209 1065 1356 1096 facillime
1381 1063 1528 1094 commis-

804 1129 944 1160 ceantur,
962 1128 994 1152 et
1007 1120 1097 1151 nullo
1111 1118 1206 1149 modo
1221 1116 1366 1147 credibile
1382 1116 1432 1154 sit,
1455 1116 1528 1155 po'e-

805 1181 871 1204 tam
901 1178 1041 1203 nostrum
1064 1171 1150 1210 prius
1172 1169 1251 1205 illas,
1283 1172 1390 1197 contra
1411 1166 1530 1207 linguae

805 1224 1086 1256 constantissimam
1103 1218 1374 1254 consuetudinem,
1395 1218 1530 1247 confun-

805 1277 877 1307 dere
892 1275 1034 1311 voluisse,
1058 1282 1153 1313 quam
1176 1270 1215 1300 de
1241 1270 1298 1299 hac
1318 1278 1351 1298 re
1366 1267 1414 1298 vel
1429 1268 1531 1298 hilum

805 1326 974 1363 monuerit,
1004 1330 1111 1355 contra
1139 1321 1233 1351 libros
1261 1320 1311 1350 hic
1333 1319 1531 1349 scribendum

805 1381 919 1409 animce
934 1377 1045 1407 malui:
1066 1384 1166 1414 neque
1178 1372 1315 1412 ambigo,
1325 1371 1402 1411 quin
1413 1371 1533 1410 optimo

805 1431 946 1468 consilio,
970 1436 1001 1460 et
1026 1427 1091 1468 ipsa
1113 1426 1240 1456 veritate
1265 1423 1466 1464 suffragante,
1489 1423 1533 1454 sic

806 1484 941 1515 fecerim.
977 1481 1093 1511 Videas
1108 1484 1215 1510 autem
1230 1477 1312 1508 dicta
1327 1476 1366 1506 ad
1381 1486 1442 1506 ver.
1462 1479 1531 1506 118.

806 1536 897 1566 infra.

812 1608 816 1609 ν
851 1585 932 1616 Ibid.
954 1591 1100 1615 naturam
1130 1582 1309 1621 sanguinis:
1344 1578 1383 1608 de
1412 1578 1470 1608 hac
1500 1587 1533 1607 re

808 1638 950 1669 consulas
965 1646 1070 1666 meam
1100 1633 1173 1664 Silv.
1192 1632 1267 1662 Crit.
1283 1631 1315 1660 ii.
1332 1641 1360 1669 p.
1379 1633 1447 1660 111.
1471 1629 1533 1660 Pa-

808 1690 882 1720 riter
899 1687 1062 1728 Virgilius,
1080 1686 1155 1716 AEn.
1171 1684 1213 1713 ix.
1228 1686 1300 1714 549.

839 1765 998 1794 Purpuream
1006 1759 1093 1784 vomit
1102 1757 1145 1782 ille
1154 1756 1280 1783 animam
1294 1758 1333 1783 et,
1341 1760 1405 1778 cum
1413 1753 1536 1785 sanguine

931 1800 1031 1828 mixta,

839 1841 906 1865 Vina
918 1838 1000 1864 refert
1011 1837 1136 1862 moriens.

814 1904 891 1934 Huc
906 1902 1033 1938 faciens,
1048 1904 1147 1930 exstat
1158 1895 1359 1936 Empedoclis
1373 1904 1491 1925 versus:

863 1974 940 2007 Αἷμα
951 1983 1002 2007 γαρ
1014 1971 1141 2006 ανθρωποις
1153 1968 1312 2004 τερικαρδιον,
1325 1976 1375 1993 εστι
1387 1977 1469 2000 vomax
1479 1978 1489 1994 .-

813 2035 882 2066 vide
899 2035 1094 2070 Ciceronem,
1109 2032 1138 2062 T
1140 2041 1202 2062 usc.
1222 2029 1321 2069 dispp.
1338 2029 1358 2059 i.
1374 2034 1403 2061 9.
1419 2034 1451 2059 et
1465 2027 1539 2059 doc-

813 2095 860 2118 tas
889 2084 1170 2117 animadversiones
1200 2081 1330 2112 Davisii.
1388 2081 1539 2118 Stobaeus,

813 2140 868 2171 ecl.
883 2140 970 2179 phys,
985 2137 1037 2168 lib.
1058 2141 1085 2167 1.
1113 2147 1142 2175 p.
1163 2138 1234 2167 151.
1257 2133 1313 2164 ubi
1335 2143 1440 2163 versus
1462 2133 1540 2162 Em-

814 2190 949 2230 pedoclis
963 2199 1088 2229 quoque
1112 2190 1346 2217 conservantur:
1371 2190 1469 2214 Oxeas
1486 2196 1544 2225 »γαρ

815 2257 865 2273 και
879 2244 1009 2284 Όμηρος,
1026 2241 1102 2270 καθα
1118 2251 1168 2269 και
1185 2244 1315 2268 «ἵλεω-τοι
1333 2248 1388 2265 των
1402 2235 1467 2274 μετ’
1489 2247 1541 2264 αυ-

816 2291 1046 2329 wou'bmzoessov,
1075 2304 1099 2321 εν
1126 2303 1167 2332 ,τῳ
1190 2289 1296 2329 αἵματι
1313 2300 1378 2317 mou
1393 2287 1542 2327 ανθρωπως

818 2359 869 2379 την
885 2357 943 2386 περι
959 2357 1000 2374 «τοι
1021 2345 1120 2376 sunem
1146 2348 1276 2382 φρονκσιν.
1321 2337 1457 2372 Plinius„
1477 2341 1542 2366 nat.

816 2397 886 2427 hist.
901 2396 944 2426 xi.
963 2399 1012 2427 90.
1044 2397 1066 2412 “
1080 2393 1203 2433 Magna
1214 2397 1245 2421 et
1258 2391 1292 2420 in
1308 2400 1345 2420 eo
1362 2387 1543 2430 (sanguine)

819 2453 840 2468 “
856 2447 1015 2478 vitalitatis
1028 2445 1137 2485 portio.
1181 2442 1324 2474 Emissus
1338 2440 1481 2480 spiritum
1497 2448 1545 2469 se.
1575 2448 1579 2452 ·

820 2505 842 2520 “
858 2511 931 2531 cum
956 2498 1082 2529 trahit.’'
1129 2490 1276 2527 Clemens
1300 2490 1544 2526 Alexandrinus,

819 2551 897 2591 paed.
912 2551 933 2581 i.
948 2554 979 2581 6.
995 2560 1025 2588 p.
1041 2552 1094 2579 21.
1117 2554 1300 2589 Πρωτογονον
1329 2556 1387 2584 ’γαρ
1413 2554 1446 2572 ‘ro
1468 2541 1546 2581 αἵμω

822 2604 976 2646 εὖρισκεται
994 2614 1018 2632 εν
1034 2603 1175 2643 campas-my·
1200 2599 1212 2628 ὂ
1227 2597 1259 2629 δη
1277 2607 1344 2628 τινες
1362 2606 1440 2624 εσιαν
1463 2604 1546 2624 emen

822 2658 929 2696 ’ψυχῆς
967 2661 1158 2693 ετολμηκασι.
1205 2648 1287 2680 Vide
1302 2647 1467 2677 Potterum
1485 2644 1544 2675 ibi-

821 2707 905 2742 dem,
920 2711 952 2736 et
968 2705 1122 2741 Servium,
1137 2702 1177 2732 ad
1190 2701 1280 2741 Virg.
1298 2699 1372 2729 AEn.
1388 2699 1507 2728 5908.

865 2757 945 2788 Ibid.
981 2757 1081 2786 animi
1109 2759 1254 2784 naturam
1283 2751 1444 2790 sanguinis
1472 2759 1542 2779 esse.

823 2810 995 2847 Arnobius,
1010 2809 1062 2839 lib.
1077 2807 1127 2837 vii.
1141 2818 1171 2847 p.
1187 2808 1324 2837 215.—“
1339 2802 1462 2834 animas
1472 2811 1546 2832 cum

824 2866 845 2881 “
862 2872 967 2893 cruore
984 2857 1178 2900 fugientes:‘'
1203 2856 1373 2887 Maronem
1393 2853 1545 2889 imitatus,

827 2916 900 2946 AEn
915 2924 944 2944 x.
959 2916 1030 2945 908.
