<?xml version="1.0" encoding="UTF-8"?>
<!DOCTYPE html PUBLIC "-//W3C//DTD XHTML 1.0 Transitional//EN"
    "http://www.w3.org/TR/xhtml1/DTD/xhtml1-transitional.dtd">
<html xmlns="http://www.w3.org/1999/xhtml" xml:lang="en" lang="en">
 <head>
  <title>
</title>
<meta http-equiv="Content-Type" content="text/html;charset=utf-8" />
  <meta name='ocr-system' content='tesseract 3.04.00' />
  <meta name='ocr-capabilities' content='ocr_page ocr_carea ocr_par ocr_line ocrx_word'/>
</head>
<body>
  <div class='ocr_page' id='page_1' title='image "./tlucretiicarider02lucruoft_0035.png"; bbox 0 0 1912 3292; ppageno 0'>
   <div class='ocr_carea' id='block_1_1' title="bbox 0 69 3 767">
    <p class='ocr_par' dir='ltr' id='par_1_1' title="bbox 0 69 3 767">
     <span class='ocr_line' id='line_1_1' title="bbox 0 69 3 767; baseline 0 0"><span class='ocrx_word' id='word_1_1' title='bbox 0 69 3 767; x_wconf 95' lang='lat' dir='ltr'> </span> 
     </span>
    </p>
   </div>
   <div class='ocr_carea' id='block_1_2' title="bbox 467 260 1106 312">
    <p class='ocr_par' dir='ltr' id='par_1_2' title="bbox 467 260 1106 312">
     <span class='ocr_line' id='line_1_2' title="bbox 467 260 1106 312; baseline -0.003 1"><span class='ocrx_word' id='word_1_2' title='bbox 467 261 702 312; x_wconf 85' lang='lat' dir='ltr'><strong>LIBER</strong></span> <span class='ocrx_word' id='word_1_3' title='bbox 749 260 1106 311; x_wconf 86' lang='lat' dir='ltr'><strong>TERTIUS.</strong></span> 
     </span>
    </p>
   </div>
   <div class='ocr_carea' id='block_1_3' title="bbox 1479 272 1534 312">
    <p class='ocr_par' dir='ltr' id='par_1_3' title="bbox 1479 272 1534 312">
     <span class='ocr_line' id='line_1_3' title="bbox 1479 272 1534 312; baseline -0.018 0"><span class='ocrx_word' id='word_1_4' title='bbox 1479 272 1534 312; x_wconf 88' lang='lat'>11</span> 
     </span>
    </p>
   </div>
   <div class='ocr_carea' id='block_1_4' title="bbox 110 394 1311 593">
    <p class='ocr_par' dir='ltr' id='par_1_4' title="bbox 110 394 1311 593">
     <span class='ocr_line' id='line_1_4' title="bbox 197 394 1155 455; baseline -0.008 -13"><span class='ocrx_word' id='word_1_5' title='bbox 197 401 352 455; x_wconf 89' lang='lat' dir='ltr'>Sponte</span> <span class='ocrx_word' id='word_1_6' title='bbox 371 395 442 437; x_wconf 62' lang='lat' dir='ltr'>sua</span> <span class='ocrx_word' id='word_1_7' title='bbox 462 394 647 445; x_wconf 88' lang='lat' dir='ltr'>volitent,</span> <span class='ocrx_word' id='word_1_8' title='bbox 669 402 825 435; x_wconf 84' lang='lat' dir='ltr'>aeterno</span> <span class='ocrx_word' id='word_1_9' title='bbox 844 394 1001 449; x_wconf 87' lang='lat' dir='ltr'>percita</span> <span class='ocrx_word' id='word_1_10' title='bbox 1019 403 1155 444; x_wconf 90' lang='lat' dir='ltr'>motu;</span> 
     </span>
     <span class='ocr_line' id='line_1_5' title="bbox 200 466 1311 527; baseline -0.005 -14"><span class='ocrx_word' id='word_1_11' title='bbox 200 474 378 527; x_wconf 85' lang='lat' dir='ltr'>Quoque</span> <span class='ocrx_word' id='word_1_12' title='bbox 397 469 523 511; x_wconf 85' lang='lat' dir='ltr'>modo</span> <span class='ocrx_word' id='word_1_13' title='bbox 541 469 699 525; x_wconf 87' lang='lat' dir='ltr'><strong>possint</strong></span> <span class='ocrx_word' id='word_1_14' title='bbox 719 483 783 510; x_wconf 89' lang='lat' dir='ltr'>res</span> <span class='ocrx_word' id='word_1_15' title='bbox 802 482 856 509; x_wconf 80' lang='lat' dir='ltr'>ex</span> <span class='ocrx_word' id='word_1_16' title='bbox 875 468 953 508; x_wconf 89' lang='lat' dir='ltr'>hiis</span> <span class='ocrx_word' id='word_1_17' title='bbox 974 482 1148 524; x_wconf 90' lang='lat' dir='ltr'>quaeque</span> <span class='ocrx_word' id='word_1_18' title='bbox 1167 466 1311 509; x_wconf 83' lang='lat' dir='ltr'>creari:</span> 
     </span>
     <span class='ocr_line' id='line_1_6' title="bbox 110 542 1177 593; baseline -0.006 -5"><span class='ocrx_word' id='word_1_19' title='bbox 110 552 162 587; x_wconf 70' lang='lat'>535</span> <span class='ocrx_word' id='word_1_20' title='bbox 194 546 334 588; x_wconf 80' lang='lat' dir='ltr'>Hasce</span> <span class='ocrx_word' id='word_1_21' title='bbox 354 544 579 586; x_wconf 90' lang='lat' dir='ltr'>secundum</span> <span class='ocrx_word' id='word_1_22' title='bbox 598 559 663 585; x_wconf 88' lang='lat' dir='ltr'>res</span> <span class='ocrx_word' id='word_1_23' title='bbox 684 543 808 584; x_wconf 85' lang='lat' dir='ltr'>animi</span> <span class='ocrx_word' id='word_1_24' title='bbox 831 551 980 584; x_wconf 85' lang='lat' dir='ltr'>natura</span> <span class='ocrx_word' id='word_1_25' title='bbox 999 542 1177 593; x_wconf 80' lang='lat' dir='ltr'>videtur,</span> 
     </span>
    </p>
   </div>
   <div class='ocr_carea' id='block_1_5' title="bbox 199 617 1285 676">
    <p class='ocr_par' dir='ltr' id='par_1_5' title="bbox 199 617 1285 676">
     <span class='ocr_line' id='line_1_7' title="bbox 199 617 1285 676; baseline -0.005 -14"><span class='ocrx_word' id='word_1_26' title='bbox 199 621 338 676; x_wconf 86' lang='lat' dir='ltr'>Atque</span> <span class='ocrx_word' id='word_1_27' title='bbox 358 619 523 669; x_wconf 85' lang='lat' dir='ltr'>animae,</span> <span class='ocrx_word' id='word_1_28' title='bbox 547 618 740 660; x_wconf 85' lang='lat' dir='ltr'>claranda</span> <span class='ocrx_word' id='word_1_29' title='bbox 758 618 860 658; x_wconf 87' lang='lat' dir='ltr'>meis</span> <span class='ocrx_word' id='word_1_30' title='bbox 873 618 961 673; x_wconf 83' lang='lat' dir='ltr'>jam</span> <span class='ocrx_word' id='word_1_31' title='bbox 980 617 1161 658; x_wconf 85' lang='lat' dir='ltr'>versibus</span> <span class='ocrx_word' id='word_1_32' title='bbox 1181 630 1285 665; x_wconf 82' lang='lat' dir='ltr'>esse3</span> 
     </span>
    </p>
   </div>
   <div class='ocr_carea' id='block_1_6' title="bbox 195 689 1315 749">
    <p class='ocr_par' dir='ltr' id='par_1_6' title="bbox 195 689 1315 749">
     <span class='ocr_line' id='line_1_8' title="bbox 195 689 1315 749; baseline -0.003 -15"><span class='ocrx_word' id='word_1_33' title='bbox 195 693 251 735; x_wconf 86' lang='lat' dir='ltr'>Et</span> <span class='ocrx_word' id='word_1_34' title='bbox 270 701 403 734; x_wconf 87' lang='lat' dir='ltr'>metus</span> <span class='ocrx_word' id='word_1_35' title='bbox 421 693 487 734; x_wconf 89' lang='lat' dir='ltr'>ille</span> <span class='ocrx_word' id='word_1_36' title='bbox 505 692 614 734; x_wconf 86' lang='lat' dir='ltr'>foras</span> <span class='ocrx_word' id='word_1_37' title='bbox 633 707 818 748; x_wconf 87' lang='lat' dir='ltr'>praeceps</span> <span class='ocrx_word' id='word_1_38' title='bbox 839 691 1090 734; x_wconf 89' lang='lat' dir='ltr'>Acheruntis</span> <span class='ocrx_word' id='word_1_39' title='bbox 1109 689 1315 749; x_wconf 86' lang='lat' dir='ltr'>agundus,</span> 
     </span>
    </p>
   </div>
   <div class='ocr_carea' id='block_1_7' title="bbox 70 862 774 937">
    <p class='ocr_par' dir='ltr' id='par_1_7' title="bbox 70 862 774 937">
     <span class='ocr_line' id='line_1_9' title="bbox 70 862 774 895; baseline 0 -7"><span class='ocrx_word' id='word_1_40' title='bbox 70 865 159 895; x_wconf 81' lang='lat' dir='ltr'>Usque</span> <span class='ocrx_word' id='word_1_41' title='bbox 170 865 247 888; x_wconf 88' lang='lat' dir='ltr'>metu</span> <span class='ocrx_word' id='word_1_42' title='bbox 258 862 379 888; x_wconf 86' lang='lat' dir='ltr'>micuere</span> <span class='ocrx_word' id='word_1_43' title='bbox 387 863 469 894; x_wconf 83' lang='lat' dir='ltr'>sinus,</span> <span class='ocrx_word' id='word_1_44' title='bbox 479 864 546 888; x_wconf 83' lang='lat' dir='ltr'>dmn</span> <span class='ocrx_word' id='word_1_45' title='bbox 557 863 644 889; x_wconf 83' lang='lat' dir='ltr'>victor</span> <span class='ocrx_word' id='word_1_46' title='bbox 655 864 774 889; x_wconf 88' lang='lat' dir='ltr'>amicum</span> 
     </span>
     <span class='ocr_line' id='line_1_10' title="bbox 96 905 670 937; baseline 0 -8"><span class='ocrx_word' id='word_1_47' title='bbox 96 906 190 930; x_wconf 85' lang='lat' dir='ltr'>Dictus</span> <span class='ocrx_word' id='word_1_48' title='bbox 201 912 228 930; x_wconf 83' lang='lat' dir='ltr'>es</span> <span class='ocrx_word' id='word_1_49' title='bbox 240 905 354 929; x_wconf 84' lang='lat' dir='ltr'>Ismariis</span> <span class='ocrx_word' id='word_1_50' title='bbox 365 906 414 930; x_wconf 81' lang='lat' dir='ltr'>isse</span> <span class='ocrx_word' id='word_1_51' title='bbox 422 912 469 937; x_wconf 87' lang='lat' dir='ltr'>per</span> <span class='ocrx_word' id='word_1_52' title='bbox 478 912 577 937; x_wconf 84' lang='lat' dir='ltr'>agmen</span> <span class='ocrx_word' id='word_1_53' title='bbox 587 906 670 937; x_wconf 84' lang='lat' dir='ltr'>equis.</span> 
     </span>
    </p>
   </div>
   <div class='ocr_carea' id='block_1_8' title="bbox 48 969 781 1323">
    <p class='ocr_par' dir='ltr' id='par_1_8' title="bbox 48 969 781 1268">
     <span class='ocr_line' id='line_1_11' title="bbox 51 969 777 1009; baseline 0 -9"><span class='ocrx_word' id='word_1_54' title='bbox 51 969 83 1000; x_wconf 86' lang='lat' dir='ltr'>S.</span> <span class='ocrx_word' id='word_1_55' title='bbox 110 969 293 1007; x_wconf 74' lang='lat' dir='ltr'>Matthaeus,</span> <span class='ocrx_word' id='word_1_56' title='bbox 320 969 423 999; x_wconf 72' lang='lat' dir='ltr'>xxviii.</span> <span class='ocrx_word' id='word_1_57' title='bbox 445 970 664 1007; x_wconf 68' lang='grc' dir='ltr'><strong>8.-εξελθεσαι</strong></span> <span class='ocrx_word' id='word_1_58' title='bbox 692 982 777 1009; x_wconf 68' lang='grc' dir='ltr'>ταχυ</span> 
     </span>
     <span class='ocr_line' id='line_1_12' title="bbox 48 1026 776 1061; baseline 0.001 -10"><span class='ocrx_word' id='word_1_59' title='bbox 48 1033 109 1052; x_wconf 68' lang='lat' dir='ltr'>oeaeo</span> <span class='ocrx_word' id='word_1_60' title='bbox 126 1034 163 1052; x_wconf 66' lang='grc' dir='ltr'>τε</span> <span class='ocrx_word' id='word_1_61' title='bbox 176 1033 297 1061; x_wconf 56' lang='lat' dir='ltr'>pampas&amp;</span> <span class='ocrx_word' id='word_1_62' title='bbox 312 1034 391 1060; x_wconf 72' lang='grc' dir='ltr'>μετα</span> <span class='ocrx_word' id='word_1_63' title='bbox 413 1026 546 1051; x_wconf 61' lang='lat' dir='ltr'>‘bonor</span> <span class='ocrx_word' id='word_1_64' title='bbox 570 1034 620 1051; x_wconf 72' lang='lat' dir='ltr'>xm</span> <span class='ocrx_word' id='word_1_65' title='bbox 645 1026 776 1052; x_wconf 80' lang='grc' dir='ltr'><strong>ΧΑΡΑΣ</strong></span> 
     </span>
     <span class='ocr_line' id='line_1_13' title="bbox 50 1071 777 1113; baseline -0.003 -10"><span class='ocrx_word' id='word_1_66' title='bbox 50 1080 200 1113; x_wconf 68' lang='grc' dir='ltr'><strong>μεγαλης.</strong></span> <span class='ocrx_word' id='word_1_67' title='bbox 249 1072 338 1102; x_wconf 78' lang='lat' dir='ltr'>Olim</span> <span class='ocrx_word' id='word_1_68' title='bbox 354 1071 542 1109; x_wconf 52' lang='lat' dir='ltr'>sslaeonideS,</span> <span class='ocrx_word' id='word_1_69' title='bbox 571 1071 632 1102; x_wconf 86' lang='lat' dir='ltr'>Od.</span> <span class='ocrx_word' id='word_1_70' title='bbox 657 1077 688 1102; x_wconf 88' lang='lat' dir='ltr'>T.</span> <span class='ocrx_word' id='word_1_71' title='bbox 705 1074 777 1102; x_wconf 80' lang='lat'><strong>471.</strong></span> 
     </span>
     <span class='ocr_line' id='line_1_14' title="bbox 53 1122 778 1164; baseline -0.004 -10"><span class='ocrx_word' id='word_1_72' title='bbox 53 1130 90 1154; x_wconf 89' lang='lat' dir='ltr'>ut</span> <span class='ocrx_word' id='word_1_73' title='bbox 103 1124 158 1164; x_wconf 90' lang='lat' dir='ltr'>qui</span> <span class='ocrx_word' id='word_1_74' title='bbox 173 1125 321 1154; x_wconf 86' lang='lat' dir='ltr'>humanae</span> <span class='ocrx_word' id='word_1_75' title='bbox 336 1123 452 1153; x_wconf 87' lang='lat' dir='ltr'>mentis</span> <span class='ocrx_word' id='word_1_76' title='bbox 466 1122 636 1162; x_wconf 85' lang='lat' dir='ltr'>penetralia</span> <span class='ocrx_word' id='word_1_77' title='bbox 662 1132 778 1152; x_wconf 85' lang='lat' dir='ltr'>resera-</span> 
     </span>
     <span class='ocr_line' id='line_1_15' title="bbox 51 1174 781 1216; baseline -0.003 -9"><span class='ocrx_word' id='word_1_78' title='bbox 51 1177 138 1213; x_wconf 81' lang='lat' dir='ltr'>verit,</span> <span class='ocrx_word' id='word_1_79' title='bbox 165 1187 223 1216; x_wconf 88' lang='lat' dir='ltr'>ope</span> <span class='ocrx_word' id='word_1_80' title='bbox 241 1177 335 1207; x_wconf 89' lang='lat' dir='ltr'>clavis</span> <span class='ocrx_word' id='word_1_81' title='bbox 357 1176 481 1207; x_wconf 63' lang='lat' dir='ltr'>Natura</span> <span class='ocrx_word' id='word_1_82' title='bbox 495 1175 626 1212; x_wconf 81' lang='lat' dir='ltr'>traditae,</span> <span class='ocrx_word' id='word_1_83' title='bbox 652 1174 781 1215; x_wconf 85' lang='lat' dir='ltr'>posteris</span> 
     </span>
     <span class='ocr_line' id='line_1_16' title="bbox 53 1229 212 1268; baseline 0.013 -11"><span class='ocrx_word' id='word_1_84' title='bbox 53 1229 212 1268; x_wconf 82' lang='lat' dir='ltr'>praeluxit:</span> 
     </span>
    </p>

    <p class='ocr_par' dir='ltr' id='par_1_9' title="bbox 91 1287 732 1323">
     <span class='ocr_line' id='line_1_17' title="bbox 91 1287 732 1323; baseline -0.002 -8"><span class='ocrx_word' id='word_1_85' title='bbox 91 1293 147 1319; x_wconf 67' lang='lat' dir='ltr'>Tm</span> <span class='ocrx_word' id='word_1_86' title='bbox 159 1288 181 1315; x_wconf 73' lang='grc' dir='ltr'>δ’</span> <span class='ocrx_word' id='word_1_87' title='bbox 199 1290 263 1322; x_wconf 66' lang='grc' dir='ltr'>ἅμα.</span> <span class='ocrx_word' id='word_1_88' title='bbox 272 1289 403 1314; x_wconf 84' lang='grc' dir='ltr'><strong>ΧΑΡΜΑ</strong></span> <span class='ocrx_word' id='word_1_89' title='bbox 418 1298 464 1314; x_wconf 72' lang='grc' dir='ltr'>και</span> <span class='ocrx_word' id='word_1_90' title='bbox 476 1289 594 1314; x_wconf 83' lang='grc' dir='ltr'><strong>ΑΛΓΟΣ</strong></span> <span class='ocrx_word' id='word_1_91' title='bbox 606 1287 643 1314; x_wconf 80' lang='grc' dir='ltr'>ἕλε</span> <span class='ocrx_word' id='word_1_92' title='bbox 653 1295 732 1323; x_wconf 48' lang='lat' dir='ltr'>&amp;ptum</span> 
     </span>
    </p>
   </div>
   <div class='ocr_carea' id='block_1_9' title="bbox 55 1349 781 1439">
    <p class='ocr_par' dir='ltr' id='par_1_10' title="bbox 55 1349 781 1439">
     <span class='ocr_line' id='line_1_18' title="bbox 56 1349 781 1383; baseline -0.006 0"><span class='ocrx_word' id='word_1_93' title='bbox 56 1351 210 1383; x_wconf 73' lang='lat' dir='ltr'>consulas</span> <span class='ocrx_word' id='word_1_94' title='bbox 224 1351 268 1381; x_wconf 88' lang='lat' dir='ltr'>ibi</span> <span class='ocrx_word' id='word_1_95' title='bbox 283 1351 478 1380; x_wconf 85' lang='lat' dir='ltr'>scholiasten.</span> <span class='ocrx_word' id='word_1_96' title='bbox 525 1349 673 1380; x_wconf 83' lang='lat' dir='ltr'>Similiter</span> <span class='ocrx_word' id='word_1_97' title='bbox 687 1350 781 1380; x_wconf 81' lang='lat' dir='ltr'>etiam</span> 
     </span>
     <span class='ocr_line' id='line_1_19' title="bbox 55 1400 482 1439; baseline -0.007 -5"><span class='ocrx_word' id='word_1_98' title='bbox 55 1403 182 1439; x_wconf 83' lang='lat' dir='ltr'>Statius,</span> <span class='ocrx_word' id='word_1_99' title='bbox 205 1402 246 1432; x_wconf 87' lang='lat' dir='ltr'>ad</span> <span class='ocrx_word' id='word_1_100' title='bbox 260 1401 359 1431; x_wconf 85' lang='lat' dir='ltr'>Theb.</span> <span class='ocrx_word' id='word_1_101' title='bbox 374 1400 393 1431; x_wconf 85' lang='lat' dir='ltr'>i.</span> <span class='ocrx_word' id='word_1_102' title='bbox 410 1404 482 1433; x_wconf 85' lang='grc'><strong>495.</strong></span> 
     </span>
    </p>
   </div>
   <div class='ocr_carea' id='block_1_10' title="bbox 115 1468 701 1535">
    <p class='ocr_par' dir='ltr' id='par_1_11' title="bbox 115 1468 701 1535">
     <span class='ocr_line' id='line_1_20' title="bbox 433 1468 701 1500; baseline 0 -7"><span class='ocrx_word' id='word_1_103' title='bbox 433 1468 561 1500; x_wconf 70' lang='lat' dir='ltr'>letusque</span> <span class='ocrx_word' id='word_1_104' title='bbox 570 1475 618 1500; x_wconf 85' lang='lat' dir='ltr'>per</span> <span class='ocrx_word' id='word_1_105' title='bbox 628 1472 701 1493; x_wconf 79' lang='lat' dir='ltr'>artus</span> 
     </span>
     <span class='ocr_line' id='line_1_21' title="bbox 115 1510 260 1535; baseline -0.007 0"><span class='ocrx_word' id='word_1_106' title='bbox 115 1512 210 1535; x_wconf 85' lang='lat' dir='ltr'>Horror</span> <span class='ocrx_word' id='word_1_107' title='bbox 219 1510 260 1534; x_wconf 83' lang='lat' dir='ltr'>iit.</span> 
     </span>
    </p>
   </div>
   <div class='ocr_carea' id='block_1_11' title="bbox 55 1572 785 2540">
    <p class='ocr_par' dir='ltr' id='par_1_12' title="bbox 55 1572 782 1914">
     <span class='ocr_line' id='line_1_22' title="bbox 56 1572 781 1606; baseline -0.006 0"><span class='ocrx_word' id='word_1_108' title='bbox 56 1576 223 1606; x_wconf 77' lang='lat' dir='ltr'>Horrorem</span> <span class='ocrx_word' id='word_1_109' title='bbox 240 1573 376 1604; x_wconf 83' lang='lat' dir='ltr'>similem</span> <span class='ocrx_word' id='word_1_110' title='bbox 391 1572 557 1604; x_wconf 84' lang='lat' dir='ltr'>Lucretius</span> <span class='ocrx_word' id='word_1_111' title='bbox 571 1572 678 1603; x_wconf 86' lang='lat' dir='ltr'>innuit</span> <span class='ocrx_word' id='word_1_112' title='bbox 700 1572 740 1603; x_wconf 81' lang='lat' dir='ltr'>ad</span> <span class='ocrx_word' id='word_1_113' title='bbox 762 1573 781 1603; x_wconf 89' lang='lat' dir='ltr'>i.</span> 
     </span>
     <span class='ocr_line' id='line_1_23' title="bbox 56 1620 781 1664; baseline -0.004 -7"><span class='ocrx_word' id='word_1_114' title='bbox 56 1630 104 1657; x_wconf 82' lang='lat'>13.</span> <span class='ocrx_word' id='word_1_115' title='bbox 126 1620 182 1656; x_wconf 87' lang='lat' dir='ltr'>ubi</span> <span class='ocrx_word' id='word_1_116' title='bbox 197 1636 254 1656; x_wconf 88' lang='lat' dir='ltr'>nos</span> <span class='ocrx_word' id='word_1_117' title='bbox 268 1625 411 1656; x_wconf 89' lang='lat' dir='ltr'>ubertim.</span> <span class='ocrx_word' id='word_1_118' title='bbox 437 1625 544 1655; x_wconf 84' lang='lat' dir='ltr'>Adeas</span> <span class='ocrx_word' id='word_1_119' title='bbox 562 1624 690 1664; x_wconf 86' lang='lat' dir='ltr'>insuper</span> <span class='ocrx_word' id='word_1_120' title='bbox 707 1625 781 1655; x_wconf 86' lang='lat' dir='ltr'>AEs-</span> 
     </span>
     <span class='ocr_line' id='line_1_24' title="bbox 55 1676 781 1719; baseline -0.004 -10"><span class='ocrx_word' id='word_1_121' title='bbox 55 1678 134 1719; x_wconf 88' lang='lat' dir='ltr'><strong>chyl.</strong></span> <span class='ocrx_word' id='word_1_122' title='bbox 154 1678 268 1719; x_wconf 84' lang='lat' dir='ltr'><strong>Agam.</strong></span> <span class='ocrx_word' id='word_1_123' title='bbox 284 1680 356 1708; x_wconf 86' lang='lat'><strong>278.</strong></span> <span class='ocrx_word' id='word_1_124' title='bbox 375 1677 449 1707; x_wconf 74' lang='lat' dir='ltr'>stat.</span> <span class='ocrx_word' id='word_1_125' title='bbox 465 1676 532 1707; x_wconf 84' lang='lat' dir='ltr'>silv.</span> <span class='ocrx_word' id='word_1_126' title='bbox 544 1686 571 1706; x_wconf 86' lang='lat' dir='ltr'>v.</span> <span class='ocrx_word' id='word_1_127' title='bbox 582 1680 610 1706; x_wconf 79' lang='lat'>2.</span> <span class='ocrx_word' id='word_1_128' title='bbox 625 1680 670 1707; x_wconf 90' lang='grc'>10.</span> <span class='ocrx_word' id='word_1_129' title='bbox 684 1676 781 1707; x_wconf 88' lang='lat' dir='ltr'>Theb.</span> 
     </span>
     <span class='ocr_line' id='line_1_25' title="bbox 55 1726 782 1762; baseline -0.006 -2"><span class='ocrx_word' id='word_1_130' title='bbox 55 1729 107 1760; x_wconf 86' lang='lat' dir='ltr'>vii.</span> <span class='ocrx_word' id='word_1_131' title='bbox 126 1733 197 1762; x_wconf 88' lang='grc'><strong>495.</strong></span> <span class='ocrx_word' id='word_1_132' title='bbox 222 1728 359 1760; x_wconf 82' lang='lat' dir='ltr'>Martial.</span> <span class='ocrx_word' id='word_1_133' title='bbox 375 1739 403 1758; x_wconf 83' lang='lat' dir='ltr'>x.</span> <span class='ocrx_word' id='word_1_134' title='bbox 424 1731 473 1759; x_wconf 89' lang='lat'>79.</span> <span class='ocrx_word' id='word_1_135' title='bbox 497 1726 604 1757; x_wconf 82' lang='lat' dir='ltr'>Valet.</span> <span class='ocrx_word' id='word_1_136' title='bbox 619 1726 719 1757; x_wconf 88' lang='lat' dir='ltr'><strong>Flacc.</strong></span> <span class='ocrx_word' id='word_1_137' title='bbox 731 1727 782 1756; x_wconf 85' lang='lat' dir='ltr'>vii.</span> 
     </span>
     <span class='ocr_line' id='line_1_26' title="bbox 55 1777 781 1817; baseline -0.006 -5"><span class='ocrx_word' id='word_1_138' title='bbox 55 1784 129 1812; x_wconf 83' lang='lat'><strong>215.</strong></span> <span class='ocrx_word' id='word_1_139' title='bbox 153 1780 253 1811; x_wconf 82' lang='lat' dir='ltr'>Rutil.</span> <span class='ocrx_word' id='word_1_140' title='bbox 275 1779 342 1810; x_wconf 80' lang='lat' dir='ltr'>itin.</span> <span class='ocrx_word' id='word_1_141' title='bbox 369 1779 388 1810; x_wconf 91' lang='lat' dir='ltr'>i.</span> <span class='ocrx_word' id='word_1_142' title='bbox 405 1781 476 1810; x_wconf 89' lang='lat'><strong>578.</strong></span> <span class='ocrx_word' id='word_1_143' title='bbox 501 1777 654 1808; x_wconf 87' lang='lat' dir='ltr'>Prudeut.</span> <span class='ocrx_word' id='word_1_144' title='bbox 677 1779 781 1817; x_wconf 74' lang='lat' dir='ltr'>apoth.</span> 
     </span>
     <span class='ocr_line' id='line_1_27' title="bbox 56 1829 780 1872; baseline -0.007 -8"><span class='ocrx_word' id='word_1_145' title='bbox 56 1837 131 1864; x_wconf 88' lang='grc'><strong>600.</strong></span> <span class='ocrx_word' id='word_1_146' title='bbox 154 1838 186 1862; x_wconf 88' lang='lat' dir='ltr'>et</span> <span class='ocrx_word' id='word_1_147' title='bbox 210 1842 280 1872; x_wconf 87' lang='lat' dir='ltr'>quae</span> <span class='ocrx_word' id='word_1_148' title='bbox 302 1842 360 1861; x_wconf 88' lang='lat' dir='ltr'>nos</span> <span class='ocrx_word' id='word_1_149' title='bbox 382 1830 594 1871; x_wconf 84' lang='lat' dir='ltr'>congessimus</span> <span class='ocrx_word' id='word_1_150' title='bbox 616 1829 656 1860; x_wconf 87' lang='lat' dir='ltr'>ad</span> <span class='ocrx_word' id='word_1_151' title='bbox 671 1830 780 1869; x_wconf 86' lang='lat' dir='ltr'>Eurip.</span> 
     </span>
     <span class='ocr_line' id='line_1_28' title="bbox 57 1883 318 1914; baseline -0.008 0"><span class='ocrx_word' id='word_1_152' title='bbox 57 1883 154 1914; x_wconf 87' lang='lat' dir='ltr'>Herc.</span> <span class='ocrx_word' id='word_1_153' title='bbox 169 1883 230 1913; x_wconf 84' lang='lat' dir='ltr'>fur.</span> <span class='ocrx_word' id='word_1_154' title='bbox 246 1886 318 1913; x_wconf 83' lang='lat'><strong>744.</strong></span> 
     </span>
    </p>

    <p class='ocr_par' dir='ltr' id='par_1_13' title="bbox 55 1931 783 2277">
     <span class='ocr_line' id='line_1_29' title="bbox 99 1931 780 1974; baseline -0.007 -8"><span class='ocrx_word' id='word_1_155' title='bbox 99 1935 176 1966; x_wconf 84' lang='lat' dir='ltr'>ver.</span> <span class='ocrx_word' id='word_1_156' title='bbox 199 1938 251 1966; x_wconf 80' lang='lat'>29.</span> <span class='ocrx_word' id='word_1_157' title='bbox 273 1939 381 1974; x_wconf 79' lang='lat' dir='ltr'>atque:</span> <span class='ocrx_word' id='word_1_158' title='bbox 408 1931 448 1962; x_wconf 92' lang='lat' dir='ltr'><strong>V.</strong></span> <span class='ocrx_word' id='word_1_159' title='bbox 471 1932 520 1962; x_wconf 91' lang='lat' dir='ltr'>ed.</span> <span class='ocrx_word' id='word_1_160' title='bbox 550 1933 698 1962; x_wconf 79' lang='lat' dir='ltr'>at.—sic.-</span> <span class='ocrx_word' id='word_1_161' title='bbox 735 1937 780 1962; x_wconf 83' lang='grc' dir='ltr'>Ω.</span> 
     </span>
     <span class='ocr_line' id='line_1_30' title="bbox 55 1981 781 2025; baseline -0.008 -7"><span class='ocrx_word' id='word_1_162' title='bbox 55 1992 92 2019; x_wconf 86' lang='lat' dir='ltr'>ut</span> <span class='ocrx_word' id='word_1_163' title='bbox 107 1992 142 2018; x_wconf 93' lang='grc' dir='ltr'>Δ.</span> <span class='ocrx_word' id='word_1_164' title='bbox 165 1986 199 2016; x_wconf 88' lang='lat' dir='ltr'>in</span> <span class='ocrx_word' id='word_1_165' title='bbox 213 1985 366 2025; x_wconf 78' lang='lat' dir='ltr'>margine,</span> <span class='ocrx_word' id='word_1_166' title='bbox 382 1986 508 2015; x_wconf 83' lang='lat' dir='ltr'>si.—sic</span> <span class='ocrx_word' id='word_1_167' title='bbox 525 1990 657 2014; x_wconf 79' lang='lat' dir='ltr'>natura:</span> <span class='ocrx_word' id='word_1_168' title='bbox 685 1981 781 2012; x_wconf 86' lang='lat' dir='ltr'>Vind.</span> 
     </span>
     <span class='ocr_line' id='line_1_31' title="bbox 56 2036 781 2078; baseline -0.007 -8"><span class='ocrx_word' id='word_1_169' title='bbox 56 2040 95 2070; x_wconf 86' lang='lat' dir='ltr'>B.</span> <span class='ocrx_word' id='word_1_170' title='bbox 109 2039 146 2070; x_wconf 86' lang='lat' dir='ltr'>L.</span> <span class='ocrx_word' id='word_1_171' title='bbox 163 2039 213 2070; x_wconf 88' lang='lat' dir='ltr'><strong>M.</strong></span> <span class='ocrx_word' id='word_1_172' title='bbox 231 2039 270 2074; x_wconf 67' lang='lat' dir='ltr'>Q„</span> <span class='ocrx_word' id='word_1_173' title='bbox 293 2040 473 2078; x_wconf 62' lang='lat' dir='ltr'>signaturm</span> <span class='ocrx_word' id='word_1_174' title='bbox 500 2037 542 2067; x_wconf 87' lang='lat' dir='ltr'>V.</span> <span class='ocrx_word' id='word_1_175' title='bbox 560 2036 607 2066; x_wconf 77' lang='lat' dir='ltr'>ed.</span> <span class='ocrx_word' id='word_1_176' title='bbox 636 2041 671 2066; x_wconf 94' lang='grc' dir='ltr'>Δ.</span> <span class='ocrx_word' id='word_1_177' title='bbox 689 2041 730 2066; x_wconf 91' lang='grc' dir='ltr'>Π.</span> <span class='ocrx_word' id='word_1_178' title='bbox 746 2039 781 2066; x_wconf 81' lang='grc' dir='ltr'>Σ.</span> 
     </span>
     <span class='ocr_line' id='line_1_32' title="bbox 55 2085 783 2130; baseline -0.008 -9"><span class='ocrx_word' id='word_1_179' title='bbox 55 2092 240 2130; x_wconf 81' lang='lat' dir='ltr'>-signatur</span> <span class='ocrx_word' id='word_1_180' title='bbox 265 2100 295 2120; x_wconf 86' lang='grc' dir='ltr'>α.</span> <span class='ocrx_word' id='word_1_181' title='bbox 340 2088 406 2118; x_wconf 91' lang='lat' dir='ltr'>Hic</span> <span class='ocrx_word' id='word_1_182' title='bbox 431 2093 538 2118; x_wconf 87' lang='lat' dir='ltr'>autem</span> <span class='ocrx_word' id='word_1_183' title='bbox 564 2095 650 2117; x_wconf 89' lang='lat' dir='ltr'>error</span> <span class='ocrx_word' id='word_1_184' title='bbox 673 2085 783 2125; x_wconf 91' lang='lat' dir='ltr'>procul</span> 
     </span>
     <span class='ocr_line' id='line_1_33' title="bbox 56 2136 782 2181; baseline -0.008 -9"><span class='ocrx_word' id='word_1_185' title='bbox 56 2141 152 2173; x_wconf 89' lang='lat' dir='ltr'>dubio</span> <span class='ocrx_word' id='word_1_186' title='bbox 162 2141 318 2181; x_wconf 85' lang='lat' dir='ltr'>originem</span> <span class='ocrx_word' id='word_1_187' title='bbox 336 2141 430 2170; x_wconf 85' lang='lat' dir='ltr'>habet</span> <span class='ocrx_word' id='word_1_188' title='bbox 443 2139 478 2169; x_wconf 87' lang='lat' dir='ltr'>in</span> <span class='ocrx_word' id='word_1_189' title='bbox 493 2138 639 2169; x_wconf 77' lang='lat' dir='ltr'>crassiore</span> <span class='ocrx_word' id='word_1_190' title='bbox 653 2136 751 2167; x_wconf 85' lang='lat' dir='ltr'>literoe</span> <span class='ocrx_word' id='word_1_191' title='bbox 766 2147 782 2167; x_wconf 89' lang='lat' dir='ltr'>c</span> 
     </span>
     <span class='ocr_line' id='line_1_34' title="bbox 55 2187 780 2232; baseline -0.008 -9"><span class='ocrx_word' id='word_1_192' title='bbox 55 2191 332 2232; x_wconf 82' lang='lat' dir='ltr'>pronunciatione3</span> <span class='ocrx_word' id='word_1_193' title='bbox 353 2189 438 2220; x_wconf 89' lang='lat' dir='ltr'>unde</span> <span class='ocrx_word' id='word_1_194' title='bbox 463 2191 480 2220; x_wconf 80' lang='lat' dir='ltr'><strong><em>b</em></strong></span> <span class='ocrx_word' id='word_1_195' title='bbox 505 2195 536 2220; x_wconf 88' lang='lat' dir='ltr'>et</span> <span class='ocrx_word' id='word_1_196' title='bbox 564 2200 581 2220; x_wconf 92' lang='grc' dir='ltr'><strong><em>υ</em></strong></span> <span class='ocrx_word' id='word_1_197' title='bbox 609 2187 780 2228; x_wconf 87' lang='lat' dir='ltr'>saepissime</span> 
     </span>
     <span class='ocr_line' id='line_1_35' title="bbox 55 2243 330 2277; baseline -0.015 0"><span class='ocrx_word' id='word_1_198' title='bbox 55 2243 207 2277; x_wconf 85' lang='lat' dir='ltr'>confundi</span> <span class='ocrx_word' id='word_1_199' title='bbox 221 2244 330 2274; x_wconf 85' lang='lat' dir='ltr'>solent.</span> 
     </span>
    </p>

    <p class='ocr_par' dir='ltr' id='par_1_14' title="bbox 58 2293 785 2540">
     <span class='ocr_line' id='line_1_36' title="bbox 100 2293 780 2334; baseline -0.007 -8"><span class='ocrx_word' id='word_1_200' title='bbox 100 2295 182 2326; x_wconf 89' lang='lat' dir='ltr'>Ibid.</span> <span class='ocrx_word' id='word_1_201' title='bbox 206 2296 345 2334; x_wconf 79' lang='lat' dir='ltr'>Percipit</span> <span class='ocrx_word' id='word_1_202' title='bbox 368 2295 491 2324; x_wconf 78' lang='lat' dir='ltr'>horror:</span> <span class='ocrx_word' id='word_1_203' title='bbox 517 2293 539 2323; x_wconf 84' lang='lat' dir='ltr'>i.</span> <span class='ocrx_word' id='word_1_204' title='bbox 564 2303 589 2323; x_wconf 82' lang='lat' dir='ltr'>e.</span> <span class='ocrx_word' id='word_1_205' title='bbox 612 2297 780 2332; x_wconf 84' lang='lat' dir='ltr'>pertentat,</span> 
     </span>
     <span class='ocr_line' id='line_1_37' title="bbox 58 2343 785 2388; baseline -0.007 -10"><span class='ocrx_word' id='word_1_206' title='bbox 58 2346 209 2388; x_wconf 85' lang='lat' dir='ltr'>percellit:</span> <span class='ocrx_word' id='word_1_207' title='bbox 233 2346 304 2377; x_wconf 79' lang='lat' dir='ltr'>vide</span> <span class='ocrx_word' id='word_1_208' title='bbox 329 2345 369 2376; x_wconf 86' lang='lat' dir='ltr'>ad</span> <span class='ocrx_word' id='word_1_209' title='bbox 391 2346 412 2376; x_wconf 89' lang='lat' dir='ltr'>i.</span> <span class='ocrx_word' id='word_1_210' title='bbox 439 2348 488 2376; x_wconf 81' lang='lat'>13.</span> <span class='ocrx_word' id='word_1_211' title='bbox 522 2344 618 2375; x_wconf 88' lang='lat' dir='ltr'>Hanc</span> <span class='ocrx_word' id='word_1_212' title='bbox 640 2343 785 2375; x_wconf 88' lang='lat' dir='ltr'>dictionis</span> 
     </span>
     <span class='ocr_line' id='line_1_38' title="bbox 61 2395 784 2439; baseline -0.007 -10"><span class='ocrx_word' id='word_1_213' title='bbox 61 2400 245 2439; x_wconf 76' lang='lat' dir='ltr'>potestatem</span> <span class='ocrx_word' id='word_1_214' title='bbox 269 2404 376 2428; x_wconf 88' lang='lat' dir='ltr'>noster</span> <span class='ocrx_word' id='word_1_215' title='bbox 390 2396 529 2427; x_wconf 85' lang='lat' dir='ltr'>adamat:</span> <span class='ocrx_word' id='word_1_216' title='bbox 556 2395 601 2425; x_wconf 86' lang='lat' dir='ltr'>ita</span> <span class='ocrx_word' id='word_1_217' title='bbox 616 2404 701 2433; x_wconf 85' lang='lat' dir='ltr'>mox,</span> <span class='ocrx_word' id='word_1_218' title='bbox 723 2404 784 2425; x_wconf 89' lang='lat' dir='ltr'>ver.</span> 
     </span>
     <span class='ocr_line' id='line_1_39' title="bbox 59 2446 784 2485; baseline -0.007 -4"><span class='ocrx_word' id='word_1_219' title='bbox 59 2453 111 2481; x_wconf 89' lang='lat'>80.</span> <span class='ocrx_word' id='word_1_220' title='bbox 140 2450 178 2480; x_wconf 83' lang='lat' dir='ltr'>iv.</span> <span class='ocrx_word' id='word_1_221' title='bbox 209 2452 279 2480; x_wconf 81' lang='grc'><strong>755.</strong></span> <span class='ocrx_word' id='word_1_222' title='bbox 309 2459 336 2479; x_wconf 90' lang='lat' dir='ltr'>v.</span> <span class='ocrx_word' id='word_1_223' title='bbox 364 2451 438 2479; x_wconf 80' lang='lat'><strong>604.</strong></span> <span class='ocrx_word' id='word_1_224' title='bbox 474 2447 516 2478; x_wconf 85' lang='lat' dir='ltr'>vi.</span> <span class='ocrx_word' id='word_1_225' title='bbox 540 2449 613 2477; x_wconf 89' lang='lat'><strong>804.</strong></span> <span class='ocrx_word' id='word_1_226' title='bbox 637 2446 784 2485; x_wconf 83' lang='lat' dir='ltr'>Plautus,</span> 
     </span>
     <span class='ocr_line' id='line_1_40' title="bbox 61 2501 334 2540; baseline -0.007 -8"><span class='ocrx_word' id='word_1_227' title='bbox 61 2501 178 2540; x_wconf 84' lang='lat' dir='ltr'><strong>Amph.</strong></span> <span class='ocrx_word' id='word_1_228' title='bbox 194 2502 223 2531; x_wconf 91' lang='lat'>5.</span> <span class='ocrx_word' id='word_1_229' title='bbox 242 2502 268 2530; x_wconf 93' lang='lat' dir='ltr'>l.</span> <span class='ocrx_word' id='word_1_230' title='bbox 284 2502 334 2531; x_wconf 88' lang='lat'>65.</span> 
     </span>
    </p>
   </div>
   <div class='ocr_carea' id='block_1_12' title="bbox 88 2563 783 2630">
    <p class='ocr_par' dir='ltr' id='par_1_15' title="bbox 88 2563 783 2630">
     <span class='ocr_line' id='line_1_41' title="bbox 88 2563 783 2597; baseline -0.007 -4"><span class='ocrx_word' id='word_1_231' title='bbox 88 2569 158 2593; x_wconf 83' lang='lat' dir='ltr'>Nam</span> <span class='ocrx_word' id='word_1_232' title='bbox 168 2567 236 2592; x_wconf 85' lang='lat' dir='ltr'>mihi</span> <span class='ocrx_word' id='word_1_233' title='bbox 245 2567 333 2591; x_wconf 76' lang='lat' dir='ltr'>horror</span> <span class='ocrx_word' id='word_1_234' title='bbox 347 2567 469 2591; x_wconf 84' lang='lat' dir='ltr'>membra</span> <span class='ocrx_word' id='word_1_235' title='bbox 484 2565 581 2591; x_wconf 82' lang='lat' dir='ltr'>misero</span> <span class='ocrx_word' id='word_1_236' title='bbox 590 2563 695 2597; x_wconf 80' lang='lat' dir='ltr'>percipit</span> <span class='ocrx_word' id='word_1_237' title='bbox 706 2563 783 2589; x_wconf 82' lang='lat' dir='ltr'>dictis</span> 
     </span>
     <span class='ocr_line' id='line_1_42' title="bbox 184 2606 252 2630; baseline 0 0"><span class='ocrx_word' id='word_1_238' title='bbox 184 2606 252 2630; x_wconf 83' lang='lat' dir='ltr'>tuis:</span> 
     </span>
    </p>
   </div>
   <div class='ocr_carea' id='block_1_13' title="bbox 60 2663 786 2874">
    <p class='ocr_par' dir='ltr' id='par_1_16' title="bbox 60 2663 784 2708">
     <span class='ocr_line' id='line_1_43' title="bbox 60 2663 784 2708; baseline -0.004 -11"><span class='ocrx_word' id='word_1_239' title='bbox 60 2676 155 2708; x_wconf 83' lang='lat' dir='ltr'>quem</span> <span class='ocrx_word' id='word_1_240' title='bbox 178 2665 284 2696; x_wconf 90' lang='lat' dir='ltr'>locum</span> <span class='ocrx_word' id='word_1_241' title='bbox 308 2664 487 2696; x_wconf 81' lang='lat' dir='ltr'>Lambinus</span> <span class='ocrx_word' id='word_1_242' title='bbox 507 2664 676 2704; x_wconf 81' lang='lat' dir='ltr'>occupavit.</span> <span class='ocrx_word' id='word_1_243' title='bbox 721 2663 784 2694; x_wconf 89' lang='lat' dir='ltr'>Pa-</span> 
     </span>
    </p>

    <p class='ocr_par' dir='ltr' id='par_1_17' title="bbox 61 2716 783 2816">
     <span class='ocr_line' id='line_1_44' title="bbox 61 2716 783 2758; baseline -0.004 -9"><span class='ocrx_word' id='word_1_244' title='bbox 61 2719 170 2750; x_wconf 87' lang='lat' dir='ltr'>cuvius</span> <span class='ocrx_word' id='word_1_245' title='bbox 183 2718 217 2748; x_wconf 90' lang='lat' dir='ltr'>in</span> <span class='ocrx_word' id='word_1_246' title='bbox 234 2717 362 2756; x_wconf 64' lang='lat' dir='ltr'>Medeai,</span> <span class='ocrx_word' id='word_1_247' title='bbox 375 2716 459 2758; x_wconf 86' lang='lat' dir='ltr'>apud</span> <span class='ocrx_word' id='word_1_248' title='bbox 474 2717 616 2747; x_wconf 85' lang='lat' dir='ltr'>Macrob.</span> <span class='ocrx_word' id='word_1_249' title='bbox 631 2716 693 2747; x_wconf 86' lang='lat' dir='ltr'><strong>Sat.</strong></span> <span class='ocrx_word' id='word_1_250' title='bbox 705 2716 745 2747; x_wconf 89' lang='lat' dir='ltr'>vi.</span> <span class='ocrx_word' id='word_1_251' title='bbox 757 2719 783 2746; x_wconf 93' lang='grc'>1.</span> 
     </span>
     <span class='ocr_line' id='line_1_45' title="bbox 122 2781 722 2816; baseline -0.005 -6"><span class='ocrx_word' id='word_1_252' title='bbox 122 2784 242 2810; x_wconf 71' lang='lat' dir='ltr'>Divomei</span> <span class='ocrx_word' id='word_1_253' title='bbox 251 2783 497 2816; x_wconf 81' lang='lat' dir='ltr'>circumspicimus:</span> <span class='ocrx_word' id='word_1_254' title='bbox 514 2783 601 2808; x_wconf 80' lang='lat' dir='ltr'>horror</span> <span class='ocrx_word' id='word_1_255' title='bbox 608 2781 722 2815; x_wconf 78' lang='lat' dir='ltr'>percipit.</span> 
     </span>
    </p>

    <p class='ocr_par' dir='ltr' id='par_1_18' title="bbox 105 2840 786 2874">
     <span class='ocr_line' id='line_1_46' title="bbox 105 2840 786 2874; baseline 0 -3"><span class='ocrx_word' id='word_1_256' title='bbox 105 2840 177 2874; x_wconf 89' lang='lat' dir='ltr'>Ver.</span> <span class='ocrx_word' id='word_1_257' title='bbox 193 2845 243 2874; x_wconf 85' lang='lat'>30.</span> <span class='ocrx_word' id='word_1_258' title='bbox 257 2848 368 2874; x_wconf 80' lang='lat' dir='ltr'>retecta</span> <span class='ocrx_word' id='word_1_259' title='bbox 377 2856 386 2873; x_wconf 88' lang='lat'>.-</span> <span class='ocrx_word' id='word_1_260' title='bbox 412 2842 454 2872; x_wconf 90' lang='lat' dir='ltr'>V.</span> <span class='ocrx_word' id='word_1_261' title='bbox 469 2840 517 2872; x_wconf 90' lang='lat' dir='ltr'>ed.</span> <span class='ocrx_word' id='word_1_262' title='bbox 532 2841 572 2872; x_wconf 90' lang='lat' dir='ltr'>L.</span> <span class='ocrx_word' id='word_1_263' title='bbox 586 2841 634 2872; x_wconf 94' lang='lat' dir='ltr'>M.</span> <span class='ocrx_word' id='word_1_264' title='bbox 649 2846 786 2872; x_wconf 80' lang='lat' dir='ltr'>recta.—</span> 
     </span>
    </p>
   </div>
   <div class='ocr_carea' id='block_1_14' title="bbox 59 2891 788 2986">
    <p class='ocr_par' dir='ltr' id='par_1_19' title="bbox 59 2891 788 2986">
     <span class='ocr_line' id='line_1_47' title="bbox 59 2891 786 2934; baseline 0.001 -13"><span class='ocrx_word' id='word_1_265' title='bbox 59 2896 122 2922; x_wconf 77' lang='lat' dir='ltr'>ese:</span> <span class='ocrx_word' id='word_1_266' title='bbox 147 2891 184 2923; x_wconf 90' lang='lat' dir='ltr'>P.</span> <span class='ocrx_word' id='word_1_267' title='bbox 199 2904 238 2925; x_wconf 83' lang='lat' dir='ltr'>es.</span> <span class='ocrx_word' id='word_1_268' title='bbox 272 2893 400 2934; x_wconf 88' lang='lat' dir='ltr'>Reliqui</span> <span class='ocrx_word' id='word_1_269' title='bbox 413 2902 524 2923; x_wconf 88' lang='lat' dir='ltr'>omnes</span> <span class='ocrx_word' id='word_1_270' title='bbox 537 2891 621 2930; x_wconf 84' lang='lat' dir='ltr'>libri,</span> <span class='ocrx_word' id='word_1_271' title='bbox 635 2891 786 2933; x_wconf 81' lang='lat' dir='ltr'>quemad-</span> 
     </span>
     <span class='ocr_line' id='line_1_48' title="bbox 65 2941 788 2986; baseline 0.001 -13"><span class='ocrx_word' id='word_1_272' title='bbox 65 2941 196 2975; x_wconf 86' lang='lat' dir='ltr'>modum</span> <span class='ocrx_word' id='word_1_273' title='bbox 223 2954 280 2976; x_wconf 87' lang='lat' dir='ltr'>nos</span> <span class='ocrx_word' id='word_1_274' title='bbox 308 2944 476 2986; x_wconf 80' lang='lat' dir='ltr'>edidimus,</span> <span class='ocrx_word' id='word_1_275' title='bbox 505 2945 663 2978; x_wconf 76' lang='lat' dir='ltr'>exhibent:</span> <span class='ocrx_word' id='word_1_276' title='bbox 689 2942 788 2976; x_wconf 88' lang='lat' dir='ltr'>critici</span> 
     </span>
    </p>
   </div>
   <div class='ocr_carea' id='block_1_15' title="bbox 821 862 1549 1124">
    <p class='ocr_par' dir='ltr' id='par_1_20' title="bbox 821 862 1549 1062">
     <span class='ocr_line' id='line_1_49' title="bbox 821 862 1547 905; baseline -0.006 -7"><span class='ocrx_word' id='word_1_277' title='bbox 821 873 927 898; x_wconf 75' lang='lat' dir='ltr'>tamen</span> <span class='ocrx_word' id='word_1_278' title='bbox 943 877 980 898; x_wconf 92' lang='lat' dir='ltr'>eo</span> <span class='ocrx_word' id='word_1_279' title='bbox 994 865 1132 898; x_wconf 84' lang='lat' dir='ltr'>audaciae</span> <span class='ocrx_word' id='word_1_280' title='bbox 1147 869 1372 905; x_wconf 84' lang='lat' dir='ltr'>processerunt,</span> <span class='ocrx_word' id='word_1_281' title='bbox 1397 868 1433 894; x_wconf 87' lang='lat' dir='ltr'>ut</span> <span class='ocrx_word' id='word_1_282' title='bbox 1447 862 1547 895; x_wconf 84' lang='lat' dir='ltr'>bellu-</span> 
     </span>
     <span class='ocr_line' id='line_1_50' title="bbox 822 914 1549 957; baseline -0.006 -8"><span class='ocrx_word' id='word_1_283' title='bbox 822 918 891 949; x_wconf 90' lang='lat' dir='ltr'>lum</span> <span class='ocrx_word' id='word_1_284' title='bbox 912 920 997 949; x_wconf 91' lang='lat' dir='ltr'>hunc</span> <span class='ocrx_word' id='word_1_285' title='bbox 1026 917 1224 953; x_wconf 77' lang='lat' dir='ltr'>versiculum,</span> <span class='ocrx_word' id='word_1_286' title='bbox 1255 916 1309 957; x_wconf 91' lang='lat' dir='ltr'>qui</span> <span class='ocrx_word' id='word_1_287' title='bbox 1331 925 1385 955; x_wconf 90' lang='lat' dir='ltr'>per</span> <span class='ocrx_word' id='word_1_288' title='bbox 1406 914 1549 956; x_wconf 78' lang='lat' dir='ltr'>vulgaria</span> 
     </span>
     <span class='ocr_line' id='line_1_51' title="bbox 822 967 1548 1010; baseline -0.006 -9"><span class='ocrx_word' id='word_1_289' title='bbox 822 970 1011 1010; x_wconf 80' lang='lat' dir='ltr'>exemplaria</span> <span class='ocrx_word' id='word_1_290' title='bbox 1025 975 1180 1010; x_wconf 70' lang='lat' dir='ltr'>grassatus</span> <span class='ocrx_word' id='word_1_291' title='bbox 1196 975 1252 1006; x_wconf 70' lang='lat' dir='ltr'>est,</span> <span class='ocrx_word' id='word_1_292' title='bbox 1280 978 1319 998; x_wconf 81' lang='lat' dir='ltr'>ex</span> <span class='ocrx_word' id='word_1_293' title='bbox 1336 967 1460 998; x_wconf 65' lang='lat' dir='ltr'>officina</span> <span class='ocrx_word' id='word_1_294' title='bbox 1475 976 1548 1008; x_wconf 84' lang='lat' dir='ltr'>pro-</span> 
     </span>
     <span class='ocr_line' id='line_1_52' title="bbox 821 1020 1324 1062; baseline -0.006 -10"><span class='ocrx_word' id='word_1_295' title='bbox 821 1022 945 1062; x_wconf 66' lang='lat' dir='ltr'>propria</span> <span class='ocrx_word' id='word_1_296' title='bbox 958 1022 1048 1052; x_wconf 93' lang='lat' dir='ltr'>nobis</span> <span class='ocrx_word' id='word_1_297' title='bbox 1062 1020 1324 1061; x_wconf 84' lang='lat' dir='ltr'>deprompserint:</span> 
     </span>
    </p>

    <p class='ocr_par' dir='ltr' id='par_1_21' title="bbox 852 1091 1503 1124">
     <span class='ocr_line' id='line_1_53' title="bbox 852 1091 1503 1124; baseline -0.002 -7"><span class='ocrx_word' id='word_1_298' title='bbox 852 1094 925 1117; x_wconf 81' lang='lat' dir='ltr'>Tam</span> <span class='ocrx_word' id='word_1_299' title='bbox 936 1091 1079 1117; x_wconf 80' lang='lat' dir='ltr'>manifesta</span> <span class='ocrx_word' id='word_1_300' title='bbox 1087 1095 1160 1124; x_wconf 76' lang='lat' dir='ltr'>patet</span> <span class='ocrx_word' id='word_1_301' title='bbox 1169 1099 1206 1117; x_wconf 85' lang='lat' dir='ltr'>ex</span> <span class='ocrx_word' id='word_1_302' title='bbox 1217 1091 1292 1116; x_wconf 89' lang='lat' dir='ltr'>omni</span> <span class='ocrx_word' id='word_1_303' title='bbox 1302 1094 1379 1123; x_wconf 86' lang='lat' dir='ltr'>parte</span> <span class='ocrx_word' id='word_1_304' title='bbox 1388 1093 1503 1116; x_wconf 82' lang='lat' dir='ltr'>retecta.</span> 
     </span>
    </p>
   </div>
   <div class='ocr_carea' id='block_1_16' title="bbox 823 1147 1554 2524">
    <p class='ocr_par' dir='ltr' id='par_1_22' title="bbox 823 1147 1553 1291">
     <span class='ocr_line' id='line_1_54' title="bbox 825 1147 1549 1191; baseline -0.003 -11"><span class='ocrx_word' id='word_1_305' title='bbox 825 1150 999 1191; x_wconf 85' lang='lat' dir='ltr'>Quousque</span> <span class='ocrx_word' id='word_1_306' title='bbox 1014 1149 1142 1180; x_wconf 83' lang='lat' dir='ltr'>tandem</span> <span class='ocrx_word' id='word_1_307' title='bbox 1156 1156 1222 1182; x_wconf 84' lang='lat' dir='ltr'>erat</span> <span class='ocrx_word' id='word_1_308' title='bbox 1236 1159 1348 1188; x_wconf 88' lang='lat' dir='ltr'>corpus</span> <span class='ocrx_word' id='word_1_309' title='bbox 1369 1147 1549 1179; x_wconf 86' lang='lat' dir='ltr'>honestissi-</span> 
     </span>
     <span class='ocr_line' id='line_1_55' title="bbox 823 1198 1553 1239; baseline -0.001 -8"><span class='ocrx_word' id='word_1_310' title='bbox 823 1211 915 1231; x_wconf 88' lang='lat' dir='ltr'>mum</span> <span class='ocrx_word' id='word_1_311' title='bbox 929 1200 1067 1231; x_wconf 87' lang='lat' dir='ltr'>Lucretii</span> <span class='ocrx_word' id='word_1_312' title='bbox 1081 1201 1139 1230; x_wconf 86' lang='lat' dir='ltr'>hac</span> <span class='ocrx_word' id='word_1_313' title='bbox 1154 1199 1299 1239; x_wconf 82' lang='lat' dir='ltr'>spurcitie</span> <span class='ocrx_word' id='word_1_314' title='bbox 1313 1198 1553 1230; x_wconf 85' lang='lat' dir='ltr'>emendatorum</span> 
     </span>
     <span class='ocr_line' id='line_1_56' title="bbox 824 1249 1472 1291; baseline 0 -11"><span class='ocrx_word' id='word_1_315' title='bbox 824 1252 904 1281; x_wconf 89' lang='lat' dir='ltr'>nihil</span> <span class='ocrx_word' id='word_1_316' title='bbox 918 1252 1168 1282; x_wconf 85' lang='lat' dir='ltr'>erubescentium</span> <span class='ocrx_word' id='word_1_317' title='bbox 1182 1249 1472 1291; x_wconf 82' lang='lat' dir='ltr'>coinquinandum?</span> 
     </span>
    </p>

    <p class='ocr_par' dir='ltr' id='par_1_23' title="bbox 824 1299 1554 1604">
     <span class='ocr_line' id='line_1_57' title="bbox 867 1299 1553 1344; baseline -0.004 -11"><span class='ocrx_word' id='word_1_318' title='bbox 867 1302 949 1334; x_wconf 72' lang='lat' dir='ltr'>Ibid.</span> <span class='ocrx_word' id='word_1_319' title='bbox 972 1302 1133 1344; x_wconf 69' lang='lat' dir='ltr'>ntarzffesta</span> <span class='ocrx_word' id='word_1_320' title='bbox 1144 1309 1265 1343; x_wconf 82' lang='lat' dir='ltr'>patens.</span> <span class='ocrx_word' id='word_1_321' title='bbox 1310 1301 1483 1338; x_wconf 79' lang='lat' dir='ltr'>AruobiuS,</span> <span class='ocrx_word' id='word_1_322' title='bbox 1499 1299 1553 1331; x_wconf 85' lang='lat' dir='ltr'>lib.</span> 
     </span>
     <span class='ocr_line' id='line_1_58' title="bbox 824 1353 1554 1394; baseline -0.001 -10"><span class='ocrx_word' id='word_1_323' title='bbox 824 1353 868 1385; x_wconf 88' lang='lat' dir='ltr'>iii.</span> <span class='ocrx_word' id='word_1_324' title='bbox 883 1365 912 1393; x_wconf 94' lang='lat' dir='ltr'>p.</span> <span class='ocrx_word' id='word_1_325' title='bbox 930 1358 1068 1385; x_wconf 80' lang='lat'><strong>124.—“</strong></span> <span class='ocrx_word' id='word_1_326' title='bbox 1084 1360 1129 1385; x_wconf 88' lang='lat' dir='ltr'>est</span> <span class='ocrx_word' id='word_1_327' title='bbox 1144 1363 1311 1394; x_wconf 88' lang='lat' dir='ltr'>operosum</span> <span class='ocrx_word' id='word_1_328' title='bbox 1325 1353 1421 1384; x_wconf 85' lang='lat' dir='ltr'>nimis</span> <span class='ocrx_word' id='word_1_329' title='bbox 1430 1361 1554 1383; x_wconf 84' lang='lat' dir='ltr'>coacer-</span> 
     </span>
     <span class='ocr_line' id='line_1_59' title="bbox 826 1406 1553 1442; baseline -0.003 -6"><span class='ocrx_word' id='word_1_330' title='bbox 826 1409 847 1423; x_wconf 90' lang='lat'><strong>“</strong></span> <span class='ocrx_word' id='word_1_331' title='bbox 863 1416 935 1436; x_wconf 71' lang='lat' dir='ltr'>vare</span> <span class='ocrx_word' id='word_1_332' title='bbox 949 1406 983 1436; x_wconf 90' lang='lat' dir='ltr'>in</span> <span class='ocrx_word' id='word_1_333' title='bbox 998 1416 1101 1436; x_wconf 88' lang='lat' dir='ltr'>unum</span> <span class='ocrx_word' id='word_1_334' title='bbox 1114 1406 1226 1442; x_wconf 84' lang='lat' dir='ltr'>multa,</span> <span class='ocrx_word' id='word_1_335' title='bbox 1242 1415 1316 1436; x_wconf 87' lang='lat' dir='ltr'>cum</span> <span class='ocrx_word' id='word_1_336' title='bbox 1330 1415 1369 1436; x_wconf 81' lang='lat' dir='ltr'>ex</span> <span class='ocrx_word' id='word_1_337' title='bbox 1385 1414 1451 1435; x_wconf 89' lang='lat' dir='ltr'>uno</span> <span class='ocrx_word' id='word_1_338' title='bbox 1466 1410 1499 1435; x_wconf 84' lang='lat' dir='ltr'>et</span> <span class='ocrx_word' id='word_1_339' title='bbox 1512 1412 1553 1434; x_wconf 78' lang='lat' dir='ltr'>ex</span> 
     </span>
     <span class='ocr_line' id='line_1_60' title="bbox 826 1455 1553 1499; baseline -0.004 -11"><span class='ocrx_word' id='word_1_340' title='bbox 826 1461 847 1475; x_wconf 90' lang='lat'><strong>“</strong></span> <span class='ocrx_word' id='word_1_341' title='bbox 864 1457 961 1488; x_wconf 73' lang='lat' dir='ltr'>altero</span> <span class='ocrx_word' id='word_1_342' title='bbox 974 1457 1170 1499; x_wconf 65' lang='lat' dir='ltr'>mang&#39;festum</span> <span class='ocrx_word' id='word_1_343' title='bbox 1188 1457 1242 1488; x_wconf 87' lang='lat' dir='ltr'>fiat</span> <span class='ocrx_word' id='word_1_344' title='bbox 1264 1463 1296 1491; x_wconf 86' lang='lat' dir='ltr'>et</span> <span class='ocrx_word' id='word_1_345' title='bbox 1312 1462 1434 1497; x_wconf 74' lang='lat' dir='ltr'>pateat,</span> <span class='ocrx_word' id='word_1_346' title='bbox 1459 1455 1553 1486; x_wconf 86' lang='lat' dir='ltr'>haesi-</span> 
     </span>
     <span class='ocr_line' id='line_1_61' title="bbox 827 1509 1554 1552; baseline -0.003 -10"><span class='ocrx_word' id='word_1_347' title='bbox 827 1515 849 1530; x_wconf 89' lang='lat'><strong>“</strong></span> <span class='ocrx_word' id='word_1_348' title='bbox 866 1518 941 1548; x_wconf 83' lang='lat' dir='ltr'>tare,</span> <span class='ocrx_word' id='word_1_349' title='bbox 956 1511 1072 1548; x_wconf 85' lang='lat' dir='ltr'>labare,</span> <span class='ocrx_word' id='word_1_350' title='bbox 1094 1522 1152 1542; x_wconf 89' lang='lat' dir='ltr'>nec</span> <span class='ocrx_word' id='word_1_351' title='bbox 1167 1512 1340 1552; x_wconf 80' lang='lat' dir='ltr'>quidquam</span> <span class='ocrx_word' id='word_1_352' title='bbox 1354 1521 1408 1541; x_wconf 82' lang='lat' dir='ltr'>vos</span> <span class='ocrx_word' id='word_1_353' title='bbox 1423 1509 1498 1541; x_wconf 86' lang='lat' dir='ltr'>certi</span> <span class='ocrx_word' id='word_1_354' title='bbox 1512 1509 1554 1540; x_wconf 85' lang='lat' dir='ltr'>de</span> 
     </span>
     <span class='ocr_line' id='line_1_62' title="bbox 827 1561 1408 1604; baseline 0 -11"><span class='ocrx_word' id='word_1_355' title='bbox 827 1567 849 1581; x_wconf 92' lang='lat'><strong>“</strong></span> <span class='ocrx_word' id='word_1_356' title='bbox 866 1564 914 1593; x_wconf 89' lang='lat' dir='ltr'>his</span> <span class='ocrx_word' id='word_1_357' title='bbox 930 1565 1033 1601; x_wconf 84' lang='lat' dir='ltr'>rebus,</span> <span class='ocrx_word' id='word_1_358' title='bbox 1048 1574 1125 1604; x_wconf 85' lang='lat' dir='ltr'>quas</span> <span class='ocrx_word' id='word_1_359' title='bbox 1139 1563 1283 1599; x_wconf 66' lang='lat' dir='ltr'>asseritis,</span> <span class='ocrx_word' id='word_1_360' title='bbox 1300 1561 1408 1593; x_wconf 83' lang='lat' dir='ltr'>scire.’‘</span> 
     </span>
    </p>

    <p class='ocr_par' dir='ltr' id='par_1_24' title="bbox 826 1611 1554 1748">
     <span class='ocr_line' id='line_1_63' title="bbox 871 1611 1554 1652; baseline -0.004 -7"><span class='ocrx_word' id='word_1_361' title='bbox 871 1615 951 1645; x_wconf 93' lang='lat' dir='ltr'>Ibid.</span> <span class='ocrx_word' id='word_1_362' title='bbox 982 1621 1091 1646; x_wconf 81' lang='lat' dir='ltr'>retecta</span> <span class='ocrx_word' id='word_1_363' title='bbox 1101 1629 1111 1645; x_wconf 83' lang='lat'>.·</span> <span class='ocrx_word' id='word_1_364' title='bbox 1148 1613 1324 1644; x_wconf 78' lang='lat' dir='ltr'>velamento</span> <span class='ocrx_word' id='word_1_365' title='bbox 1354 1623 1467 1652; x_wconf 87' lang='lat' dir='ltr'>nempe</span> <span class='ocrx_word' id='word_1_366' title='bbox 1497 1611 1554 1643; x_wconf 64' lang='lat' dir='ltr'>tua</span> 
     </span>
     <span class='ocr_line' id='line_1_64' title="bbox 826 1664 1553 1707; baseline -0.003 -11"><span class='ocrx_word' id='word_1_367' title='bbox 826 1676 923 1696; x_wconf 87' lang='lat' dir='ltr'>manu</span> <span class='ocrx_word' id='word_1_368' title='bbox 939 1672 1082 1705; x_wconf 88' lang='lat' dir='ltr'>retracto,</span> <span class='ocrx_word' id='word_1_369' title='bbox 1104 1664 1190 1707; x_wconf 92' lang='lat' dir='ltr'>quod</span> <span class='ocrx_word' id='word_1_370' title='bbox 1204 1670 1270 1695; x_wconf 86' lang='lat' dir='ltr'>erat</span> <span class='ocrx_word' id='word_1_371' title='bbox 1283 1664 1406 1695; x_wconf 88' lang='lat' dir='ltr'>arcanis</span> <span class='ocrx_word' id='word_1_372' title='bbox 1421 1664 1553 1694; x_wconf 87' lang='lat' dir='ltr'>Naturae</span> 
     </span>
     <span class='ocr_line' id='line_1_65' title="bbox 826 1718 1007 1748; baseline 0 0"><span class='ocrx_word' id='word_1_373' title='bbox 826 1718 1007 1748; x_wconf 81' lang='lat' dir='ltr'>obductum.</span> 
     </span>
    </p>

    <p class='ocr_par' dir='ltr' id='par_1_25' title="bbox 824 1767 1551 1852">
     <span class='ocr_line' id='line_1_66' title="bbox 867 1767 1551 1810; baseline -0.003 -10"><span class='ocrx_word' id='word_1_374' title='bbox 867 1771 943 1801; x_wconf 91' lang='lat' dir='ltr'>Ver.</span> <span class='ocrx_word' id='word_1_375' title='bbox 971 1773 1022 1800; x_wconf 88' lang='grc'><strong>51.</strong></span> <span class='ocrx_word' id='word_1_376' title='bbox 1045 1771 1206 1810; x_wconf 79' lang='lat' dir='ltr'>quoniam.-</span> <span class='ocrx_word' id='word_1_377' title='bbox 1232 1768 1274 1799; x_wconf 87' lang='lat' dir='ltr'>V.</span> <span class='ocrx_word' id='word_1_378' title='bbox 1303 1767 1351 1799; x_wconf 83' lang='lat' dir='ltr'>ed.</span> <span class='ocrx_word' id='word_1_379' title='bbox 1374 1779 1479 1809; x_wconf 80' lang='lat' dir='ltr'>quom,·</span> <span class='ocrx_word' id='word_1_380' title='bbox 1506 1773 1551 1799; x_wconf 88' lang='grc' dir='ltr'><strong>Π.</strong></span> 
     </span>
     <span class='ocr_line' id='line_1_67' title="bbox 824 1832 902 1852; baseline -0.013 0"><span class='ocrx_word' id='word_1_381' title='bbox 824 1832 902 1852; x_wconf 84' lang='lat' dir='ltr'>cum.</span> 
     </span>
    </p>

    <p class='ocr_par' dir='ltr' id='par_1_26' title="bbox 824 1871 1554 2120">
     <span class='ocr_line' id='line_1_68' title="bbox 868 1871 1552 1910; baseline -0.001 -7"><span class='ocrx_word' id='word_1_382' title='bbox 868 1873 941 1904; x_wconf 90' lang='lat' dir='ltr'>Ver.</span> <span class='ocrx_word' id='word_1_383' title='bbox 963 1876 1015 1904; x_wconf 80' lang='lat'>53.</span> <span class='ocrx_word' id='word_1_384' title='bbox 1040 1879 1170 1904; x_wconf 80' lang='lat' dir='ltr'>aeterno:</span> <span class='ocrx_word' id='word_1_385' title='bbox 1195 1881 1305 1903; x_wconf 91' lang='lat' dir='ltr'>omnes</span> <span class='ocrx_word' id='word_1_386' title='bbox 1330 1871 1400 1902; x_wconf 88' lang='lat' dir='ltr'>libri</span> <span class='ocrx_word' id='word_1_387' title='bbox 1421 1873 1552 1910; x_wconf 77' lang='lat' dir='ltr'>alterno,</span> 
     </span>
     <span class='ocr_line' id='line_1_69' title="bbox 824 1923 1554 1966; baseline -0.001 -11"><span class='ocrx_word' id='word_1_388' title='bbox 824 1931 936 1964; x_wconf 84' lang='lat' dir='ltr'>praeter</span> <span class='ocrx_word' id='word_1_389' title='bbox 950 1925 990 1955; x_wconf 94' lang='grc' dir='ltr'>Β.</span> <span class='ocrx_word' id='word_1_390' title='bbox 1012 1924 1059 1955; x_wconf 91' lang='lat' dir='ltr'>M.</span> <span class='ocrx_word' id='word_1_391' title='bbox 1083 1925 1137 1966; x_wconf 89' lang='lat' dir='ltr'>qui</span> <span class='ocrx_word' id='word_1_392' title='bbox 1152 1925 1289 1955; x_wconf 80' lang='lat' dir='ltr'>alterna:</span> <span class='ocrx_word' id='word_1_393' title='bbox 1314 1923 1369 1954; x_wconf 85' lang='lat' dir='ltr'>sed</span> <span class='ocrx_word' id='word_1_394' title='bbox 1392 1923 1455 1954; x_wconf 85' lang='lat' dir='ltr'>inis</span> <span class='ocrx_word' id='word_1_395' title='bbox 1479 1923 1554 1954; x_wconf 89' lang='lat' dir='ltr'>uni-</span> 
     </span>
     <span class='ocr_line' id='line_1_70' title="bbox 825 1975 1553 2015; baseline 0.001 -10"><span class='ocrx_word' id='word_1_396' title='bbox 825 1977 918 2006; x_wconf 80' lang='lat' dir='ltr'>versis</span> <span class='ocrx_word' id='word_1_397' title='bbox 933 1976 1116 2007; x_wconf 90' lang='lat' dir='ltr'>Lucretium</span> <span class='ocrx_word' id='word_1_398' title='bbox 1131 1985 1233 2006; x_wconf 90' lang='lat' dir='ltr'>unum</span> <span class='ocrx_word' id='word_1_399' title='bbox 1254 1975 1376 2005; x_wconf 78' lang='lat' dir='ltr'>fortiter</span> <span class='ocrx_word' id='word_1_400' title='bbox 1400 1985 1553 2015; x_wconf 85' lang='lat' dir='ltr'>opposue-</span> 
     </span>
     <span class='ocr_line' id='line_1_71' title="bbox 825 2026 1554 2068; baseline 0.004 -12"><span class='ocrx_word' id='word_1_401' title='bbox 825 2027 900 2057; x_wconf 85' lang='lat' dir='ltr'>rim:</span> <span class='ocrx_word' id='word_1_402' title='bbox 927 2027 997 2058; x_wconf 86' lang='lat' dir='ltr'>vide</span> <span class='ocrx_word' id='word_1_403' title='bbox 1020 2027 1053 2057; x_wconf 87' lang='lat' dir='ltr'>ii.</span> <span class='ocrx_word' id='word_1_404' title='bbox 1081 2029 1173 2058; x_wconf 80' lang='lat'><strong>1054.</strong></span> <span class='ocrx_word' id='word_1_405' title='bbox 1195 2026 1214 2057; x_wconf 92' lang='lat' dir='ltr'>i.</span> <span class='ocrx_word' id='word_1_406' title='bbox 1237 2028 1486 2068; x_wconf 79' lang='lat' dir='ltr'>768.—percita.·</span> <span class='ocrx_word' id='word_1_407' title='bbox 1511 2028 1554 2059; x_wconf 91' lang='lat' dir='ltr'>V.</span> 
     </span>
     <span class='ocr_line' id='line_1_72' title="bbox 826 2080 1014 2120; baseline 0 -9"><span class='ocrx_word' id='word_1_408' title='bbox 826 2080 873 2111; x_wconf 81' lang='lat' dir='ltr'>ed.</span> <span class='ocrx_word' id='word_1_409' title='bbox 883 2083 1014 2120; x_wconf 79' lang='lat' dir='ltr'>partita.</span> 
     </span>
    </p>

    <p class='ocr_par' dir='ltr' id='par_1_27' title="bbox 825 2130 1554 2326">
     <span class='ocr_line' id='line_1_73' title="bbox 868 2130 1553 2172; baseline -0.001 -9"><span class='ocrx_word' id='word_1_410' title='bbox 868 2133 944 2163; x_wconf 92' lang='lat' dir='ltr'>Ver.</span> <span class='ocrx_word' id='word_1_411' title='bbox 959 2135 1011 2162; x_wconf 79' lang='lat'>54.</span> <span class='ocrx_word' id='word_1_412' title='bbox 1039 2133 1178 2172; x_wconf 78' lang='lat' dir='ltr'>Quoque:</span> <span class='ocrx_word' id='word_1_413' title='bbox 1204 2131 1242 2162; x_wconf 91' lang='lat' dir='ltr'>P.</span> <span class='ocrx_word' id='word_1_414' title='bbox 1260 2131 1300 2162; x_wconf 92' lang='lat' dir='ltr'>V.</span> <span class='ocrx_word' id='word_1_415' title='bbox 1315 2130 1363 2162; x_wconf 83' lang='lat' dir='ltr'>ed.</span> <span class='ocrx_word' id='word_1_416' title='bbox 1387 2131 1435 2163; x_wconf 91' lang='lat' dir='ltr'>M.</span> <span class='ocrx_word' id='word_1_417' title='bbox 1453 2131 1493 2163; x_wconf 90' lang='lat'>0.</span> <span class='ocrx_word' id='word_1_418' title='bbox 1518 2135 1553 2165; x_wconf 78' lang='grc' dir='ltr'>Σ.</span> 
     </span>
     <span class='ocr_line' id='line_1_74' title="bbox 827 2183 1552 2218; baseline -0.001 -2"><span class='ocrx_word' id='word_1_419' title='bbox 827 2191 873 2216; x_wconf 87' lang='grc' dir='ltr'><strong>Ω.</strong></span> <span class='ocrx_word' id='word_1_420' title='bbox 897 2185 1151 2218; x_wconf 50' lang='lat' dir='ltr'>clame—modo.-</span> <span class='ocrx_word' id='word_1_421' title='bbox 1169 2183 1219 2214; x_wconf 87' lang='lat' dir='ltr'>M.</span> <span class='ocrx_word' id='word_1_422' title='bbox 1238 2189 1422 2215; x_wconf 63' lang='lat' dir='ltr'>mom—res</span> <span class='ocrx_word' id='word_1_423' title='bbox 1432 2195 1467 2215; x_wconf 77' lang='lat' dir='ltr'>ez·</span> <span class='ocrx_word' id='word_1_424' title='bbox 1477 2185 1552 2215; x_wconf 79' lang='lat' dir='ltr'>hiis.-</span> 
     </span>
     <span class='ocr_line' id='line_1_75' title="bbox 826 2233 1554 2274; baseline 0.001 -9"><span class='ocrx_word' id='word_1_425' title='bbox 826 2246 890 2265; x_wconf 86' lang='lat' dir='ltr'>suae</span> <span class='ocrx_word' id='word_1_426' title='bbox 906 2234 1058 2265; x_wconf 80' lang='lat' dir='ltr'>voluntati</span> <span class='ocrx_word' id='word_1_427' title='bbox 1076 2244 1239 2274; x_wconf 86' lang='lat' dir='ltr'>perperam</span> <span class='ocrx_word' id='word_1_428' title='bbox 1261 2233 1394 2265; x_wconf 84' lang='lat' dir='ltr'>editores</span> <span class='ocrx_word' id='word_1_429' title='bbox 1416 2236 1554 2266; x_wconf 85' lang='lat' dir='ltr'>obsecuti</span> 
     </span>
     <span class='ocr_line' id='line_1_76' title="bbox 825 2285 1554 2326; baseline 0.004 -10"><span class='ocrx_word' id='word_1_430' title='bbox 825 2296 914 2317; x_wconf 84' lang='lat' dir='ltr'>voces</span> <span class='ocrx_word' id='word_1_431' title='bbox 927 2286 1127 2326; x_wconf 83' lang='lat' dir='ltr'>transpositas</span> <span class='ocrx_word' id='word_1_432' title='bbox 1142 2286 1231 2316; x_wconf 83' lang='lat' dir='ltr'>nobis</span> <span class='ocrx_word' id='word_1_433' title='bbox 1245 2285 1367 2322; x_wconf 89' lang='lat' dir='ltr'>dedere,</span> <span class='ocrx_word' id='word_1_434' title='bbox 1382 2297 1417 2318; x_wconf 69' lang='lat' dir='ltr'>ez·</span> <span class='ocrx_word' id='word_1_435' title='bbox 1431 2289 1479 2318; x_wconf 76' lang='lat' dir='ltr'>his</span> <span class='ocrx_word' id='word_1_436' title='bbox 1493 2299 1554 2320; x_wconf 83' lang='lat' dir='ltr'>res.-</span> 
     </span>
    </p>

    <p class='ocr_par' dir='ltr' id='par_1_28' title="bbox 829 2338 1554 2431">
     <span class='ocr_line' id='line_1_77' title="bbox 869 2338 1554 2370; baseline 0.001 -2"><span class='ocrx_word' id='word_1_437' title='bbox 869 2339 944 2368; x_wconf 89' lang='lat' dir='ltr'>Ver.</span> <span class='ocrx_word' id='word_1_438' title='bbox 959 2341 1010 2369; x_wconf 85' lang='lat'>55.</span> <span class='ocrx_word' id='word_1_439' title='bbox 1035 2339 1139 2369; x_wconf 85' lang='lat' dir='ltr'>Hasce</span> <span class='ocrx_word' id='word_1_440' title='bbox 1153 2339 1317 2369; x_wconf 80' lang='lat' dir='ltr'>secundum</span> <span class='ocrx_word' id='word_1_441' title='bbox 1334 2349 1397 2369; x_wconf 86' lang='lat' dir='ltr'>res:</span> <span class='ocrx_word' id='word_1_442' title='bbox 1424 2338 1444 2369; x_wconf 92' lang='lat' dir='ltr'>i.</span> <span class='ocrx_word' id='word_1_443' title='bbox 1459 2349 1488 2369; x_wconf 90' lang='lat' dir='ltr'>e.</span> <span class='ocrx_word' id='word_1_444' title='bbox 1504 2339 1554 2370; x_wconf 89' lang='lat' dir='ltr'>his</span> 
     </span>
     <span class='ocr_line' id='line_1_78' title="bbox 829 2388 1510 2431; baseline 0.001 -11"><span class='ocrx_word' id='word_1_445' title='bbox 829 2391 921 2421; x_wconf 89' lang='lat' dir='ltr'>rebus</span> <span class='ocrx_word' id='word_1_446' title='bbox 935 2388 1084 2429; x_wconf 88' lang='lat' dir='ltr'>proxime.</span> <span class='ocrx_word' id='word_1_447' title='bbox 1107 2389 1274 2431; x_wconf 84' lang='lat' dir='ltr'>Virgilius,</span> <span class='ocrx_word' id='word_1_448' title='bbox 1289 2399 1358 2430; x_wconf 90' lang='lat' dir='ltr'>geo.</span> <span class='ocrx_word' id='word_1_449' title='bbox 1373 2389 1420 2420; x_wconf 89' lang='lat' dir='ltr'>iii.</span> <span class='ocrx_word' id='word_1_450' title='bbox 1439 2393 1510 2421; x_wconf 83' lang='lat'><strong>145.</strong></span> 
     </span>
    </p>

    <p class='ocr_par' dir='ltr' id='par_1_29' title="bbox 858 2455 1515 2524">
     <span class='ocr_line' id='line_1_79' title="bbox 859 2455 1515 2489; baseline -0.005 -6"><span class='ocrx_word' id='word_1_451' title='bbox 859 2458 972 2483; x_wconf 75' lang='lat' dir='ltr'>Saltibus</span> <span class='ocrx_word' id='word_1_452' title='bbox 982 2457 1009 2482; x_wconf 85' lang='lat' dir='ltr'>in</span> <span class='ocrx_word' id='word_1_453' title='bbox 1018 2456 1109 2482; x_wconf 84' lang='lat' dir='ltr'>vacuis</span> <span class='ocrx_word' id='word_1_454' title='bbox 1118 2459 1239 2489; x_wconf 85' lang='lat' dir='ltr'>pascant,</span> <span class='ocrx_word' id='word_1_455' title='bbox 1250 2459 1277 2481; x_wconf 90' lang='lat' dir='ltr'>et</span> <span class='ocrx_word' id='word_1_456' title='bbox 1288 2455 1368 2488; x_wconf 78' lang='lat' dir='ltr'>plena</span> <span class='ocrx_word' id='word_1_457' title='bbox 1376 2455 1515 2481; x_wconf 80' lang='lat' dir='ltr'>secundum</span> 
     </span>
     <span class='ocr_line' id='line_1_80' title="bbox 858 2498 983 2524; baseline 0 -1"><span class='ocrx_word' id='word_1_458' title='bbox 858 2498 983 2524; x_wconf 79' lang='lat' dir='ltr'>Flumina.</span> 
     </span>
    </p>
   </div>
   <div class='ocr_carea' id='block_1_17' title="bbox 828 2554 1384 2594">
    <p class='ocr_par' dir='ltr' id='par_1_30' title="bbox 828 2554 1384 2594">
     <span class='ocr_line' id='line_1_81' title="bbox 828 2554 1384 2594; baseline -0.009 -6"><span class='ocrx_word' id='word_1_459' title='bbox 828 2556 923 2588; x_wconf 85' lang='lat' dir='ltr'>Adde</span> <span class='ocrx_word' id='word_1_460' title='bbox 938 2556 1102 2594; x_wconf 81' lang='lat' dir='ltr'>Plautum,</span> <span class='ocrx_word' id='word_1_461' title='bbox 1119 2554 1214 2585; x_wconf 87' lang='lat' dir='ltr'>Stich.</span> <span class='ocrx_word' id='word_1_462' title='bbox 1230 2554 1272 2584; x_wconf 89' lang='lat' dir='ltr'>iii.</span> <span class='ocrx_word' id='word_1_463' title='bbox 1290 2557 1316 2584; x_wconf 89' lang='lat'>1.</span> <span class='ocrx_word' id='word_1_464' title='bbox 1333 2555 1384 2584; x_wconf 88' lang='lat'>45.</span> 
     </span>
    </p>
   </div>
   <div class='ocr_carea' id='block_1_18' title="bbox 828 2621 1550 2655">
    <p class='ocr_par' dir='ltr' id='par_1_31' title="bbox 828 2621 1550 2655">
     <span class='ocr_line' id='line_1_82' title="bbox 828 2621 1550 2655; baseline -0.004 -4"><span class='ocrx_word' id='word_1_465' title='bbox 828 2627 869 2652; x_wconf 87' lang='lat' dir='ltr'>Ite</span> <span class='ocrx_word' id='word_1_466' title='bbox 880 2626 930 2651; x_wconf 88' lang='lat' dir='ltr'>hac</span> <span class='ocrx_word' id='word_1_467' title='bbox 940 2625 1079 2651; x_wconf 78' lang='lat' dir='ltr'>secundum</span> <span class='ocrx_word' id='word_1_468' title='bbox 1090 2631 1138 2650; x_wconf 87' lang='lat' dir='ltr'>vos</span> <span class='ocrx_word' id='word_1_469' title='bbox 1149 2630 1187 2649; x_wconf 79' lang='lat' dir='ltr'>me</span> <span class='ocrx_word' id='word_1_470' title='bbox 1196 2632 1205 2649; x_wconf 90' lang='grc'>.·</span> <span class='ocrx_word' id='word_1_471' title='bbox 1223 2629 1274 2655; x_wconf 84' lang='lat' dir='ltr'>ego</span> <span class='ocrx_word' id='word_1_472' title='bbox 1285 2622 1358 2646; x_wconf 89' lang='lat' dir='ltr'>hunc</span> <span class='ocrx_word' id='word_1_473' title='bbox 1369 2621 1458 2647; x_wconf 85' lang='lat' dir='ltr'>lacero</span> <span class='ocrx_word' id='word_1_474' title='bbox 1467 2621 1550 2648; x_wconf 81' lang='lat' dir='ltr'>diem.</span> 
     </span>
    </p>
   </div>
   <div class='ocr_carea' id='block_1_19' title="bbox 827 2678 1553 2893">
    <p class='ocr_par' dir='ltr' id='par_1_32' title="bbox 827 2678 1553 2826">
     <span class='ocr_line' id='line_1_83' title="bbox 870 2678 1553 2723; baseline -0.006 -10"><span class='ocrx_word' id='word_1_475' title='bbox 870 2683 945 2713; x_wconf 88' lang='lat' dir='ltr'>Ver.</span> <span class='ocrx_word' id='word_1_476' title='bbox 974 2686 1026 2714; x_wconf 80' lang='lat'>56.</span> <span class='ocrx_word' id='word_1_477' title='bbox 1058 2682 1217 2713; x_wconf 82' lang='lat' dir='ltr'>claranda.</span> <span class='ocrx_word' id='word_1_478' title='bbox 1269 2679 1411 2723; x_wconf 80' lang='lat' dir='ltr'>Verbum</span> <span class='ocrx_word' id='word_1_479' title='bbox 1442 2678 1553 2710; x_wconf 88' lang='lat' dir='ltr'>Cicero</span> 
     </span>
     <span class='ocr_line' id='line_1_84' title="bbox 827 2730 1551 2772; baseline -0.006 -7"><span class='ocrx_word' id='word_1_480' title='bbox 827 2733 970 2765; x_wconf 84' lang='lat' dir='ltr'>adhibuit</span> <span class='ocrx_word' id='word_1_481' title='bbox 982 2733 1017 2764; x_wconf 90' lang='lat' dir='ltr'>in</span> <span class='ocrx_word' id='word_1_482' title='bbox 1033 2732 1170 2771; x_wconf 81' lang='lat' dir='ltr'>Arateis,</span> <span class='ocrx_word' id='word_1_483' title='bbox 1185 2740 1246 2761; x_wconf 84' lang='lat' dir='ltr'>ver.</span> <span class='ocrx_word' id='word_1_484' title='bbox 1261 2733 1332 2762; x_wconf 78' lang='lat'><strong>232.</strong></span> <span class='ocrx_word' id='word_1_485' title='bbox 1346 2730 1399 2767; x_wconf 90' lang='lat' dir='ltr'>sic,</span> <span class='ocrx_word' id='word_1_486' title='bbox 1414 2736 1451 2761; x_wconf 86' lang='lat' dir='ltr'>ut</span> <span class='ocrx_word' id='word_1_487' title='bbox 1463 2736 1551 2772; x_wconf 86' lang='lat' dir='ltr'>puto,</span> 
     </span>
     <span class='ocr_line' id='line_1_85' title="bbox 829 2785 1040 2826; baseline -0.014 -8"><span class='ocrx_word' id='word_1_488' title='bbox 829 2785 1040 2826; x_wconf 82' lang='lat' dir='ltr'>castigandus:</span> 
     </span>
    </p>

    <p class='ocr_par' dir='ltr' id='par_1_33' title="bbox 859 2858 1521 2893">
     <span class='ocr_line' id='line_1_86' title="bbox 859 2858 1521 2893; baseline -0.005 -5"><span class='ocrx_word' id='word_1_489' title='bbox 859 2864 912 2888; x_wconf 84' lang='lat' dir='ltr'>Has</span> <span class='ocrx_word' id='word_1_490' title='bbox 921 2865 1024 2892; x_wconf 85' lang='lat' dir='ltr'>autem,</span> <span class='ocrx_word' id='word_1_491' title='bbox 1032 2865 1095 2893; x_wconf 79' lang='lat' dir='ltr'>quae</span> <span class='ocrx_word' id='word_1_492' title='bbox 1103 2864 1166 2886; x_wconf 85' lang='lat' dir='ltr'>sunt</span> <span class='ocrx_word' id='word_1_493' title='bbox 1176 2866 1260 2893; x_wconf 82' lang='lat' dir='ltr'>parvo</span> <span class='ocrx_word' id='word_1_494' title='bbox 1275 2860 1324 2885; x_wconf 88' lang='lat' dir='ltr'>sub</span> <span class='ocrx_word' id='word_1_495' title='bbox 1337 2859 1432 2885; x_wconf 81' lang='lat' dir='ltr'>lumine</span> <span class='ocrx_word' id='word_1_496' title='bbox 1440 2858 1521 2890; x_wconf 76' lang='lat' dir='ltr'>fusae.</span> 
     </span>
    </p>
   </div>
   <div class='ocr_carea' id='block_1_20' title="bbox 860 2900 1451 2976">
    <p class='ocr_par' dir='ltr' id='par_1_34' title="bbox 860 2900 1451 2976">
     <span class='ocr_line' id='line_1_87' title="bbox 860 2900 1451 2934; baseline -0.005 -6"><span class='ocrx_word' id='word_1_497' title='bbox 860 2902 999 2928; x_wconf 84' lang='lat' dir='ltr'>Consimili</span> <span class='ocrx_word' id='word_1_498' title='bbox 1008 2901 1096 2934; x_wconf 81' lang='lat' dir='ltr'>specie</span> <span class='ocrx_word' id='word_1_499' title='bbox 1109 2901 1206 2932; x_wconf 68' lang='lat' dir='ltr'>stellas,</span> <span class='ocrx_word' id='word_1_500' title='bbox 1215 2900 1344 2934; x_wconf 86' lang='lat' dir='ltr'>parilique</span> <span class='ocrx_word' id='word_1_501' title='bbox 1354 2901 1451 2931; x_wconf 87' lang='lat' dir='ltr'>nitore,</span> 
     </span>
     <span class='ocr_line' id='line_1_88' title="bbox 861 2939 1396 2976; baseline -0.006 -8"><span class='ocrx_word' id='word_1_502' title='bbox 861 2944 920 2968; x_wconf 84' lang='lat' dir='ltr'>Non</span> <span class='ocrx_word' id='word_1_503' title='bbox 930 2942 1019 2976; x_wconf 78' lang='lat' dir='ltr'>potuit</span> <span class='ocrx_word' id='word_1_504' title='bbox 1027 2941 1101 2968; x_wconf 85' lang='lat' dir='ltr'>nobis</span> <span class='ocrx_word' id='word_1_505' title='bbox 1112 2940 1176 2968; x_wconf 60' lang='lat' dir='ltr'>nota</span> <span class='ocrx_word' id='word_1_506' title='bbox 1186 2940 1284 2968; x_wconf 72' lang='lat' dir='ltr'>eiurare</span> <span class='ocrx_word' id='word_1_507' title='bbox 1293 2939 1396 2973; x_wconf 66' lang='lat' dir='ltr'>figura:</span> 
     </span>
    </p>
   </div>
   <div class='ocr_carea' id='block_1_21' title="bbox 787 3002 850 3034">
    <p class='ocr_par' dir='ltr' id='par_1_35' title="bbox 787 3002 850 3034">
     <span class='ocr_line' id='line_1_89' title="bbox 787 3002 850 3034; baseline -0.032 0"><span class='ocrx_word' id='word_1_508' title='bbox 787 3002 850 3034; x_wconf 77' lang='grc' dir='ltr'>ΒΞ</span> 
     </span>
    </p>
   </div>
  </div>
 </body>
</html>
