1912 3292
325 212 381 250 18
815 197 875 246 T.
934 195 1316 246 LUCRETII

463 331 678 374 Intereunt
696 330 848 387 partim
867 337 1109 380 statuarum,
1131 336 1172 371 et
1191 329 1384 379 nominis,
1406 342 1524 387 ergo3

461 406 518 447 Et
537 421 645 461 saepe
664 420 793 461 usque
811 404 930 455 adeo,
961 405 1104 446 mortis
1123 404 1360 454 formidine,
1381 405 1478 445 vitae

377 487 430 522 80
463 481 646 537 Percipit
665 480 867 522 humanos
886 480 1044 530 odium,
1065 479 1244 535 lucisque
1263 477 1470 530 videndae,

463 555 525 598 Ut
544 555 619 597 sibi
639 556 894 597 consciscant
912 554 1103 595 moerenti
1123 560 1289 608 pectore
1308 551 1435 593 letum
1442 569 1457 602 ς

464 629 619 671 Oblitei
638 629 794 671 fontem
815 644 1024 679 curarum,
1045 628 1157 669 hunc
1178 642 1262 669 esse
1282 627 1494 676 timorem;

464 703 612 754 Hunc,
633 718 782 745 vexare
802 704 1025 759 pudorem3
1057 703 1184 753 hunc,
1207 701 1369 742 vincula
1387 699 1583 741 amicitiai

466 778 695 833 Rumpere;
733 786 788 828 et,
810 779 854 818 in
874 777 1048 828 summa,
1070 778 1264 833 pietatem
1285 783 1468 817 evortere
1488 773 1645 815 suadet:

382 857 434 892 85
467 852 577 892 Nam
590 853 677 906 jam
699 866 807 907 saepe
826 851 1014 893 homines
1033 851 1225 906 patriam,
1248 863 1444 905 carosque
1463 847 1684 903 parenteis,

465 924 760 975 Prodiderunt‚
781 925 908 966 vitare
931 925 1159 967 Acherusia
1178 923 1329 979 templa
1347 930 1543 978 petentes.

338 1098 466 1124 crudeles
477 1096 596 1129 gaudent
606 1096 634 1120 in
645 1095 715 1120 tristi
724 1094 819 1120 funere
829 1094 917 1120 fratris
926 1103 934 1125 ;

339 1140 372 1163 Et
383 1136 612 1169 consanguineum
623 1142 728 1160 mensas
739 1134 831 1164 odere,
841 1135 1006 1165 timentque:

337 1175 572 1205 Maceratinvidia‚
580 1178 644 1199 ante
651 1173 741 1199 oculos
747 1173 824 1198 illum
833 1180 888 1199 esse
895 1176 1048 1205 potentem,

339 1218 418 1243 Ilium
429 1215 650 1248 adspectari—.

365 1290 441 1320 Ver.
465 1290 515 1320 75.
539 1288 699 1318 Macerat:
735 1285 782 1316 M.
806 1285 975 1320 Dafnem-ati,-
1000 1294 1048 1314 ar-

323 1339 411 1380 repta
436 1338 520 1370 vocis
541 1336 700 1378 sequentis
721 1335 822 1367 litera.
869 1335 932 1366 Pro
942 1342 1049 1376 poten·

324 1401 396 1432 lem,
419 1393 498 1424 Pius
512 1397 631 1429 monet,
647 1400 712 1420 esse
727 1389 782 1430 qui
797 1388 932 1419 scribant
941 1394 1050 1428 poten-

325 1453 407 1477 tum:
433 1444 524 1474 male.

369 1496 448 1527 Ibid.
472 1496 630 1526 Macerat:
656 1493 676 1523 i.
691 1503 716 1523 e.
740 1501 882 1522 macrum
893 1491 977 1528 facit,
995 1504 1050 1521 κα-

326 1562 463 1583 nta-mm
479 1560 566 1579 mm:
592 1545 677 1576 unde
691 1550 865 1584 opportune
880 1543 1054 1574 Lambinus

325 1601 460 1633 contulit
475 1598 658 1636 Horatium,
675 1597 761 1637 epist.
778 1597 797 1627 i.
814 1600 843 1626 2.
860 1599 910 1628 57.

389 1668 502 1693 Invidus
513 1666 620 1692 alterius
630 1666 708 1691 rebus
720 1664 847 1689 macrescit
857 1664 962 1696 opimis.

327 1729 392 1764 Qui
419 1737 524 1758 versus
547 1725 775 1764 nobismetipsis
800 1725 915 1764 pariter
936 1724 969 1754 in
986 1734 1052 1754 me-

327 1780 462 1811 moriam
474 1778 614 1810 redierat.
649 1777 810 1807 Glossator
820 1783 921 1806 vetus:
943 1779 965 1794 “
979 1777 1053 1806 Βία-

325 1835 349 1851 “
364 1838 511 1866 ceratum,
529 1829 894 1869 erm-nwssvov.—-Macero,
912 1835 1053 1858 λεπτυνω.

327 1887 350 1902 “
366 1884 564 1917 -λΙαεενον,
589 1881 787 1922 μαραινομαι.”
831 1880 933 1910 Probe
948 1886 980 1910 et
1000 1890 1050 1909 ac-

327 1939 434 1965 curate
461 1931 577 1962 omnia.
622 1932 674 1961 De
697 1930 810 1961 invidis
834 1931 930 1960 etiam
955 1931 1051 1961 Luci-

328 1988 401 2018 lius:

366 2064 519 2095 Μακροτερῳ
530 2068 630 2094 arnapa,
641 2067 808 2093 σταυρυμενον
822 2061 899 2083 azlor
910 2055 988 2082 {am

404 2109 436 2134 '0
448 2107 636 2133 ΦΘΟΝΕΡΟΣ
650 2107 742 2138 Amano
754 2114 829 2136 εγγυς
839 2104 893 2130 uim
905 2104 1038 2130 ETAKH.

329 2173 372 2204 Et
386 2174 493 2201 auctor
508 2169 644 2198 incertus
659 2167 698 2198 de
713 2166 838 2197 iisdem:

365 2242 397 2268 ’0
410 2239 554 2266 ΦΘΟΝΟΣ
567 2247 617 2265 εστι
628 2247 761 2268 zanio-roy,
781 2246 829 2271 εχει
847 2236 872 2262 δε
888 2246 912 2262 τι
931 2240 1011 2262 καλου
1033 2244 1054 2261 ει

483 2297 552 2313 ww

406 2337 517 2361 THKEI
531 2344 582 2369 γαρ
593 2333 713 2367 φθονῑρων
727 2342 853 2365 affluar-oc,
863 2341 910 2357 zea
921 2330 1031 2366 κραδιην.

331 2407 457 2440 Addam
472 2405 609 2437 Nasonis
624 2404 663 2435 de
678 2402 816 2441 Invidia,
839 2407 912 2433 met.
928 2401 961 2432 ii.
977 2403 1052 2433 775.

330 2464 402 2492 780.

356 2534 441 2559 Pallor
451 2534 479 2558 in
489 2539 535 2558 ore
545 2533 630 2562 sedet,
640 2531 731 2556 macies
743 2532 769 2556 in
783 2536 895 2562 corpore
905 2532 965 2554 toto
976 2535 1016 2553 :-

675 2570 857 2601 intabescitque
868 2568 984 2594 videndo

359 2614 497 2638 successus
508 2612 650 2636 hominum
660 2618 667 2635 :

324 2685 356 2711 et
387 2680 568 2720 Hyginum,
597 2679 629 2709 in
659 2678 739 2719 po‘e't.
775 2682 830 2708 ast.
855 2676 887 2707 ii.
909 2679 940 2706 4.
970 2674 1053 2715 turpi

326 2731 443 2763 menda
466 2731 615 2762 liberabo:
651 2734 674 2750 ‘⁶
691 2729 786 2767 Quod
813 2729 878 2759 filia
899 2727 994 2758 simul
1017 2737 1053 2758 ac

327 2786 350 2802 “
366 2781 456 2820 vidit,
483 2779 642 2820 desperata
655 2791 720 2819 spe,
743 2779 909 2811 solitudine
924 2789 960 2809 ac
974 2788 1051 2818 pau-

327 2837 348 2851 “
365 2833 449 2872 perie
470 2841 625 2872 oppressa,
648 2831 757 2861 multis
781 2837 936 2862 macerata
953 2829 1050 2869 lacry-

327 2891 348 2904 “
366 2886 435 2921 mis,
474 2886 506 2916 in
538 2884 648 2916 eadem
678 2885 797 2922 arbore,
838 2882 901 2923 quii
941 2891 1053 2921 parens

1096 1098 1118 1114 “
1134 1095 1274 1135 sepultus
1288 1094 1462 1131 videbatur,
1484 1092 1652 1133 suspendio
1665 1092 1723 1124 sibi
1738 1102 1822 1124 mor·

1095 1150 1118 1166 “
1133 1153 1198 1177 tem
1212 1145 1390 1177 consciviff'
1435 1143 1556 1185 Vulgo,
1571 1146 1726 1175 miserata.

1135 1198 1211 1228 Ver.
1235 1200 1287 1229 76.
1308 1196 1454 1227 Editores
1469 1194 1621 1233 Lucretii,
1644 1194 1757 1236 quibus
1777 1204 1822 1225 ωε

1092 1249 1206 1290 triplex
1221 1255 1287 1280 erat
1301 1249 1383 1279 circa
1409 1247 1532 1284 faciem,
1558 1247 1602 1277 ita
1626 1246 1718 1278 nobis
1738 1248 1823 1278 hunc

1093 1311 1216 1332 versum
1230 1310 1386 1338 recoxere,
1401 1299 1498 1336 libris,
1516 1303 1671 1339 quotquot
1685 1303 1759 1328 sunt
1772 1296 1823 1328 vel

1093 1353 1168 1385 editi
1183 1352 1363 1383 vetustiores
1376 1350 1425 1382 vel
1440 1349 1590 1390 impressi,
1617 1349 1752 1390 graviter
1773 1359 1822 1380 re-

1094 1405 1311 1437 clamantibus:

1126 1473 1204 1498 illum
1216 1471 1374 1504 adspectari,
1385 1470 1506 1502 claroque
1516 1468 1627 1494 incedere
1638 1468 1753 1494 honore.

1097 1534 1341 1574 Quemquamne
1363 1538 1469 1562 autem
1490 1531 1658 1562 hominum
1671 1540 1710 1561 eo
1725 1529 1822 1562 auda.

1096 1586 1153 1616 ciae
1176 1585 1367 1624 processisse,
1399 1589 1437 1614 ut
1461 1583 1643 1622 scriptorem
1667 1582 1824 1613 nobilissi-

1096 1648 1186 1668 mum
1202 1647 1240 1667 ex
1255 1637 1384 1667 arbitrio
1399 1636 1444 1666 sic
1458 1635 1620 1666 demutare
1642 1645 1707 1666 non
1729 1645 1823 1675 expa-
1881 1666 1883 1670 ,

1096 1689 1186 1719 verit!

1140 1740 1220 1771 Ibid.
1236 1741 1318 1771 claro
1333 1742 1458 1770 honere:
1477 1739 1497 1769 i.
1512 1749 1539 1769 e.
1559 1739 1650 1769 vestis
1659 1748 1825 1777 purpureae

1097 1791 1272 1832 splendore,
1308 1791 1381 1821 vin‘s
1422 1790 1553 1830 propriae
1589 1791 1823 1822 honorabilibus.

1099 1844 1188 1875 Hinc
1204 1843 1370 1884 Virgilius,
1387 1843 1462 1873 AEn.
1477 1842 1527 1872 vii.
1543 1841 1597 1872 fin.

1124 1923 1496 1932 ————-
1505 1914 1537 1935 ut
1547 1909 1630 1941 regius
1637 1912 1711 1934 ostro

1126 1952 1204 1977 Velet
1213 1952 1288 1976 honos
1297 1951 1380 1976 laeves
1391 1951 1559 1975 humeros-.

1096 2008 1204 2039 Etiam
1221 2006 1422 2044 Prudentius,
1438 2006 1541 2045 psych.
1558 2008 1633 2036 856.

1111 2073 1178 2098 Hinc
1190 2072 1238 2097 sibi
1247 2072 1401 2104 sapphirum
1412 2071 1570 2101 sociaverat,
1580 2070 1644 2096 inde
1655 2070 1806 2103 beryllum;

1110 2114 1297 2144 Distantesque
1306 2112 1374 2137 nitor
1383 2111 1487 2138 medius
1497 2112 1617 2137 variabat
1625 2111 1741 2137 honores:

1085 2182 1227 2223 fulgores
1241 2180 1362 2212 seilicet.
1409 2179 1498 2211 Male
1519 2179 1620 2218 capies
1636 2178 1821 2218 Horatium,

1096 2233 1136 2263 ad
1151 2233 1202 2263 od.
1220 2233 1262 2263 iii.
1277 2236 1308 2263 ⁶2.
1328 2236 1376 2263 18.
1398 2231 1459 2262 nisi
1481 2231 1638 2272 intelligas
1662 2231 1824 2270 metapho-

1097 2295 1165 2315 ram
1180 2284 1330 2323 respicere
1344 2290 1461 2321 vestem,
1483 2296 1525 2322 μη
1542 2294 1653 2322 ‘zoom
1667 2289 1782 2321 amaon,
1807 2296 1825 2317 u

1096 2336 1207 2379 §ua-1302,
1224 2351 1240 2370 η
1256 2350 1285 2367 τι
1300 2350 1356 2367 των
1371 2348 1499 2367 voment·
1518 2335 1567 2365 uti
1581 2334 1720 2376 loquitur
1734 2343 1824 2375 apos-

1097 2388 1191 2428 tolus,
1208 2388 1323 2428 Ephes.
1339 2397 1366 2419 v.
1382 2390 1432 2418 27.

1223 2464 1322 2494 Virtus,
1332 2462 1447 2495 repulsae
1458 2462 1546 2488 nescia
1556 2460 1677 2492 sordide,
1689 2465 1694 2467 ·

1224 2503 1385 2529 [acuminatis
1395 2503 1481 2535 fulget
1491 2502 1635 2528 honoribus.

1099 2571 1250 2604 Conferas
1265 2570 1412 2609 eundem,
1434 2569 1506 2601 ibid.
1520 2570 1553 2600 ii.
1571 2572 1620 2600 11.
1636 2573 1664 2600 9.
1686 2573 1718 2599 et
1732 2568 1825 2600 nobis

1097 2623 1257 2655 cumulata
1272 2623 1311 2653 ad
1327 2623 1399 2653 Silv.
1418 2622 1494 2654 crit.
1509 2626 1584 2653 sect.
1600 2618 1681 2650 xciii.

1141 2675 1214 2706 Ver.
1230 2678 1281 2706 77.
1303 2677 1388 2715 Ipsei
1401 2685 1448 2706 se:
1476 2680 1519 2705 11.
1540 2674 1671 2713 Ipsique.

1141 2725 1223 2757 Ibid.
1245 2729 1277 2757 in
1295 2728 1440 2758 tenebris:
1467 2724 1605 2766 “ignoti
1621 2733 1746 2763 nempe,
1754 2732 1820 2754 non

1096 2781 1119 2798 ‘⁸
1134 2778 1168 2808 in
1183 2777 1252 2808 luce
1267 2778 1397 2815 civium;
1419 2777 1459 2807 ab
1473 2775 1640 2807 hominum
1653 2779 1820 2814 conspectu

1096 2833 1118 2849 “
1134 2829 1257 2869 remoti,
1272 2834 1304 2860 et
1318 2826 1520 2860 absconditis*
1564 2825 1729 2868 virgilius,
1744 2825 1818 2857 AEn.

1095 2880 1125 2911 ii.
1141 2884 1190 2912 92.
