1912 3292
465 215 698 266 LIBER
751 212 1136 270 QUARTUS.

1439 221 1531 262 229

189 349 402 391 Interdum
419 346 584 401 magnei
602 350 777 392 montes,
809 341 1025 398 avolsaque
1045 357 1158 393 saxa,

190 423 407 466 Montibus
426 419 596 468 anteire,
619 425 661 458 et
680 415 807 458 solem
829 414 1049 457 subcedere
1067 425 1250 473 propter:

45 578 133 608 Hinc
147 579 181 608 in
204 577 334 608 transitu
349 574 536 605 Petronium
560 573 636 604 libet
659 572 764 613 purio-

44 640 111 660 rem
125 629 263 666 reddere,
279 634 350 657 sect.
371 630 438 657 151.

45 703 145 734 Dignus
156 707 249 727 amore
261 700 347 725 locus:
367 699 441 725 testis
451 699 580 731 sylvester
591 698 690 728 aedon,

43 744 132 773 Atque
138 742 240 766 urbana
245 742 356 769 Procne5
374 745 449 770 φιτ,
456 739 558 763 circum
564 737 679 770 germina
687 735 767 766 sunae,

42 782 75 805 Et
88 780 181 805 molles
191 779 285 809 violas,
296 782 378 803 cantu
388 785 435 802 sua
444 785 505 802 rura
513 777 657 809 fovebant.

44 853 164 893 Vulgo,
191 854 353 892 gramina;
391 851 476 891 quod
509 850 616 880 aviarii
652 855 769 880 norunt

43 915 116 935 cum
134 903 310 935 hirundinis
332 903 473 934 moribus
494 902 574 933 nihil
595 901 768 933 convenire.

43 957 136 988 Idem
147 956 215 997 jam
231 955 374 996 intelligo
389 956 614 986 Burmannum
629 953 770 985 voluisse.

43 1009 95 1040 De
116 1010 175 1039 hac
196 1014 304 1038 autem
326 1007 448 1038 solenni
462 1007 633 1038 scribarum
647 1007 769 1036 aberra-

43 1061 138 1096 tione,
160 1070 218 1090 nos
232 1059 387 1090 nonnulla
405 1069 516 1098 nuper,
539 1057 579 1088 ad
593 1057 683 1098 Virg.
699 1067 767 1097 geo.

43 1111 76 1141 ii.
90 1115 162 1142 332.
195 1111 328 1151 Legitur
344 1111 438 1140 etiam
452 1110 486 1140 in
501 1109 601 1145 editis,
617 1110 766 1144 colebant;

42 1172 213 1201 perperam,
234 1161 259 1191 si
274 1161 349 1201 quid
364 1161 462 1191 video.
508 1161 676 1191 Maronem
693 1159 769 1190 Ovi-

44 1213 115 1243 dius
129 1213 271 1243 imitatus
287 1219 345 1251 est,
362 1212 431 1243 fast.
445 1213 465 1243 i.
485 1215 554 1243 155.

74 1291 106 1314 Et
117 1289 243 1322 trepidum
253 1289 374 1314 volucres
384 1288 540 1313 concentibus
550 1290 614 1313 αένα
625 1288 747 1313 mulcent.-

42 1354 63 1384 i.
78 1364 104 1384 e.
121 1356 279 1394 pulsatum
295 1360 327 1384 et
346 1356 496 1393 agitatum
512 1353 667 1384 cantibus:
694 1362 768 1382 con·

42 1405 122 1435 seras
137 1405 227 1446 Virg.
244 1406 319 1435 AEn.
344 1415 371 1435 v.
390 1408 459 1435 150.
482 1405 534 1434 cui
551 1405 620 1435 loco
642 1409 770 1434 centum

42 1456 159 1488 similes
202 1457 412 1486 obversantur.
477 1455 577 1490 Libri,
613 1457 765 1495 tepidum:

43 1508 127 1550 quod
149 1507 240 1538 valde
271 1507 421 1547 displicet,
451 1513 488 1538 ut
516 1507 769 1547 intempestivum

42 1560 198 1597 maxime3
220 1569 295 1589 nam
320 1561 428 1590 blandi
450 1561 524 1590 soles
549 1559 654 1589 statim
683 1558 769 1588 veni-

43 1617 113 1650 unt,
128 1618 160 1642 et
173 1611 248 1642 inde
262 1611 378 1652 frigore
392 1612 557 1642 feriuntur.
595 1612 699 1642 Voces
713 1621 769 1641 au-

41 1670 106 1694 tem
127 1665 246 1704 tepidus
276 1670 307 1694 et
332 1666 468 1703 trepidus
490 1663 672 1703 saepiuscule
702 1673 771 1702 per-

44 1716 174 1752 misceri,
196 1716 334 1748 diximus
362 1716 403 1746 ad
431 1716 474 1746 iii.
499 1719 571 1747 597.
593 1716 770 1753 Vomanus,

44 1768 78 1797 in
96 1768 224 1799 Anthol.
239 1768 308 1798 Lat.
323 1769 435 1799 Burm.
450 1768 494 1798 iii.
509 1772 559 1799 51.
571 1771 625 1798 21.
641 1769 703 1798 huc
716 1767 771 1798 ad-

43 1820 160 1850 veniat:

101 1893 171 1917 Aves
181 1899 291 1917 canoros
300 1893 415 1925 garrulae
428 1892 547 1917 fundunt
558 1898 647 1922 sonos,

103 1933 136 1956 Et
146 1939 251 1964 semper
261 1940 339 1957 auras
354 1933 475 1957 cantibus
486 1932 594 1956 mulcent
604 1932 665 1956 suis.

43 1987 212 2018 Fluctuant
226 1988 296 2018 libri
310 1980 501 2019 iuter'auras
526 1994 557 2018 et
581 1999 672 2019 aures
679 2002 690 2024 ;
716 1987 770 2018 sed

43 2044 166 2079 egomet
194 2038 273 2069 illud
295 2039 419 2070 malim:
458 2053 491 2070 -ro
520 2051 634 2079 semper
663 2045 769 2070 tamen

43 2099 156 2129 pamm
171 2089 288 2128 placet3
310 2089 363 2120 sed
382 2090 462 2120 nihil
484 2100 555 2120 vero
577 2091 679 2121 simile
700 2101 769 2121 suc-

44 2140 148 2170 currit.
192 2140 365 2176 Nimirum,
394 2142 524 2171 verbum
549 2143 680 2173 mulcere
697 2152 769 2181 pro-

43 2190 109 2230 prie
123 2191 244 2222 videtur
260 2202 359 2231 posse,
384 2194 487 2223 leviter
505 2204 636 2225 movere:
661 2194 772 2224 molles

44 2247 150 2272 autem
169 2242 336 2283 facilesque
363 2249 467 2273 motus
493 2243 676 2285 plerumque
699 2251 773 2275 sunt

39 2292 186 2333 jucundi,
209 2299 240 2323 et
254 2294 449 2332 perfundunt
464 2294 629 2334 voluptate.
663 2296 771 2337 Virgi-

45 2344 115 2380 lius,
131 2344 166 2374 in
183 2344 260 2383 ciri,
277 2356 340 2377 ver.
356 2350 427 2376 546.

221 2411 334 2436 adsiduis
345 2413 454 2437 mulcens
463 2414 613 2444 praecordia
625 2414 750 2439 flammis:

43 2467 62 2498 i.
81 2478 107 2497 e.
130 2467 240 2498 leviter
261 2474 404 2510 tangens,
427 2471 476 2501 vel
501 2477 680 2511 pei-tergens
702 2482 768 2502 sus-

42 2518 139 2558 pensfi
154 2529 261 2550 manu.
305 2520 409 2557 Idem,
433 2522 508 2552 AEn.
525 2522 587 2552 viii.
603 2525 675 2553 654.

206 2593 292 2625 illam,
307 2594 388 2618 tereti
399 2595 504 2620 cervice
516 2595 660 2626 reflexam,

72 2630 186 2656 Mulcere
195 2632 312 2663 alternis,
327 2637 356 2658 et
368 2640 480 2665 corpora
491 2633 593 2666 fingere
604 2634 709 2667 lingua:

43 2693 64 2725 i.
80 2703 107 2725 e.
136 2704 265 2735 corpora
295 2696 433 2728 molliter
453 2697 564 2738 lingua
589 2704 721 2738 tergere,
744 2704 775 2730 et

31 2745 191 2786 expolire.
218 2747 270 2778 Sic
283 2754 388 2780 autem
407 2750 606 2791 castigandus
617 2757 662 2781 est
678 2752 773 2790 scrip-

45 2801 95 2827 tor
114 2798 332 2837 politissimus:
359 2812 443 2838 nam,
467 2802 553 2843 quod
576 2803 697 2844 vulgari
723 2814 773 2834 so-

0 2872 1 2876 ,
44 2847 95 2884 let,
118 2853 247 2883 mulcere
261 2855 403 2891 alternos,
421 2865 462 2885 an
472 2854 623 2886 Latinum
637 2856 676 2886 sit
687 2856 776 2887 valde

45 2900 169 2935 dubito:
194 2914 304 2938 seusus
324 2909 428 2948 potius
452 2908 613 2950 efflagitat,
640 2911 777 2943 Mulcere

808 573 977 603 alternam:
1006 572 1099 603 adeas
1120 573 1303 604 Lucretium
1318 584 1434 611 meum,
1457 576 1491 606 in
1514 578 1534 609 i.

809 626 880 654 525.
898 628 968 655 768.
987 628 1078 655 1010.
1093 628 1185 656 1065.
1202 636 1242 656 ne
1256 626 1360 665 plures
1375 627 1457 658 locos
1470 639 1537 659 sus.

810 673 902 703 citem
910 686 920 711 ;
936 680 967 704 et
982 681 1013 705 te
1028 676 1147 706 habebo
1158 676 1368 708 emendationi
1381 688 1459 709 meae
1472 680 1537 709 suf-

809 724 992 766 fragantem.
1016 726 1186 763 Arnobius‚
1203 727 1254 758 lib.
1271 728 1302 758 ii.
1319 739 1348 767 p.
1366 732 1415 760 91.
1432 733 1453 748 “
1467 730 1536 760 Nu-

812 780 834 795 “
849 778 992 807 bentium
1018 778 1138 808 crinem
1160 779 1294 810 caelibari
1316 780 1403 811 hasta
1425 784 1536 812 mulce-

816 832 837 847 “
853 831 892 860 tis
901 829 941 861 ?'’
957 830 977 860 i.
990 841 1017 861 e.
1033 830 1168 861 molliter
1183 832 1318 862 tractatis
1333 838 1364 862 et
1377 832 1538 874 laevigatis,

815 882 924 913 Cicero
943 883 977 912 in
995 883 1130 922 Arateis,
1153 894 1213 915 ver.
1232 887 1303 914 122.

814 965 874 996 Ipse
884 967 978 989 autem
989 964 1078 990 labens
1089 965 1165 989 mutis
1175 972 1259 996 equus
1269 965 1313 990 ille
1325 969 1435 991 tenetur

812 1004 942 1028 Piscibus:
959 1003 1022 1030 huic
1034 1005 1129 1029 cervix
1140 1004 1238 1030 dextra
1249 1005 1372 1029 mulcetur
1382 1006 1505 1037 Aquarii:

813 1075 833 1105 i.
849 1085 874 1105 e.
896 1075 1003 1105 leviter
1018 1076 1221 1116 contingitur,
1238 1076 1286 1106 vel
1301 1077 1538 1118 praestringitur.

812 1128 913 1157 stlatis
939 1133 1046 1157 autem
1072 1133 1180 1166 sponte
1204 1137 1401 1166 reposueram
1430 1138 1467 1157 ex
1489 1128 1538 1157 in-

812 1178 920 1217 genio3
944 1177 997 1208 sed
1012 1188 1085 1208 mox
1110 1178 1173 1208 vidi
1198 1179 1352 1217 praeivisse
1383 1179 1539 1209 Grotium.

811 1229 908 1265 Libri,
924 1231 1028 1260 multis
1034 1243 1045 1264 ‚·
1071 1229 1140 1259 vide
1155 1239 1212 1259 nos
1227 1229 1266 1259 ad
1282 1230 1313 1260 ii.
1330 1233 1401 1261 927.
1446 1230 1539 1260 Idem

812 1280 1082 1320 eloquentissimus
1096 1280 1290 1319 mortalium,
1306 1281 1378 1311 ibid.
1390 1291 1450 1311 ver.
1469 1284 1539 1312 154.

812 1367 848 1391 At
856 1369 976 1398 propter,
986 1373 1014 1391 se
1021 1366 1118 1398 Aquila
1125 1366 1230 1391 ardenti
1237 1373 1301 1391 cum
1313 1373 1425 1398 corpore
1435 1371 1540 1399 portat,

812 1406 960 1438 Igniferum
971 1407 1081 1431 mulcens
1092 1407 1276 1432 tremebundis
1288 1406 1391 1431 aethera
1403 1408 1510 1438 pennis:

811 1481 832 1512 i.
848 1492 878 1512 e.
899 1482 1064 1521 impellens
1080 1488 1110 1513 et
1125 1483 1322 1520 concutiens3
1345 1483 1398 1514 cui
1419 1484 1542 1514 notioni

813 1544 872 1564 vox
901 1537 1104 1565 tremebundis
1132 1535 1344 1574 pulcherrime
1379 1536 1541 1565 consentit.

816 1585 867 1615 Sic
881 1591 987 1616 autem
1001 1586 1054 1616 ille
1080 1597 1223 1616 summus
1250 1587 1379 1617 Grotius
1401 1597 1457 1626 pro
1472 1587 1542 1617 vul-

814 1638 881 1677 gari
896 1641 1032 1678 mulgens
1053 1639 1286 1669 rescribendum
1308 1650 1373 1670 esse
1393 1639 1543 1680 sagaciter

816 1689 962 1719 odoratus
976 1696 1030 1721 est.
1074 1692 1198 1730 Illulgeo
1222 1697 1253 1720 et
1274 1693 1387 1722 mulceo
1409 1691 1543 1721 librariis

814 1740 967 1771 confundi
993 1741 1108 1778 solent3
1131 1748 1168 1772 ut
1193 1742 1233 1772 ad
1250 1742 1376 1782 Virgilii
1399 1744 1473 1772 AEn.
1497 1743 1540 1772 xi.

817 1795 890 1823 812.
907 1793 1043 1832 exempli
1057 1792 1172 1834 gratia:

1161 1866 1331 1897 caudamque
1341 1866 1489 1897 remulcem,

875 1907 990 1937 subjecit
1002 1907 1170 1938 pavitantem
1181 1910 1368 1931 utero—:

813 1970 867 1999 ubi
884 1983 918 2000 wo
937 1971 1104 2001 remulcens
1125 1975 1268 2000 accurate
1289 1970 1371 2000 valet
1385 1977 1463 2002 retro
1479 1983 1541 2001 mo-

813 2032 893 2057 vens,
916 2020 964 2051 vel
979 2020 1138 2051 reflectens
1144 2033 1153 2059 3
1179 2028 1211 2051 at
1224 2021 1296 2051 libri
1311 2021 1441 2062 quIdam
1457 2022 1542 2056 dant,

813 2074 990 2112 remulgens.
1035 2073 1137 2108 Fabri,
1160 2072 1245 2102 instt.
1277 2078 1352 2103 orat.
1378 2072 1420 2103 ix,
1446 2076 1475 2103 5,
1512 2084 1542 2113 p.

816 2127 906 2155 1054.
945 2138 979 2156 το
1004 2132 1098 2165 caput
1120 2127 1258 2161 mulcere,
1291 2131 1379 2156 sonat
1402 2128 1425 2144 “
1454 2126 1544 2156 molli

815 2178 837 2193 “
853 2186 951 2205 manu
966 2175 1162 2214 perfricare.'’
1207 2177 1322 2215 Docte,
1346 2183 1377 2207 et
1400 2187 1542 2217 percom-

815 2227 908 2258 mode
933 2228 1030 2263 nobis,
1052 2228 1205 2268 glossator
1230 2234 1332 2259 vetus:
1369 2233 1392 2247 “
1409 2230 1544 2268 Mula-ev,

817 2282 839 2297 “
858 2281 1121 2310 ΚΑΤΑΨΗΧΩ.“’
1182 2279 1303 2310 Similia
1337 2280 1476 2320 suspicor
1505 2281 1544 2310 de

816 2339 890 2359 voce
905 2330 1022 2370 Βελγω,
1046 2330 1101 2360 sed
1114 2331 1248 2362 rationes
1263 2341 1348 2361 meas
1363 2331 1437 2361 satis
1450 2331 1490 2361 ad
1504 2331 1543 2361 li·
1579 2339 1582 2341 ’

816 2380 948 2421 quidum
965 2380 1132 2419 perducere
1147 2381 1289 2412 nondum
1304 2382 1397 2422 quivi.
1443 2383 1544 2412 Aures

816 2432 931 2470 passim
956 2432 1103 2463 dicuntur
1127 2433 1211 2464 sonis
1239 2433 1383 2463 dulcibus
1404 2434 1545 2472 mulceri,

818 2483 858 2512 ob
873 2483 1030 2514 molliores
1050 2487 1160 2524 pulsus
1176 2484 1254 2514 a'e‘ris
1269 2483 1343 2514 inde
1357 2484 1466 2524 organi
1481 2483 1546 2514 isti-

813 2545 852 2565 us
866 2535 1056 2566 membranis
1071 2535 1256 2572 accidentes,
1282 2541 1312 2565 et
1327 2535 1484 2574 voluptate
1502 2535 1540 2565 ti-

812 2585 957 2616 tillantes.
1002 2586 1043 2616 In
1060 2587 1209 2618 Enniano
1223 2597 1324 2622 versu,
1348 2596 1442 2627 quem
1459 2586 1545 2617 Pris-

818 2637 927 2667 cianus
951 2638 1081 2677 posteris
1105 2638 1308 2676 couservavit,
1338 2637 1372 2669 in
1386 2638 1439 2669 lib.
1460 2639 1501 2670 ix.
1517 2651 1546 2680 p.

818 2691 889 2720 870.

864 2756 990 2782 Mulserat
1014 2757 1068 2782 huc
1094 2764 1204 2788 navem,
1230 2759 1386 2791 conpulsam
1411 2759 1546 2790 fluctibus,

975 2800 1088 2828 pontus:

821 2859 1023 2900 disquisitum
1038 2860 1143 2900 velim,
1165 2871 1205 2892 an
1219 2863 1444 2903 grammaticus
1458 2863 1548 2894 falla-

821 2918 884 2951 tur,
905 2911 948 2943 ad
963 2912 1099 2945 formam
1122 2916 1240 2955 mulgeo
1255 2914 1399 2946 referens.
1459 2916 1552 2946 Forte
