1912 3292
849 173 909 221 T.
956 172 1335 222 LUCRETII

477 306 588 347 Ae'ra
607 304 829 347 mulcentes
848 312 978 347 motu:
1011 320 1107 347 nam
1128 319 1236 362 saepe
1255 306 1469 363 gigantum

363 383 442 420 140
474 379 562 421 Ora
580 379 716 421 volare
734 380 940 431 videntur,
970 390 1010 423 et
1031 381 1219 423 umbram
1239 381 1388 423 ducere
1407 380 1500 422 late:

333 542 431 574 aeque,
447 543 518 564 meo
529 533 638 564 saltem
649 533 779 575 judicio,
794 536 887 566 bene:
907 535 946 566 ad
960 546 1054 576 quem
1096 536 1178 566 hanc
1188 545 1296 566 vocem
1312 544 1369 575 pro
1383 535 1589 576 cujuscemodi
1602 534 1826 567 restituendam

331 583 447 622 locum,
470 590 595 615 auctore
619 585 849 625 Havercampo,
872 592 1055 626 repetuntur

331 634 366 664 in
381 635 418 665 L.
438 635 487 666 M.

376 693 456 724 Ibid.
477 696 644 734 liquentia:
671 694 691 725 i.
714 705 742 724 e.
768 698 790 713 “
807 695 840 724 iu
855 695 926 726 akira
941 705 1057 735 purum

334 747 356 763 “
374 745 595 781 evanescentia,
619 750 649 775 et
671 755 703 775 se
718 745 757 775 de
771 755 852 776 novo
866 747 1057 777 concinnan-

333 799 356 815 “
372 796 447 826 tia.’¹
490 796 645 836 Virgilius
670 798 831 828 notionem
853 798 992 829 Lucretii
1014 799 1057 829 sic

334 853 441 877 ornate
457 847 606 884 dilatavit,
629 848 670 879 ad
683 849 760 881 AEn.
776 849 796 880 i.
810 853 882 882 387.

363 927 417 952 vix
427 934 458 953 ea
468 927 540 953 fatus
550 932 618 959 erat,
634 936 731 961 quum,
739 930 913 962 circumfusa,
928 935 1039 964 repente

364 967 465 993 scindit
475 976 500 992 se
511 968 599 1000 nubes,
615 973 643 995 et
654 968 680 994 in
691 970 785 995 ethera
798 974 893 1004 purgat
900 975 1026 1004 apertum.

376 1045 449 1078 Ver.
467 1050 536 1079 138.
560 1048 678 1080 Utrum
692 1050 744 1081 h‘ic
757 1061 862 1082 versus
883 1051 995 1083 melius
1008 1052 1057 1083 in-

332 1102 379 1127 tra
407 1100 605 1137 parenthesin
634 1101 773 1132 inclusus
800 1102 921 1141 fuisset,
950 1113 1057 1141 necne,

333 1157 397 1179 non
413 1150 559 1192 equidem
573 1158 690 1184 temere
704 1153 836 1184 dixerim
842 1166 853 1192 ;
878 1165 936 1186 nec
951 1155 1059 1196 magni

333 1200 471 1238 profecto
485 1202 607 1234 videtur
619 1204 776 1250 interesse.

377 1254 457 1287 Ibid.
479 1260 661 1299 quoiusque:
681 1259 717 1290 P.
735 1265 769 1292 Σ.
785 1261 922 1302 cujusce,·
941 1267 984 1292 Π.
1000 1263 1057 1292 hu-

321 1305 552 1345 jusce—oras.-
577 1310 620 1340 ita
645 1310 681 1341 P.
707 1310 744 1342 L.
769 1311 808 1343 O.
826 1317 860 1343 Δ.
878 1319 921 1343 11.
942 1311 995 1343 sed
1012 1312 1060 1343 M.

332 1359 438 1394 horem
478 1360 562 1391 facili
591 1367 622 1392 et
652 1362 772 1394 solenni
810 1364 1052 1404 permutatione:

331 1408 401 1439 vide
425 1410 730 1452 Drakenborchium,
753 1415 793 1445 ad
815 1415 882 1446 Liv.
904 1425 932 1447 v.
955 1418 1006 1447 37.
1029 1419 1058 1446 2.

333 1465 368 1491 Σ.
383 1468 501 1501 autem,
523 1471 617 1503 prout
631 1466 771 1506 evulgari
787 1467 874 1505 solet,
891 1479 943 1498 ora
951 1482 962 1503 ;
989 1477 1059 1506 per-

331 1521 447 1550 peram.
482 1515 550 1546 0roe
565 1523 638 1547 sunt
653 1518 761 1558 utique
778 1522 800 1557 ἦ(
810 1529 915 1549 rerum
930 1524 1058 1549 externa

331 1566 355 1582 “
367 1563 593 1606 lineamenta,''
623 1569 670 1599 vel
697 1571 916 1609 extremitates,
946 1571 1059 1611 quibus

332 1624 440 1646 earum
455 1617 564 1648 formae
579 1619 827 1651 determinantur
846 1627 877 1651 et
891 1631 1058 1660 repraesen—

331 1673 450 1699 tantur:
470 1681 547 1710 quas
555 1675 697 1703 extimam
708 1675 973 1705 circumcaesuram
988 1685 1059 1705 nos-

333 1724 380 1749 ter
394 1719 468 1751 alibi
485 1724 685 1763 nuncupavit.
730 1725 819 1755 Dicit
841 1736 914 1766 ergo
941 1733 1058 1766 noster,

333 1772 356 1789 “
371 1771 505 1802 nubium
520 1773 636 1804 formas
657 1785 783 1806 orarum
806 1786 934 1806 suarum
956 1783 1059 1808 muta-

334 1824 356 1839 “
373 1822 510 1854 tionibus
530 1825 744 1857 indesinenter
765 1828 799 1858 in
816 1828 960 1859 omnium
976 1829 1057 1871 figu-

334 1875 357 1890 “
373 1883 479 1905 rarum
494 1876 674 1908 varietatem
696 1879 865 1920 remigrare
875 1880 906 1910 :'’
931 1890 994 1921 quo
1009 1881 1056 1911 ni-

334 1923 379 1954 hil
394 1926 507 1966 aptius,
529 1933 561 1958 et
574 1929 748 1968 perfectius.

378 1975 459 2009 Ibid.
493 1982 658 2021 quoiusque
687 1984 778 2012 modi.
824 1981 951 2013 Phrasis
979 1983 1060 2014 redit

333 2026 431 2063 nobis,
459 2028 499 2059 ad
514 2031 553 2061 vi.
577 2034 649 2063 770.
694 2032 805 2073 Dictys
829 2033 996 2070 Cretensis,
1019 2034 1059 2065 de

334 2077 405 2108 bell.
428 2078 513 2120 Troj.
532 2081 570 2111 iv.
587 2085 639 2112 20.
675 2085 698 2101 ‘⁴
716 2083 860 2122 Interim,
888 2084 980 2116 multi
1005 2095 1058 2115 eo-

336 2132 358 2148 “
374 2139 457 2170 rum,
474 2134 527 2174 qui
542 2135 636 2174 primi
651 2143 821 2176 evaserant,
846 2148 939 2177 supcr
952 2148 1060 2169 muros

333 2182 356 2199 “
371 2181 433 2220 siti,
443 2184 570 2216 collecta
581 2187 722 2228 undique
731 2190 876 2230 cujusque
887 2191 971 2220 modi
976 2199 1059 2228 saxa,

332 2233 355 2250 “
370 2242 463 2272 super
472 2235 616 2276 clypeum
630 2239 735 2279 Ajacis
746 2240 951 2280 dejicere—3¹
969 2240 1058 2280 Apu-

334 2281 421 2320 leius,
444 2293 516 2318 met.
532 2289 564 2320 ii.
580 2300 608 2329 p.
629 2294 699 2322 155.
724 2295 746 2310 ‘⁴
762 2291 826 2322 Vix
854 2292 983 2323 effatum
1009 2303 1061 2323 me

338 2336 361 2351 ‘⁴
376 2336 480 2367 statim
509 2339 690 2380 familiares,
720 2353 813 2374 omen
836 2344 991 2374 nefarium
1007 2353 1059 2374 ex-

336 2387 358 2402 “
375 2389 496 2427 secrati,
512 2392 607 2430 raptis
621 2394 766 2434 cujusque
781 2397 864 2425 modi
878 2395 956 2431 telis,
979 2396 1060 2425 inse-

334 2437 357 2454 “
373 2442 543 2478 quuntur.”
582 2443 704 2475 Rursus
718 2445 802 2476 idem
818 2446 938 2486 DictyS,
959 2446 990 2476 ii.
1010 2449 1058 2477 18.

335 2490 358 2506 “
375 2490 501 2523 Aurum
528 2495 623 2526 etiam
654 2496 776 2538 aliaque
805 2499 950 2539 cujusque
977 2500 1062 2529 morli

334 2541 358 2557 “
372 2540 464 2579 dona,
487 2545 526 2576 ad
542 2547 752 2579 conciliandos
773 2549 911 2580 hostium
926 2549 1058 2588 animos,

334 2594 357 2611 “
373 2595 494 2628 affatim
507 2601 754 2639 praebebantur.”
777 2603 831 2634 Ad
845 2613 940 2644 quem
954 2603 1060 2633 locum

335 2647 469 2680 Merceri
485 2657 558 2682 nota
581 2653 769 2694 perlegenda
783 2660 838 2690 est,
868 2653 1060 2684 locutionem

334 2701 483 2740 exemplis
498 2713 515 2733 e
527 2709 643 2743 nostro,
672 2705 830 2741 Cicerone,
845 2715 881 2736 ac
902 2705 1059 2744 Sallustio,

334 2752 464 2790 collatis,
485 2756 575 2787 docte
590 2757 781 2790 illustrantis.
825 2758 942 2789 Videas
965 2758 1060 2788 etiam

335 2804 514 2844 Davisium,
529 2808 569 2838 ad
586 2809 670 2841 Hirt.
686 2811 757 2842 bell.
774 2811 827 2841 Af.
844 2811 907 2841 xix.
925 2812 954 2842 5.
982 2810 1058 2840 Cor-

334 2856 427 2896 tium,
444 2857 484 2887 ad
501 2858 622 2890 Sallust.
642 2861 734 2893 Catil.
748 2861 791 2891 lii.
809 2865 836 2892 2.
854 2871 910 2892 nec
926 2860 1058 2897 dubites,

1098 598 1162 618 esse
1177 590 1338 628 quinquies
1355 586 1512 626 Apuleio;
1534 597 1609 618 nam
1637 586 1825 618 Oudendor-

1099 639 1180 678 pius,
1210 638 1250 669 ad
1275 644 1347 668 met.
1373 639 1437 669 viii.
1464 649 1493 677 p.
1521 641 1592 670 554.
1616 649 1680 669 non
1705 639 1827 670 videtur

1100 698 1167 719 rem
1195 689 1276 720 clare
1304 695 1494 729 perspectam
1524 689 1681 720 habuisse:
1724 699 1828 731 neque

1101 740 1189 770 aliter
1218 745 1320 770 statuo
1347 740 1386 771 de
1411 740 1486 771 locis
1511 741 1658 771 omnibus
1677 746 1826 779 veterum,

1100 791 1133 821 in
1163 791 1275 832 quibus
1303 801 1364 821 vox
1392 791 1446 822 illa
1478 791 1601 832 legitur.
1648 792 1829 834 Subjungas

1101 842 1311 872 Ammiauum
1338 842 1573 881 Marcellinum,
1608 843 1701 874 xxvii.
1735 847 1828 875 10.—

1104 896 1125 911 “
1141 893 1353 934 impraepedite
1372 895 1516 936 cujusque
1530 897 1614 926 modi
1631 895 1766 926 fortunae
1781 896 1827 926 vi-

1104 948 1125 963 “
1141 944 1198 975 rile
1212 951 1243 975 et
1256 945 1408 976 muliebre
1423 946 1587 977 secus——.'‘
1605 946 1694 978 Inter
1707 947 1828 978 similes

1101 996 1253 1028 librorum
1276 997 1498 1029 fluctuantium
1518 999 1694 1038 varietates,
1721 1000 1831 1041 hujus-

1100 1052 1226 1088 cemodi,
1242 1051 1456 1091 cujuscemodi,
1474 1052 1653 1092 cujusmodi,
1667 1053 1828 1093 qjusrnodi,

1100 1107 1182 1131 recte
1196 1100 1350 1132 dederunt
1363 1102 1590 1144 cujusquemodi
1604 1101 1736 1133 editores
1755 1102 1829 1134 doc-

1102 1151 1213 1182 tissimi
1232 1152 1272 1183 ad
1291 1152 1434 1192 Florum,
1460 1152 1505 1184 iii.
1529 1157 1557 1183 4.
1585 1156 1613 1184 2.
1640 1153 1695 1195 qui
1714 1152 1829 1185 debent

1102 1204 1223 1235 consuli
1237 1205 1278 1236 ad
1293 1205 1407 1236 locum.

1146 1256 1226 1288 Ibid.
1256 1264 1380 1296 vortere,
1403 1263 1525 1297 neutre,
1547 1256 1638 1299 quasi
1659 1259 1754 1295 vom‘,·
1787 1257 1830 1289 ad

1102 1318 1223 1339 morem
1247 1315 1352 1340 nostro
1374 1319 1523 1350 perquam
1545 1308 1747 1340 familiarem:
1773 1309 1828 1340 sed

1103 1361 1137 1390 in
1152 1361 1212 1390 hoc
1225 1362 1323 1391 verbo·
1332 1360 1424 1391 multi
1438 1360 1491 1390 alii
1507 1359 1657 1391 similiter.
1697 1359 1829 1401 Virgili-

1102 1423 1148 1448 us,
1170 1421 1237 1453 geo.
1251 1412 1295 1443 iii.
1309 1414 1382 1444 565.

1133 1491 1164 1515 Et
1175 1494 1243 1516 totae
1255 1491 1367 1516 solidam
1379 1492 1405 1516 in
1417 1491 1531 1524 glaciem
1544 1494 1646 1516 vertere
1657 1491 1773 1516 lacunae.

1101 1560 1184 1591 Vide
1199 1571 1267 1599 nos,
1291 1561 1330 1591 ad
1345 1571 1372 1591 v.
1388 1565 1459 1592 616.
1472 1567 1504 1591 et
1519 1561 1826 1598 Drakenborchium,

1102 1611 1142 1641 ad
1167 1611 1234 1642 Liv.
1258 1612 1300 1642 iii.
1325 1615 1376 1643 36.
1408 1616 1436 1643 7.
1466 1621 1540 1642 cum
1567 1611 1773 1650 Ruhnkcnio,
1795 1618 1827 1644 et

1102 1673 1180 1703 quos
1195 1663 1301 1693 laudat
1315 1663 1362 1693 vir
1376 1663 1429 1693 ille
1444 1663 1567 1694 summa
1590 1670 1620 1694 et
1634 1664 1826 1694 accuratissi-

1102 1713 1156 1743 ma
1171 1713 1321 1749 doctrina,
1348 1713 1388 1744 ad
1405 1714 1503 1745 Rutil.
1518 1715 1600 1754 Lup.
1617 1715 1648 1745 ii.
1668 1718 1694 1745 1.
1738 1715 1829 1746 Huic

1103 1769 1210 1795 autem
1224 1764 1271 1794 rei
1285 1774 1323 1794 eo
1338 1764 1486 1795 libentius
1499 1765 1618 1803 insisto,
1633 1775 1696 1806 quo
1710 1773 1828 1797 memet

1102 1815 1226 1856 plenius
1252 1825 1434 1856 coarguam,
1462 1816 1580 1857 magna
1605 1827 1680 1848 cum
1704 1817 1827 1848 inscitia

1103 1867 1143 1898 de
1157 1867 1206 1898 his
1215 1867 1291 1898 olim
1300 1868 1488 1909 garrientem
1498 1868 1539 1899 ad
1551 1868 1639 1910 Virg.
1655 1879 1723 1910 geo.
1734 1869 1766 1900 ii.
1775 1873 1826 1900 35.

1145 1920 1219 1950 Ver.
1239 1923 1306 1951 159.
1328 1926 1411 1951 motu
1426 1931 1516 1951 nam:
1542 1920 1578 1951 P.
1595 1920 1635 1951 Ο.
1651 1926 1686 1951 Δ.
1701 1932 1828 1961 magno-

1101 1983 1187 2008 rum5
1212 1971 1308 2001 Vind.
1331 1978 1443 2002 motum
1465 1974 1518 2008 2'715
1542 1977 1583 2002 Π.
1606 1978 1689 2003 mom
1711 1975 1763 2008 in;
1792 1978 1827 2004 Σ.

1102 2031 1183 2055 motu
1193 2035 1345 2065 persoepe:
1374 2035 1508 2066 quarum
1530 2025 1715 2056 varietatum
1739 2026 1827 2057 nulla

1101 2077 1332 2107 contemnenda
1345 2083 1406 2115 est;
1431 2077 1484 2107 sed
1499 2076 1620 2108 codices
1636 2077 1672 2108 L.
1686 2078 1735 2108 M.
1753 2086 1832 2111 sunt.

1102 2129 1240 2159 maxime
1254 2128 1416 2159 audiendi:
1449 2135 1495 2159 Ω.
1519 2128 1666 2170 denique,
1690 2136 1771 2161 motu
1785 2133 1828 2169 vi,

1101 2179 1142 2210 ad
1157 2190 1299 2210 normam
1317 2187 1356 2210 Π.
1369 2179 1448 2210 libri.

1146 2231 1227 2262 Ibid.
1250 2233 1334 2262 Ae‘ra
1359 2233 1522 2263 niulcemes
1546 2238 1638 2263 motu.
1682 2231 1757 2262 Non
1779 2232 1829 2263 in-

1102 2282 1269 2314 commoda
1282 2282 1404 2314 videtur
1426 2283 1647 2323 interpretatio,
1668 2293 1739 2324 quae
1755 2285 1828 2315 sub-

1103 2334 1254 2375 sequitur:
1283 2337 1305 2353 “
1323 2334 1418 2365 Motu
1442 2345 1510 2372 suo,
1544 2344 1599 2374 per
1625 2344 1719 2376 quem
1741 2344 1831 2376 mag-

1104 2388 1127 2404 “
1143 2395 1218 2415 nam
1256 2385 1429 2415 formarum
1465 2385 1644 2416 varietatem
1681 2385 1832 2424 induunt,

1105 2440 1128 2455 “
1143 2437 1216 2467 a'e’ra
1240 2436 1446 2467 exhilarantes
1472 2437 1574 2477 quasi,
1598 2442 1692 2477 atque
1713 2437 1830 2477 jucun-

1105 2492 1127 2508 “
1142 2489 1239 2520 ditate
1264 2489 1400 2530 quadam
1422 2489 1624 2520 afficientes.’'
1670 2489 1752 2521 Haec
1767 2489 1830 2520 ele-

1103 2546 1198 2580 gante
1219 2546 1251 2571 et
1277 2540 1419 2571 animoso
1435 2540 1526 2580 poeta
1538 2540 1681 2577 minime,
1707 2540 1830 2580 opinor,

1104 2595 1234 2636 indigna
1260 2595 1380 2626 dixeris.
1427 2596 1523 2626 Favet
1544 2595 1578 2626 in
1599 2593 1708 2634 primis
1736 2593 1830 2634 longe

1103 2647 1344 2687 exquisitissima
1370 2647 1504 2678 imitatio
1529 2645 1728 2683 Maroniann,
1753 2644 1828 2675 AEn.

1106 2698 1157 2730 vii.
1173 2702 1224 2730 34.

1328 2790 1425 2820 Varia,
1436 2789 1593 2820 circumque
1602 2793 1747 2819 supraque.

1133 2831 1259 2856 Adsuetae
1275 2829 1346 2861 ripis,
1357 2829 1490 2857 volucres,
1499 2831 1528 2853 et
1538 2826 1656 2851 fluminis
1664 2826 1752 2855 alveo,

1134 2869 1239 2894 AEthera
1249 2867 1390 2893 mulcebant
1399 2871 1490 2895 canem
1508 2867 1625 2898 lucoque
1635 2864 1770 2890 voiabant.
