1912 3292
345 234 440 276 246

845 225 905 272 T.
947 224 1326 274 LUCRETII

483 357 698 414 AEquoriS,
719 370 863 399 exesor
882 371 1106 399 moerorum
1126 357 1246 399 litora
1264 357 1437 399 circum:

481 433 572 475 Nec
591 432 716 474 variae
734 440 891 474 cessant
911 447 1028 474 voces
1047 432 1217 474 volitare
1236 447 1310 488 per
1330 447 1463 474 auras:

478 507 688 563 Denique,
709 507 753 548 in
773 522 818 548 os
838 507 928 548 salsi
948 508 1058 548 venit
1077 507 1227 549 humor
1246 522 1354 562 saepe
1373 506 1543 562 saporis,

480 581 622 630 Quom
642 596 755 623 mare
774 597 986 623 vorsamur
1005 590 1191 636 propter;
1223 581 1432 637 dilutaque
1452 588 1596 622 contra

363 659 446 696 225
479 654 620 704 Quom
640 656 794 696 tuimur
815 655 975 695 misceri
996 654 1212 704 absinthia,
1245 655 1375 711 tangit
1396 668 1569 695 amaror.

333 809 418 841 unde
433 809 517 839 unde
532 808 650 838 venerit
662 809 730 838 haec
757 808 922 847 scriptura3
946 808 999 838 sed
1021 819 1059 838 ex

331 860 490 892 codicibus
509 870 607 890 manu
622 859 757 890 exaratis
771 859 916 898 primitus
931 870 1059 890 emana-

331 911 409 942 visse
424 916 489 941 tam
505 910 696 951 singularem
718 910 898 941 varietatem
919 910 1056 941 dubitari

329 963 420 994 nullo
440 962 535 993 modo
557 968 670 1002 potest:
699 961 777 993 Pius
799 962 891 992 etiam
916 962 950 992 in
976 964 1058 994 notis

328 1020 438 1045 monet
451 1024 526 1050 esse,
542 1014 596 1054 qui
612 1013 718 1054 legant
732 1015 851 1052 abortu,
866 1019 979 1043 nostrae
994 1013 1056 1044 lec-

329 1065 408 1096 tioni
423 1075 519 1105 quam
534 1064 635 1095 affine.
681 1064 794 1105 Neque
815 1064 904 1095 aliter
918 1064 1057 1104 profecto

330 1116 434 1157 quibit
448 1122 527 1146 stare
543 1118 703 1157 vofluant,
720 1116 938 1146 universorum
953 1126 1056 1146 exem-

328 1168 480 1209 plarium;
503 1179 544 1199 ne
558 1168 661 1199 dicam
676 1169 841 1210 vulgatum
856 1171 971 1208 odores,
987 1175 1055 1199 tan-

328 1225 399 1250 tum
414 1221 508 1256 abest,
532 1225 568 1250 ut
583 1219 622 1249 sit
636 1219 707 1250 loco
721 1220 917 1256 conveniens,
932 1219 1059 1250 nullum

330 1281 469 1309 sensum,
491 1270 541 1301 vel
556 1270 750 1301 tolerabilem
772 1271 893 1309 saltem,
917 1271 1056 1303 reddere.

329 1323 474 1355 Facessat
488 1323 597 1363 igitur,
619 1322 705 1353 unde
727 1323 848 1353 malum
870 1323 981 1362 pedem
995 1323 1056 1354 du-

328 1374 408 1406 dum
423 1374 537 1406 intulit.
583 1374 722 1406 Accedat
737 1375 903 1416 Virgilius,
924 1375 999 1406 AEn.
1012 1375 1056 1407 iii.

329 1428 401 1456 442.

359 1504 412 1529 Hos
423 1509 484 1535 ego,
501 1503 661 1536 digrediens,
678 1503 802 1528 lacrumis
812 1503 921 1528 adfabar
931 1503 1019 1528 obortis
1029 1512 1038 1528 .-

327 1575 382 1606 ubi
398 1576 574 1615 praepositio
589 1578 622 1607 ob
639 1587 761 1616 semper
782 1577 906 1616 respicit
920 1577 968 1607 vel
979 1587 1054 1614 rem,

327 1626 377 1657 vel
392 1637 573 1666 personam;
596 1634 632 1658 ut
647 1628 686 1657 sit
709 1627 897 1658 “lacrumis
918 1629 953 1658 ob
975 1629 1056 1658 hanc

327 1687 395 1707 rem
410 1680 495 1715 ortis,
518 1677 566 1708 vel
582 1680 615 1708 ob
630 1679 687 1708 hos
700 1678 813 1708 ortis:'’
841 1679 860 1709 i.
877 1689 902 1708 e.
924 1681 984 1717 Ιιίε,
1007 1679 1055 1709 vel

326 1729 380 1763 rei,
404 1729 501 1758 oborto
519 1727 602 1758 fletu.
648 1729 759 1768 Neque
781 1728 871 1758 aliter
893 1729 927 1758 in
953 1730 1056 1760 omni-

326 1779 385 1809 bus
399 1777 543 1808 similiter
557 1779 746 1818 compositis.
778 1780 858 1820 Agit
874 1780 1002 1821 quidem
1017 1781 1056 1812 de

328 1832 387 1861 hac
402 1831 537 1862 dictione
553 1832 663 1862 Festus
669 1844 679 1869 ;
702 1831 756 1862 sed
770 1842 807 1862 ex
823 1832 893 1862 mea
908 1833 1057 1873 opinione

328 1883 435 1913 minus
451 1888 605 1914 accurate:
632 1883 673 1914 ad
695 1894 790 1924 quem
813 1884 943 1923 proinde
963 1884 1059 1915 lector

328 1934 521 1975 delegandus
536 1940 591 1965 est.
639 1934 704 1971 Qui
727 1945 798 1965 vero
820 1935 992 1966 dictionem
1008 1937 1057 1967 in-

328 1985 482 2016 solentem
496 1986 678 2016 insimulare
694 1986 775 2022 velit,
791 1987 837 2017 illi
853 1998 917 2017 non
932 1987 1058 2028 longius

329 2037 569 2078 regrediendum
596 2043 651 2073 est,
677 2047 772 2078 quam
787 2037 827 2068 ad
841 2049 904 2069 ver.
923 2043 994 2070 206.
1021 2046 1059 2070 ut

330 2090 411 2119 hanc
425 2088 655 2120 cavillationem
665 2089 865 2121 dedoceatur:
884 2101 959 2121 nam
970 2102 1058 2132 seges

331 2141 435 2180 ampla
461 2141 662 2172 desuetorum
687 2142 909 2173 vocabulorum
930 2153 968 2173 ex
990 2143 1056 2174 Lu·

330 2193 417 2224 cretii
431 2193 556 2233 praediis
570 2193 756 2225 demetenda
771 2201 825 2225 est.

372 2245 447 2276 Ver.
463 2249 535 2276 220.
551 2246 607 2276 ab:
628 2246 672 2276 sic
687 2245 784 2277 Vind.
800 2246 837 2277 L.
853 2246 901 2277 M.
919 2246 958 2278 Ο.
970 2252 1005 2278 Δ.
1022 2253 1056 2279 Σ.

333 2302 380 2327 Ω.
397 2306 470 2326 cum
486 2296 601 2333 Nonio,
617 2297 656 2328 iv.
669 2300 721 2328 40.
738 2297 844 2338 vulgo,
860 2298 999 2329 a.—Pro
1015 2305 1057 2336 ut,

331 2347 370 2378 B.
387 2347 435 2377 M.
449 2353 487 2378 et.

373 2398 455 2429 Ibid.
478 2401 591 2439 Frigus
607 2401 763 2441 afluviis:
788 2400 841 2430 cui
863 2400 907 2431 rei
923 2400 1060 2441 locuples

331 2450 416 2480 testis
430 2449 573 2481 adveniet
589 2451 777 2490 Maeonides,
802 2451 862 2482 Od.
880 2457 912 2482 E.
929 2455 1000 2484 469.

329 2529 424 2555 AYPH
439 2529 461 2555 δ’
474 2539 501 2556 εκ
515 2530 699 2556 ΠΟΤΑΜΟΥ
712 2531 839 2556 ’ΨΥΧΡΗ
861 2539 921 2556 mm
935 2530 989 2560 ηωθι
1005 2541 1058 2567 προ.

331 2597 429 2629 Plura
445 2597 548 2629 videas
565 2598 751 2635 consimilia,
773 2598 814 2630 ad
827 2599 859 2630 ii.
875 2602 947 2632 590.

373 2649 453 2681 Ibid.
475 2652 559 2681 calor
570 2652 677 2693 fluat.-
702 2650 810 2682 redeas
835 2651 876 2682 ad
900 2662 961 2683 ver.
985 2656 1057 2684 202.

331 2699 480 2732 Lucanus
493 2712 567 2733 cum
582 2703 695 2744 aequali
710 2708 883 2742 venustate,
906 2703 928 2735 i.
944 2707 1019 2736 656.

555 2781 615 2804 toto
617 2779 730 2810 fluerent
740 2779 856 2805 incendia
865 2780 978 2805 mundo.

374 2859 455 2891 Ibid.
476 2867 583 2894 aestus:
609 2863 642 2893 id
665 2864 807 2894 humoris
830 2863 950 2903 utique,
972 2863 1057 2904 quod

330 2910 491 2952 effmoescit
505 2922 545 2944 ex
558 2912 678 2955 impetu
701 2919 732 2945 et
756 2914 973 2956 inquietudine
988 2924 1054 2945 ma-

1103 809 1152 839 ris.
1197 809 1265 840 Nos
1290 819 1436 839 vocamus
1460 811 1508 840 tlte
1531 820 1643 850 spray:
1672 808 1742 840 vide
1766 819 1827 840 ver.

1103 864 1173 891 2525.

1144 913 1218 943 Ver.
1235 915 1308 943 221.
1335 914 1502 952 AEquoris:
1521 913 1563 943 V.
1579 912 1625 943 ed.
1644 915 1828 954 AEquorum.

1099 974 1323 994 -rnoerm-um:
1349 963 1445 993 Vind.
1470 963 1509 993 V.
1533 963 1580 993 ed.
1606 970 1645 994 Π.
1673 975 1803 994 meorum
1811 977 1823 999 ,-

1100 1014 1137 1044 L.
1155 1014 1201 1043 M.
1225 1024 1409 1050 meororum;
1439 1013 1478 1043 O.
1503 1018 1538 1043 Δ.
1564 1020 1611 1044 Ω..
1634 1025 1828 1051 maurorum,-

1101 1065 1138 1096 B.
1153 1066 1344 1099 incororum5
1366 1069 1400 1095 Σ.
1415 1074 1631 1094 nomem-orum.
1660 1064 1742 1094 Tam
1757 1075 1828 1104 pro-

1100 1116 1178 1147 clive
1193 1121 1249 1154 est,
1272 1121 1304 1146 et
1318 1115 1497 1156 ingenitum
1524 1115 1767 1156 quodammodo,
1788 1116 1828 1146 li-

1100 1168 1209 1199 brariis
1223 1167 1423 1206 scriptoribus
1444 1166 1477 1197 in
1500 1167 1669 1206 specimine
1691 1166 1832 1208 quolibet

1101 1218 1329 1260 orthographiae
1359 1218 1536 1249 vetustioris
1561 1218 1753 1258 turpissimas
1773 1218 1830 1248 de-

1101 1271 1294 1311 pravationes
1324 1269 1502 1300 auctoribus
1535 1269 1670 1300 illinere!
1711 1269 1832 1300 Confer

1101 1329 1252 1359 nostrum,
1275 1322 1317 1353 vi.
1339 1325 1410 1354 926.
1426 1321 1479 1362 qui
1495 1321 1609 1361 pariter
1625 1332 1756 1352 moenera
1772 1331 1829 1360 po-

1100 1375 1162 1406 suit
1186 1385 1242 1414 pro
1264 1385 1406 1412 munera,
1429 1373 1468 1404 ad
1494 1373 1513 1403 i.
1543 1377 1593 1404 30.
1625 1379 1661 1404 ut
1683 1372 1831 1412 Plautus,

1101 1426 1214 1457 Bacch.
1231 1425 1269 1455 iv.
1287 1429 1314 1457 9.
1332 1429 1360 1455 2.
1382 1426 1551 1462 moem'tum,
1575 1434 1631 1463 pro
1653 1425 1805 1455 munitum
1818 1438 1829 1454 .-

1099 1476 1168 1507 vide
1185 1477 1392 1511 Priscianum,
1415 1475 1466 1505 lib.
1482 1474 1502 1505 i.
1518 1485 1546 1513 p.
1565 1478 1636 1505 565.
1675 1474 1828 1505 Nostrum

1100 1528 1254 1570 Virgilius
1269 1533 1394 1558 secutus
1409 1532 1466 1564 est,
1489 1526 1528 1556 ad
1542 1527 1618 1556 AEn.
1636 1526 1676 1557 xi.
1691 1529 1763 1556 382.
1778 1526 1827 1556 di-

1098 1579 1210 1617 cendo,
1234 1582 1255 1597 “
1276 1578 1383 1619 Agger
1407 1577 1610 1608 moerorum:”
1634 1577 1688 1607 ubi
1711 1576 1826 1617 magna

1099 1631 1168 1662 luce
1183 1641 1249 1661 rem
1265 1630 1401 1670 perfudit
1421 1630 1547 1660 Heinsii
1564 1629 1716 1665 doctrina,
1738 1629 1830 1659 nobis

1100 1683 1200 1713 otium
1222 1682 1374 1721 paranti53
1396 1691 1469 1712 cum
1497 1681 1612 1718 Servio,
1635 1681 1675 1711 ad
1700 1682 1773 1712 AEn.
1797 1691 1827 1712 x.

1100 1739 1149 1766 24.
1189 1736 1358 1773 Caeterum,
1381 1735 1414 1764 in
1429 1735 1554 1765 vetustis
1578 1734 1829 1774 inscriptionibus

1099 1797 1179 1826 saepe
1198 1786 1376 1816 invenimus
1390 1787 1537 1825 scriplum
1553 1792 1753 1824 coeraverunt,
1773 1795 1831 1825 pro

1101 1837 1220 1878 vulgari
1236 1843 1427 1868 curaverunt.

1144 1889 1219 1919 Ver.
1235 1892 1308 1918 5229.
1330 1899 1411 1919 voces
1425 1889 1567 1918 volitant:
1592 1887 1708 1918 scilicet
1717 1888 1830 1928 pennis

1101 1939 1179 1969 a'eris
1195 1939 1333 1969 sublatae.
1363 1938 1523 1969 Audacter
1538 1937 1658 1975 Florus,
1674 1938 1712 1968 iv.
1729 1942 1757 1968 2.
1772 1941 1826 1969 82.

1101 1991 1182 2020 intra
1203 2000 1290 2029 spem
1305 1989 1405 2020 veniae
1420 1996 1541 2019 tamen:
1579 1993 1602 2008 “
1619 1989 1669 2020 Ibi
1684 1999 1829 2028 prensare

1101 2045 1125 2060 “
1140 2041 1304 2082 fugientes,
1327 2041 1524 2078 confirmare;
1554 2051 1609 2080 per
1622 2046 1723 2071 totum
1739 2040 1828 2071 deni-

1100 2096 1123 2111 “
1138 2103 1199 2133 que
1215 2102 1330 2133 agmen
1345 2094 1451 2129 oculis,
1471 2093 1623 2128 manibus,
1639 2101 1828 2131 ειΛΜοκε,

1101 2149 1123 2164 “
1138 2145 1297 2177 volitare.’'

1146 2196 1226 2227 Ibid.
1248 2206 1351 2227 auras.
1381 2195 1551 2225 Turnebus
1565 2194 1628 2235 legi
1643 2193 1755 2225 maluit
1770 2206 1827 2226 au-

1100 2249 1182 2279 reis!
1214 2257 1310 2288 quam
1338 2246 1512 2284 infeliciter,
1536 2245 1608 2276 licet
1630 2246 1663 2276 in
1688 2245 1830 2276 confesso

1100 2300 1140 2330 sit
1154 2300 1210 2330 has
1224 2309 1313 2329 voces
1338 2298 1507 2338 saepissime
1521 2302 1729 2328 commutatas
1743 2297 1830 2328 inve-

1103 2351 1163 2381 niri
1178 2351 1294 2382 scribis.
1343 2350 1484 2381 Similem
1500 2349 1725 2380 aberrationem
1740 2349 1830 2390 inge-

1103 2403 1157 2433 nio
1183 2402 1447 2444 deprehenderam
1475 2402 1507 2432 in
1537 2401 1624 2438 Silio,
1652 2401 1735 2432 Pun.
1761 2400 1830 2431 xiii.

1103 2458 1174 2486 285.

1133 2539 1195 2563 vox
1205 2536 1313 2562 occulta
1324 2536 1406 2566 subit,
1424 2535 1520 2567 passim
1534 2535 1627 2560 diffusa
1638 2534 1783 2567 perauras.
1822 2540 1826 2542 ’

1101 2608 1209 2649 Vulgo
1224 2608 1351 2648 legitur,
1374 2618 1479 2644 aures,-
1503 2606 1557 2637 sed
1571 2605 1726 2646 adjunctae
1741 2613 1832 2635 voces

1094 2661 1211 2699 passim
1228 2658 1340 2699 ‹ltffusa
1359 2664 1495 2688 nostram
1508 2657 1719 2696 conjecturam
1733 2654 1827 2686 unice
1866 2693 1877 2702 ·

1099 2720 1203 2741 veram
1216 2720 1280 2740 esse
1291 2715 1479 2740 monstrant:
1495 2714 1526 2738 et
1536 2705 1720 2738 Heinsiunis
1730 2706 1827 2737 etiam

1101 2760 1220 2800 scriptis
1234 2763 1402 2791 roboratur.
1426 2759 1509 2790 Vide
1521 2757 1826 2789 Drakenborchium.

1143 2812 1215 2842 Ver.
1241 2815 1313 2841 225.
1338 2822 1386 2841 os:
1421 2811 1467 2840 Μ.
1493 2820 1562 2846 nos,·
1597 2807 1734 2843 attracta,
1756 2818 1829 2849 quae

1098 2861 1262 2902 praecessit,
1279 2861 1492 2892 litera—salsi
1500 2874 1509 2890 .·
1536 2860 1573 2891 Β.
1603 2860 1642 2890 Ο.
1659 2859 1759 2900 fizlsz}
1783 2859 1826 2889 V.

1100 2913 1148 2945 ed.
1162 2924 1176 2944 s
1180 2912 1263 2954 falsi
1269 2927 1280 2948 ,-
1307 2911 1420 2943 codicis
1435 2911 1628 2952 scripturam,
1644 2917 1679 2942 ut
1690 2910 1827 2948 videtur,
