1912 3292
502 239 735 287 LIBER
786 243 1168 298 QUARTUS.

1486 265 1578 306 245

230 365 325 414 Qua
346 381 390 407 re
408 366 530 407 etiam
550 375 672 422 atque
691 369 813 409 etiam
833 371 936 413 mira
958 373 1108 418 fateare
1127 393 1289 422 necesse
1303 391 1363 424 est

229 439 429 494 Corpora,
451 454 544 494 quae
563 440 711 483 feriant
730 444 884 495 ocu]os‚·
906 447 1117 504 visumque
1136 452 1346 506 lacessant,

226 511 511 569 Perpetuoque
530 514 660 556 fluant
679 517 798 559 certis
818 519 870 560 ab
889 521 1010 563 rebus
1030 523 1179 567 obortu
1185 545 1199 576 3

110 586 194 623 220
225 583 371 642 Frigus
390 594 436 627 ut
456 603 481 628 a
499 587 645 641 fluviis,
669 591 779 633 calor
799 593 851 635 ab
871 595 968 647 sole,
991 606 1113 640 aestus
1133 600 1186 641 ab
1205 602 1328 644 undis

76 736 154 767 Pari
178 737 281 777 lepore
310 739 435 779 Statius,
461 741 526 773 silv.
550 744 570 774 i.
585 748 613 776 5.
631 749 680 778 19.
704 758 800 789 quem

74 789 238 821 infeliciter
252 791 461 824 Marklandus
475 795 666 830 immutavit:

391 873 502 892 nemora
513 869 567 894 alta
578 870 666 896 citatis

103 903 253 930 Incubuere
263 905 352 930 vadis:
370 906 456 932 fallax
465 913 592 941 responsat
602 911 684 943 imago

102 943 250 975 frondibus,
265 948 293 970 et
303 945 396 979 longas
407 948 501 974 eadem
512 949 586 982 sugit
597 952 686 977 umbra
693 956 740 985 per
750 960 797 979 un-

194 983 251 1009 das.

71 1048 196 1085 Quibus
210 1051 289 1082 nihil
303 1053 376 1083 novi
391 1053 509 1085 lautius
523 1056 605 1087 inter
627 1057 797 1099 elegantias

68 1100 259 1133 ferculorum
278 1105 481 1144 poeticorum.
527 1108 598 1138 Has
620 1117 794 1142 venustates

67 1153 164 1192 aequis
173 1154 313 1193 passibus
324 1158 520 1198 subsequitur
532 1160 704 1200 Ausonius,
718 1163 792 1193 Mo-

66 1202 130 1233 sell.
150 1207 219 1236 189.

476 1283 585 1314 glaucus
595 1291 680 1316 opaco

96 1316 234 1347 Respondet
242 1318 298 1342 colli
305 1318 426 1348 stuvius:
444 1321 571 1347 frondere
582 1324 708 1348 videntur

95 1355 226 1381 fluminei
234 1357 336 1389 latices,
346 1362 374 1383 et
384 1360 496 1390 palmite
503 1362 620 1387 consitus
630 1364 724 1388 amnis.

104 1417 179 1449 Ver.
195 1422 266 1451 216.
289 1422 339 1451 in:
366 1422 408 1452 sic
424 1432 534 1454 omnes
548 1424 634 1463 libri;
652 1426 706 1457 sed
720 1427 786 1458 edi-

60 1474 152 1508 tores,
167 1472 227 1501 ad:
252 1471 521 1511 impudentissime
546 1476 784 1516 quidem.—ad-

59 1524 152 1552 cidit:
177 1522 220 1553 sic
235 1523 272 1554 P.
289 1524 328 1555 V.
341 1525 388 1556 ed.
406 1531 441 1556 A.
458 1533 499 1558 Π.
515 1532 550 1559 Σ.
568 1535 613 1559 Ω.
628 1537 671 1568 et,
682 1541 782 1571 quan-

58 1577 128 1602 tum
157 1573 331 1615 intelligere
360 1576 488 1614 valeam,
526 1579 640 1620 reliqui
675 1591 785 1613 omnes

57 1631 169 1664 praeter
184 1626 282 1658 vind.
305 1628 343 1660 Ο.
367 1629 510 1671 Utroque
531 1633 627 1663 modo
648 1634 778 1666 dicitur:

57 1676 112 1707 sed
126 1677 159 1708 in
174 1679 318 1711 concessa
333 1681 479 1723 certzique
494 1694 527 1714 re
536 1685 648 1716 modus
663 1686 780 1717 indica-

57 1729 139 1759 tivus
164 1730 286 1762 videtur
307 1743 372 1764 esse
386 1735 624 1773 praeferendum.
669 1739 781 1769 Varie-

57 1785 152 1811 tatem
169 1782 230 1819 Pii,
245 1786 366 1821 excidit,
383 1796 447 1816 non
462 1787 540 1818 tanti
555 1788 690 1821 fecerim.

102 1833 180 1865 Ibid.
204 1838 237 1866 in
253 1848 322 1867 oras
337 1840 464 1870 adcidit.
510 1840 652 1878 Ovidius,
666 1842 735 1874 fast.
752 1854 779 1875 v.

52 1886 125 1914 560.

114 1943 232 1968 Accidere
239 1944 265 1969 in
277 1953 381 1971 mensas
392 1951 422 1972 ut
434 1955 490 1973 rosa
501 1950 579 1975 missa
589 1950 666 1976 solet.

51 1998 105 2029 Ad
135 2010 228 2040 quem
257 2002 363 2034 locum
393 2016 494 2045 operae
523 2009 659 2047 pretium
680 2010 776 2042 fuerit

47 2049 176 2081 Heinsii
189 2059 295 2083 notam
306 2055 474 2097 perlegere,
486 2065 623 2090 nostram
636 2061 774 2093 Lucretii

48 2100 229 2140 scripturam
261 2105 376 2136 eximio
407 2117 480 2138 cum
509 2111 655 2141 acumine
680 2119 773 2154 atque

47 2152 222 2184 eruditione
235 2155 421 2187 vindicantis
436 2165 465 2189 et
481 2162 651 2193 asserentis.

91 2202 162 2234 Ver.
180 2208 252 2236 217.
278 2206 345 2241 Qud
361 2220 394 2239 re
408 2209 488 2240 mirri
498 2225 507 2241 .·
534 2212 554 2242 i.
572 2223 598 2243 e.
613 2215 650 2244 de
662 2213 724 2254 qua
737 2225 770 2245 re

43 2255 135 2293 mira,
151 2257 192 2287 ob
206 2268 299 2298 quam
315 2270 381 2290 rem
397 2263 524 2301 miram;
541 2266 628 2305 quasi
643 2266 767 2297 dixerit:

44 2309 68 2324 “
85 2306 180 2337 Hanc
194 2319 260 2339 rem
275 2321 473 2352 summopere
499 2315 676 2347 mirandam
698 2329 769 2357 pro-

44 2359 67 2374 “
83 2357 157 2395 priis
170 2359 269 2390 oculis
284 2363 384 2392 cernis
398 2363 474 2400 fieri,
501 2372 532 2395 et
558 2366 624 2405 ipsa
647 2371 768 2408 experi-

44 2409 68 2424 “
84 2408 168 2438 entia
183 2415 213 2439 te
228 2411 312 2451 cogit
327 2415 489 2446 assentire:
511 2417 661 2457 quidnam
672 2419 770 2460 igitur

41 2460 64 2475 “
80 2465 125 2488 est
154 2470 282 2500 caussae,
305 2470 340 2493 ut
363 2472 470 2496 contra
494 2467 555 2498 alia
587 2470 766 2509 persimilia,

41 2512 63 2527 “
81 2519 138 2541 nec
167 2513 323 2545 mirabilia
347 2521 453 2547 tamen
479 2520 588 2560 magis,
614 2532 684 2562 quae
709 2525 767 2555 sub

39 2564 62 2580 “
78 2562 243 2594 oculorum
252 2565 404 2598 intuitum
415 2580 478 2600 non
492 2571 618 2610 cadunt,
629 2575 765 2612 pertina-

36 2614 62 2643 ,“
79 2614 155 2644 citer
184 2618 381 2657 repugnes?”
408 2620 448 2650 In
477 2622 526 2651 his
553 2629 660 2654 autem
686 2626 765 2657 nihil

32 2664 124 2696 valeo
147 2666 332 2707 discernere,
358 2672 442 2712 quod
457 2674 624 2705 obscurum
640 2677 691 2715 sit,
715 2678 764 2709 vel

37 2717 192 2756 scabrum,
201 2719 249 2749 vel
262 2719 397 2762 denique
408 2724 479 2754 Cari
490 2724 646 2765 leporibus
657 2727 760 2770 indig-

34 2774 122 2797 num.
159 2769 222 2799 Edi
236 2770 314 2801 solet
329 2783 366 2803 ex
382 2775 599 2808 emendatione
614 2778 762 2811 Lambini

34 2815 76 2846 ad
91 2818 174 2850 hunc
191 2821 336 2855 modum:

67 2890 156 2921 Quare
166 2893 247 2918 etiam
261 2898 344 2928 atque
355 2898 436 2925 etiam
455 2901 522 2926 mim·
533 2903 584 2927 haec
597 2903 698 2931 fateare
714 2912 759 2932 ne-

161 2938 233 2959 cesse
240 2938 279 2961 est
288 2942 294 2960 :

843 751 992 783 audacter
1005 754 1087 785 satis.
1133 756 1212 787 Pius
1227 757 1317 789 docet
1331 760 1364 790 in
1388 761 1494 801 priscis
1515 775 1570 795 ex-

843 804 1032 843 emplaribus
1047 807 1108 848 legi
1124 811 1270 845 mz'rzima;
1297 822 1367 852 quae
1389 813 1491 854 lectio,
1516 827 1570 848 me

837 853 951 894 judice,
968 865 1171 890 correctorem
1187 862 1276 901 sapit,
1292 873 1330 892 ex
1339 867 1568 912 constructione

841 906 999 945 scripturae
1015 919 1094 939 verae
1109 919 1249 951 prompte
1264 914 1370 946 minus
1389 927 1421 947 se
1443 915 1568 963 expedi,

840 964 953 989 entem.
986 959 1072 991 Illud
1087 964 1171 993 lzaud
1187 964 1221 993 in
1237 964 1310 995 solis
1325 972 1360 996 A.
1376 973 1406 997 et
1423 975 1463 999 Π.
1479 979 1564 1000 com-

839 1017 936 1048 paret.
970 1011 1155 1052 Cogitabam
1167 1014 1336 1057 aliquando
1351 1018 1394 1049 sic
1410 1030 1473 1051 non
1483 1021 1566 1054 male
1605 1046 1610 1048 .

839 1061 929 1091 scribi
945 1072 1046 1101 posse:

868 1145 928 1176 Qui
939 1153 967 1171 re
977 1147 1060 1171 etiam
1077 1150 1160 1179 atque
1177 1150 1259 1175 etiam
1277 1151 1323 1176 ciri
1338 1152 1441 1179 fateare
1456 1162 1563 1182 necesse
1578 1158 1581 1161 ’

959 1190 1044 1212 est—1

833 1257 863 1281 et
878 1252 994 1283 librarii
1009 1255 1172 1294 scriptores
1193 1258 1282 1289 nullo
1303 1262 1430 1301 negotio
1452 1273 1561 1295 vocem

832 1304 1063 1343 exquisitiorem
1081 1306 1299 1347 depravarent;
1323 1311 1377 1342 sed
1391 1323 1458 1343 rem
1478 1315 1558 1345 inte-

831 1364 922 1394 gram
952 1355 1060 1387 lectori
1089 1358 1270 1399 linquimus
1330 1365 1441 1395 I-‘ateri
1468 1377 1560 1405 porro

830 1418 954 1446 corpora
972 1409 1062 1440 debet
1077 1411 1187 1451 accipi,
1203 1419 1239 1443 ut
1253 1415 1358 1455 fateri
1366 1424 1507 1457 peccata,
1528 1427 1559 1450 et

830 1458 862 1488 id
877 1470 977 1499 genus
995 1462 1110 1493 multas
1122 1463 1304 1497 locutiones.

871 1511 944 1542 Ver.
975 1517 1046 1545 218.
1084 1515 1298 1555 Democritus,
1339 1521 1423 1559 apud
1460 1523 1554 1564 Diog.

827 1560 930 1593 Laert.
946 1563 986 1593 ix.
1003 1567 1161 1608 44.—0‘pq:v
1187 1567 1209 1598 δ’
1237 1570 1313 1609 ἧμας
1341 1573 1411 1602 κατ’
1438 1572 1555 1604 etham

1043 1616 1132 1647 Hinc
1148 1618 1304 1658 Epicurus
1319 1621 1443 1653 scilicet.
1474 1624 1552 1655 Plu-

826 1665 961 1705 tarchus,
984 1667 1064 1706 plac.
1092 1670 1167 1708 phil.
1194 1671 1234 1702 iv.
1270 1676 1318 1704 15.
1364 1679 1553 1719 Δημοκριτος,

827 1721 975 1759 Επικερος,
999 1721 1068 1750 κατ’
1093 1721 1210 1753 ειδωλων
1241 1737 1374 1766 ειςκμσεις
1406 1741 1489 1766 quom-o
1520 1743 1553 1760 *ro

1205 1774 1246 1804 A.
1280 1776 1413 1815 Gellius,
1443 1789 1470 1809 ν.
1503 1783 1550 1811 16.

825 1821 847 1837 “
864 1819 1022 1858 Epicurus
1038 1823 1164 1855 affluere
1189 1836 1312 1866 semper
1337 1839 1374 1858 ex
1401 1832 1548 1862 omnibus

825 1873 847 1887 “
863 1872 1043 1910 corporibus
1051 1874 1218 1906 simulacra
1229 1878 1373 1918 quaedam
1383 1890 1548 1921 corporum

822 1923 845 1938 “
860 1920 1008 1960 ipsorum,
1037 1935 1134 1966 eatque
1149 1937 1214 1957 sese
1230 1928 1261 1958 in
1286 1931 1394 1961 oculos
1415 1932 1543 1964 inferre:

821 1975 843 1990 “
859 1979 952 2014 atque
976 1975 1020 2005 ita
1042 1976 1108 2007 fieri
1135 1988 1263 2010 sensum
1285 1981 1410 2012 videndi
1424 1985 1545 2023 putat.”

820 2022 871 2052 Ita
885 2023 972 2055 locus
986 2026 1045 2057 iste
1060 2030 1259 2060 commodius
1271 2031 1481 2074 distinguitur.

861 2075 941 2107 Ibid.
969 2081 1065 2110 visum
1094 2083 1261 2114 lacessant:
1295 2084 1315 2114 i.
1349 2096 1375 2116 e.
1397 2087 1543 2127 feriendo

816 2128 903 2168 quasi
912 2138 1094 2168 provocant:
1109 2143 1193 2171 nam,
1210 2135 1359 2177 quicquid
1372 2138 1454 2170 dicat
1469 2141 1542 2171 Fes-

816 2185 873 2216 tus,
890 2181 1027 2220 plurima
1042 2184 1111 2216 loca
1125 2193 1264 2218 veterum
1292 2189 1369 2220 mihi
1385 2191 1542 2232 liquidum

813 2232 945 2271 faciunt,
976 2246 1078 2266 unum
1101 2238 1212 2269 saltem
1238 2241 1320 2271 vocis
1341 2243 1430 2278 lucio,
1456 2245 1542 2275 unde

813 2285 932 2321 lacesso,
964 2287 1150 2325 primaevum
1179 2301 1306 2322 sensum
1328 2292 1424 2324 fuisse
1441 2296 1540 2334 jacio,

812 2335 860 2364 vel
886 2338 950 2367 ico:
976 2348 1078 2379 neque
1103 2340 1270 2373 Lucretius
1290 2344 1450 2375 multoties
1477 2346 1541 2376 huc

813 2386 892 2416 nihil
907 2387 990 2419 facit.
1035 2390 1200 2431 Virgilius,
1219 2394 1293 2424 AEn.
1310 2395 1360 2425 vii.
1377 2399 1450 2427 526.

829 1625 998 1651 εμπτωσεις.

825 1767 952 1808 ὅρατικον
981 1772 1146 1809 caprearum.

1207 2479 1316 2505 aeraque
1326 2475 1443 2507 fulgent,

841 2507 900 2532 Sole
909 2507 1023 2534 lacessita
1029 2518 1042 2539 ,-
1060 2515 1087 2536 et
1098 2512 1188 2538 lucem
1197 2514 1244 2538 sub
1256 2514 1345 2539 nubila
1352 2515 1473 2545 jactant:

810 2576 830 2607 i.
846 2587 871 2607 e.
894 2579 1053 2611 radiorum
1069 2582 1217 2614 solarium
1233 2584 1347 2616 ictibus
1361 2587 1449 2627 quasi
1464 2598 1535 2628 pro-

809 2635 927 2661 vocata.
975 2632 1083 2664 Codex
1105 2645 1189 2665 unus
1210 2637 1313 2675 habet,
1342 2649 1515 2678 repercussa
1521 2657 1537 2678 ‚-

809 2681 892 2721 quod
908 2682 1071 2722 cujusdam
1087 2696 1150 2716 non
1167 2687 1284 2718 indocti
1299 2688 1454 2729 glossema
1468 2692 1532 2722 sin·

805 2741 884 2762 cerae
898 2732 1048 2766 lectionis.
1093 2737 1178 2768 Vide
1192 2748 1277 2778 mox,
1293 2740 1333 2771 ad
1348 2751 1409 2772 ver.
1425 2747 1498 2774 601.

850 2783 924 2814 Ver.
955 2788 1028 2817 219.
1041 2788 1170 2827 fluant:
1207 2789 1251 2820 sic
1276 2801 1385 2822 omnes
1415 2803 1532 2835 magno

804 2843 956 2864 consensu
971 2835 1041 2866 libri
1058 2843 1192 2877 veteres;
1214 2841 1267 2872 sed
1283 2842 1414 2874 editores
1418 2847 1530 2885 fluunt

805 2884 1046 2925 substituerunt3
1069 2899 1204 2921 errorem
1220 2901 1322 2924 errore
1341 2896 1528 2926 munientes.

805 2938 949 2968 —obortu
960 2953 968 2967 .-
1002 2939 1046 2970 sic
1075 2941 1231 2974 verissime
1259 2944 1395 2977 Juntina
1424 2947 1530 2984 editio,
