1912 3292
512 229 744 278 LIBER
787 226 1134 275 TERTIUS.

1487 237 1569 275 111

229 363 461 411 Particulae,
483 360 630 416 quibus
649 358 741 399 haec
760 357 886 398 animi
906 365 1055 398 natura
1075 365 1250 399 creatur:

230 439 338 488 Quae
357 450 467 477 nunc
485 435 530 475 in
549 441 692 474 nostro
711 433 949 474 dominatur
969 447 1157 487 corpore,
1179 440 1277 473 nata

116 513 197 553 710
228 512 295 554 Ex
313 510 394 560 issa,
416 523 510 565 quae
529 516 629 550 tunc
647 505 812 563 perit‘cit,
838 507 990 562 partita
1008 521 1083 561 per
1103 515 1226 548 artus.

285 585 566 640 Quapropter,
587 598 721 639 neque
739 582 865 624 natali
885 582 1046 638 privata
1064 581 1226 622 videtur

225 659 325 700 Esse
343 658 411 700 die
429 666 578 700 natura
597 658 763 708 animae,
784 672 861 698 nec
879 656 1032 698 funeris
1052 670 1210 711 expers.

282 733 450 776 Semina
467 740 667 789 praeterea
685 733 941 789 linquuntur,
962 746 1108 781 necne,
1130 730 1283 772 animai

225 807 412 863 Corpore
431 809 476 848 in
495 806 711 849 exanimo?
745 807 887 857 Quod,
911 808 944 847 si
963 806 1221 862 linquuntur,
1244 812 1284 846 et
1303 804 1457 853 insunt,

108 883 188 924 715
221 882 355 924 Haud
374 882 467 934 erit,
489 889 536 924 ut
554 883 702 923 merito
721 882 948 923 inmortalis
966 881 1095 937 possit
1114 879 1275 930 haberi3

223 957 414 1000 Partibus
434 957 588 999 amissis
606 957 805 1012 quoniam
824 956 948 997 libata
967 955 1143 996 recessit.

77 1117 101 1134 “
116 1125 179 1156 quo
189 1115 224 1146 in
237 1120 328 1146 utero
337 1114 452 1154 lapidis
465 1114 527 1145 fuit
541 1114 674 1149 clausus,
689 1113 804 1154 quibus

77 1169 101 1185 “
116 1168 272 1198 alimoniis
286 1168 436 1206 irrigatus
450 1172 505 1202 est,
529 1165 642 1206 quibus
655 1167 737 1196 sucis
743 1165 778 1195 ?''

119 1217 195 1248 Ver.
219 1221 290 1249 704.
320 1223 411 1257 atque
436 1218 530 1247 aliam
554 1217 675 1259 sulgficit
700 1227 735 1246 ez·
764 1226 801 1246 se.

78 1270 243 1311 Virgilius,
266 1279 335 1311 geo.
348 1269 393 1300 iii.
409 1272 461 1300 65.

106 1339 189 1370 Atque
198 1337 278 1362 aliam
287 1343 321 1362 ex
331 1337 383 1362 alifi
392 1336 546 1369 generando
554 1336 638 1368 suffice
646 1335 759 1367 prolem.

77 1396 246 1432 Caeterum,
262 1405 319 1435 pro
333 1397 485 1435 Disperit,
511 1401 552 1426 Π.
567 1395 738 1434 Dispergit.

116 1448 192 1478 Ver.
209 1450 280 1478 705.
306 1458 399 1489 quam
413 1448 476 1477 vis:
502 1446 544 1476 V.
559 1445 607 1476 ed.
632 1446 670 1476 B.
694 1445 742 1475 M.
763 1444 802 1474 Ο.

75 1506 112 1533 Δ.
127 1507 168 1532 Π.
185 1505 222 1532 Σ.
241 1506 285 1531 Ω..
313 1500 450 1539 quamvis
471 1504 532 1533 est‚·
558 1497 672 1538 quibus
697 1497 800 1527 omni-

73 1553 143 1590 bus,
157 1557 270 1592 praeter
281 1550 330 1581 M.
342 1549 429 1580 deest
442 1552 486 1580 in.
509 1549 714 1589 Transposita
727 1555 802 1579 sunt

75 1605 203 1644 insuper
216 1602 368 1634 dictiones
381 1603 487 1633 anima
503 1607 534 1632 et
547 1603 670 1633 animus
685 1601 719 1631 in
738 1609 778 1633 Π.

117 1655 198 1687 Ibid.
213 1665 333 1686 recens.-
357 1654 378 1684 i.
394 1665 422 1685 e.
446 1653 600 1694 primitus,
616 1653 798 1684 adverbiali-

73 1715 136 1746 ter;
157 1707 204 1738 uti
226 1706 340 1747 pariter
361 1705 416 1736 ille
436 1705 646 1743 Mantuanus,
671 1716 740 1746 geo.
755 1705 799 1736 iii.

72 1766 144 1796 156.

167 1832 227 1858 Sole
237 1839 320 1857 recens
329 1834 461 1857 orto--.

77 1893 273 1925 Glossarium
287 1897 391 1923 vetus:
418 1894 442 1910 “
459 1893 586 1927 Recens,
604 1892 723 1922 mma-12¹
754 1890 802 1921 Ut

73 1945 218 1981 Plautus,
243 1945 332 1983 Ca'pt.
357 1943 401 1974 iii.
425 1945 454 1974 5.
477 1947 528 1973 60.
554 1945 576 1960 “
595 1944 711 1973 Recens
729 1952 800 1981 cap-

73 2000 97 2017 “
111 2004 181 2029 tum
209 1996 397 2027 hominem.’‘
434 1995 546 2034 Dictys
578 1993 743 2030 Cretensis,
769 1994 800 2023 ii.

71 2051 196 2081 §ts—‘⁴
213 2057 384 2087 eorumque
405 2045 498 2076 fortia
521 2045 614 2083 facta,
636 2055 673 2076 ac
697 2055 802 2077 recens

71 2103 94 2119 “
109 2105 231 2140 partam
255 2098 461 2140 gloriam—.’'
484 2096 660 2134 Sallustius,
686 2096 757 2127 hist.
781 2096 800 2127 i.

69 2153 154 2193 apud
169 2153 268 2192 Sosip.
296 2151 416 2183 Charis.
440 2151 524 2181 instt.
551 2160 683 2191 gramm.
707 2150 738 2180 ii.
765 2160 795 2188 p.

74 2208 143 2236 192.
166 2208 188 2223 “
207 2207 323 2235 Recens
338 2203 469 2242 scripsi.”
491 2202 590 2233 Plura
604 2202 630 2232 si
645 2201 730 2238 velis,
747 2201 796 2231 in-

70 2255 169 2286 veniri
193 2259 322 2294 possunt
346 2253 380 2284 in
404 2253 697 2293 lexicographorum
727 2262 795 2282 cor—

71 2316 155 2345 pore.

115 2357 189 2387 Ver.
205 2358 276 2387 706.
291 2358 517 2387 dissoluuntur:
546 2355 566 2385 i.
581 2365 607 2385 e.
629 2355 795 2393 separatio-

71 2418 146 2439 nem
160 2409 304 2444 subeunt,
327 2419 363 2438 ac
376 2407 559 2445 discidium3
581 2406 730 2446 adeoque,
746 2406 794 2436 in-

71 2460 212 2491 teritum:
238 2459 308 2489 vide
323 2469 397 2489 verr.
414 2462 485 2489 640.
502 2461 573 2489 701.

114 2512 188 2541 Ver.
206 2513 277 2541 707.
292 2512 461 2541 diduntur:
481 2516 522 2540 Π.
538 2511 737 2540 dividuntur.-
756 2508 796 2539 de

68 2573 131 2603 quo
146 2572 247 2593 errore
262 2561 400 2592 diximus
414 2561 454 2591 ad
467 2560 499 2591 ii.
517 2563 608 2592 1109.
624 2566 655 2591 et
669 2561 796 2592 alibi.—

69 2616 104 2646 in
119 2621 224 2646 artus:
249 2615 290 2644 V.
308 2613 355 2644 ed.
370 2619 504 2648 martus5
534 2612 618 2654 quod
631 2612 749 2644 indocti
765 2619 796 2644 et

18 2708 20 2710 η
68 2665 221 2706 inexperti
244 2665 277 2695 in
297 2665 407 2704 primis
433 2664 637 2695 commissum
657 2670 713 2696 est.
757 2665 798 2696 In

68 2725 159 2748 versu
173 2722 330 2757 sequente,
346 2717 431 2747 idem
446 2716 524 2747 liber
539 2718 598 2753 hic,
612 2726 668 2756 pro
681 2719 754 2749 lzaec.

111 2768 184 2800 Ver.
200 2771 271 2799 710.
282 2767 415 2808 perluit.-
441 2768 492 2799 sic.
510 2769 548 2799 P.
576 2768 617 2799 V.
634 2769 682 2801 ed.
697 2769 794 2801 Vind.

72 2818 111 2855 Q.
137 2825 172 2850 Δ.
197 2826 231 2853 Σ.
258 2827 302 2852 Ω.
332 2827 371 2851 Π.
390 2827 508 2858 autem,
527 2823 668 2860 perurz't;
693 2821 730 2852 L.
748 2822 794 2852 M.

61 2873 179 2911 periit.-
213 2873 299 2903 haud
331 2873 428 2904 dubie
462 2883 500 2904 ex
530 2873 794 2913 interpretatione.

70 2921 189 2954 Perstat
203 2933 324 2964 nempe,
348 2935 405 2964 pro
422 2927 591 2965 perintrat,
614 2931 651 2956 ut
673 2924 794 2962 inritat,

846 1113 868 1142 i.
886 1114 938 1143 71.
962 1117 994 1142 et
1008 1112 1065 1141 has
1092 1110 1317 1141 contractiones
1342 1109 1490 1139 Lucretio
1510 1108 1571 1139 fre-

846 1170 1009 1204 quentatas
1033 1174 1106 1198 esse,
1131 1162 1201 1202 quis
1225 1160 1368 1201 ignorat?
1392 1161 1463 1190 vide
1478 1159 1573 1191 modo

846 1226 907 1246 ver.
923 1218 998 1246 685.
1009 1225 1037 1244 ν.
1052 1218 1124 1244 445.
1141 1213 1282 1248 Plautus,
1299 1212 1387 1242 Poen.
1406 1211 1484 1250 prol.
1497 1215 1549 1242 50.

894 1293 933 1317 Ne
942 1294 971 1317 et
981 1291 1046 1324 ipsae
1057 1291 1160 1320 sitiant,
1176 1293 1203 1315 et
1215 1289 1291 1322 pueri
1299 1289 1406 1322 perirent
1417 1289 1501 1314 fame.

849 1359 949 1389 Vetus
963 1359 1130 1400 glossator:
1151 1361 1173 1376 “
1185 1359 1301 1393 Perna,
1317 1367 1358 1392 as,
1369 1355 1572 1396 otu-oausam?

889 1410 972 1441 Ibid.
990 1409 1123 1450 perierit:
1149 1409 1167 1439 i.
1183 1420 1209 1439 e.
1229 1409 1298 1449 jam
1320 1407 1461 1447 perierat,
1485 1413 1516 1436 et
1541 1416 1573 1436 se

845 1461 1010 1492 mortalem
1025 1471 1090 1492 esse
1105 1460 1376 1495 demonstraverat,
1399 1468 1499 1499 quum
1510 1457 1572 1488 dis-

844 1514 1031 1549 cinderetur,
1053 1520 1085 1543 et
1098 1512 1132 1542 in
1148 1518 1233 1542 artus
1248 1511 1486 1551 dispergeretur.

886 1566 961 1597 Ver.
982 1569 1053 1597 712.
1073 1577 1143 1596 nec:
1171 1565 1214 1595 ita
1230 1564 1268 1595 P.
1292 1565 1333 1594 V.
1350 1563 1397 1594 ed.
1423 1563 1462 1593 O.
1486 1566 1521 1593 Δ.
1539 1566 1572 1593 Σ.

846 1625 892 1650 Ω.
917 1618 1038 1659 reliqui,
1061 1629 1165 1658 neque,
1188 1622 1298 1657 praeter
1315 1623 1356 1647 Π.
1372 1616 1435 1656 qui,
1457 1625 1506 1646 oze.
1531 1614 1573 1644 In

843 1676 1010 1710 praeeunte,
1028 1675 1063 1699 Δ.
1078 1680 1143 1699 nec.

886 1721 968 1751 Ibid.
984 1723 1034 1751 die
1048 1722 1150 1750 natali
1164 1721 1299 1754 animae5
1325 1723 1362 1748 ut
1382 1719 1492 1748 mundi
1508 1715 1571 1746 Hi-

843 1773 945 1808 larius,
960 1782 1032 1813 gen.
1050 1776 1078 1803 9.
1094 1771 1138 1801 sic
1152 1769 1381 1801 emendandus:

842 1855 962 1887 Dignum
981 1861 1047 1886 opus
1064 1856 1092 1879 et
1105 1854 1208 1885 justum
1225 1856 1276 1883 est,
1296 1858 1402 1884 semper
1417 1850 1466 1875 tibi
1482 1850 1570 1875 dicere

972 1897 1040 1919 rates

844 1902 1023 1968 Omnipogtens
1033 1912 1130 1959 xiiundi
1140 1934 1257 1966 genitor,
1277 1940 1331 1964 quo
1343 1932 1463 1964 principe
1474 1933 1572 1955 cuncta

843 1975 961 2000 Natalem
970 1981 1108 2006 sumpsere
1118 1973 1183 1998 diem
1190 1981 1202 2001 ,·
1220 1976 1314 2004 atque,
1325 1975 1424 1997 exorta
1433 1974 1555 2002 repente,

844 2016 905 2039 Post
918 2014 1040 2039 tenebras
1051 2012 1146 2045 stupidi
1157 2015 1313 2044 spectarunt
1325 2011 1427 2036 lumina
1437 2010 1502 2035 caeli.

845 2086 942 2122 Libri,
957 2087 1078 2126 stupido
1091 2087 1172 2117 caelo.

883 2147 956 2179 Ver.
973 2151 1046 2179 714.
1069 2150 1102 2179 in
1123 2149 1210 2179 abest
1234 2147 1418 2187 IL—quod:
1447 2149 1482 2176 Δ.
1504 2146 1568 2185 qui.

838 2201 1007 2230 —z'nsunt:
1036 2206 1076 2230 Π.
1095 2202 1202 2230 insint.

882 2251 957 2282 Ver.
974 2254 1046 2282 715.
1071 2253 1188 2282 Haud.-
1217 2251 1257 2281 V.
1273 2250 1320 2281 ed.
1338 2251 1569 2280 Aah—inmor-

837 2304 927 2334 talis:
954 2308 990 2335 Σ.
1005 2306 1151 2335 mortalis.

882 2363 955 2395 Ver.
973 2367 1044 2396 716.
1066 2367 1179 2396 libata.-
1206 2365 1226 2396 i.
1241 2375 1267 2395 e.
1283 2364 1402 2399 detrita,
1425 2361 1570 2392 deminu-

839 2421 878 2445 ta.
924 2416 1015 2446 Hinc
1034 2416 1203 2452 Arnobius,
1225 2416 1279 2446 lib.
1295 2416 1327 2445 ii.
1342 2426 1370 2454 p.
1388 2417 1437 2443 64.
1453 2412 1492 2442 de
1503 2412 1572 2441 ani-

838 2467 888 2498 mci
915 2468 1024 2500 itidem
1049 2471 1142 2500 verba
1169 2469 1298 2499 faciens:
1326 2472 1348 2486 “
1367 2465 1462 2503 Quod
1488 2463 1572 2495 enim

840 2521 862 2537 “
878 2521 960 2551 —ab
981 2520 1102 2561 legibus
1116 2520 1330 2551 dissolutionis
1354 2524 1461 2548 tutum
1477 2522 1572 2552 est,—

841 2575 862 2590 “
879 2575 1028 2606 illibatum
1045 2585 1168 2606 necesse
1193 2580 1239 2605 est
1257 2576 1446 2613 permaneat,
1469 2575 1500 2600 et
1522 2571 1569 2599 in-

840 2627 862 2644 “
878 2630 1019 2660 tactum.’'
1053 2629 1134 2659 Redi
1150 2628 1191 2659 ad
1206 2638 1266 2658 ver.
1284 2631 1334 2657 24.
1368 2625 1457 2656 Huic
1472 2629 1571 2653 trans-

842 2679 952 2710 lationi
981 2691 1046 2711 non
1081 2681 1202 2711 abludit
1236 2679 1316 2710 illud
1345 2677 1567 2718 Virgilianum.

844 2732 921 2762 AEn.
941 2732 994 2762 xii.
1010 2734 1083 2763 576.

1004 2815 1144 2833 summum
1155 2808 1270 2840 degustat
1280 2806 1390 2834 volnere
1403 2811 1514 2837 corpus:

839 2873 858 2903 i.
875 2884 900 2903 e.
916 2873 1044 2911 delibat;
1060 2873 1150 2914 cujus
1158 2871 1326 2904 locutionis
1340 2870 1430 2911 origo
1439 2869 1479 2900 ad
1492 2869 1564 2899 Ho-

839 2935 962 2956 merum
978 2924 1139 2955 referenda
1155 2930 1209 2961 est,
1232 2924 1265 2954 in
1283 2923 1322 2955 Il.
1341 2929 1378 2954 Τ.
1394 2925 1466 2953 258.
