1912 3292
320 196 384 246 86

819 193 879 243 T.
933 192 1314 243 LUCRETII

464 329 629 371 Secreta
648 327 700 369 ab
719 326 854 378 nobis,
885 333 1096 382 nequeunt
1115 327 1280 377 sentire,
1303 340 1439 383 neque
1458 341 1567 377 esse3

463 403 584 446 Secta
601 402 752 444 etenim
773 402 818 442 in
836 416 965 457 parvo
984 401 1197 457 liquuntur
1217 409 1404 456 tempore
1424 401 1526 443 tabi:

462 477 530 519 Sic
549 476 710 518 animus
730 490 804 532 per
823 490 866 517 se
883 490 970 517 non
991 475 1080 531 quit
1099 475 1188 516 sine
1207 489 1397 530 corpore,
1429 484 1472 517 et
1491 476 1582 531 ipso

461 551 562 594 Esse
580 551 763 601 homine,
785 550 890 592 illius
909 552 1024 607 quasi
1043 550 1157 605 quod
1176 565 1246 591 vas
1266 565 1351 591 esse
1370 549 1550 601 videtur,

347 630 428 668 555
462 626 556 668 Sive
575 625 686 667 aliud
707 625 806 682 quid
827 626 886 666 vis
905 625 1042 680 potius
1063 625 1289 666 connexius
1309 624 1347 665 ei

461 700 656 757 Fingere3
690 699 1025 755 quandoquidem
1046 712 1238 739 connexu
1259 712 1408 753 corpus
1429 697 1627 740 adhaeret.

516 774 726 830 Denique,
748 774 947 829 corporis,
969 782 1093 829 atque
1113 773 1256 824 animi,
1279 773 1414 814 vivata
1433 780 1629 828 potestas,

318 934 340 950 ‘⁴
356 941 374 961 a
398 929 497 969 capite
522 934 674 968 separata,
712 934 768 959 aut
792 939 858 968 pes,
889 928 1006 960 divisus
1027 939 1046 959 a

317 986 339 1001 “
355 991 494 1021 corpore,
517 990 675 1011 summam
691 987 821 1020 possunt
835 986 981 1020 praestare
998 986 1045 1011 to·

319 1038 340 1053 “
357 1033 492 1064 tius—.”
515 1031 702 1063 Lambinus.

359 1086 433 1116 Ver.
451 1088 522 1117 552.
546 1084 622 1115 Non
636 1084 733 1114 habui
747 1084 781 1115 in
796 1085 856 1115 hoc
870 1084 953 1123 loco,
971 1083 1046 1125 quid

316 1138 463 1176 facerem,
486 1137 546 1168 nisi
561 1143 598 1168 ut
612 1137 848 1168 emendationes
863 1138 895 1168 V
897 1137 1047 1174 ossianas,

317 1190 406 1221 valde
435 1190 613 1230 ingeniosas
641 1200 678 1220 ac
707 1189 893 1229 probabiles,
925 1190 1049 1221 tametsi

317 1252 412 1282 quam
426 1240 536 1271 vellem
546 1251 620 1271 sane
630 1241 870 1279 numerosiores,
887 1241 970 1271 ultro
979 1252 1047 1272 am-

316 1295 479 1335 plecterer:
505 1304 580 1324 nam
594 1304 646 1324 me
661 1294 803 1335 undique
820 1294 973 1325 versando
999 1294 1047 1325 ni-

317 1346 363 1376 hil
388 1345 513 1376 facilius
541 1345 690 1385 excogito.
735 1345 845 1387 Vulgo
871 1345 986 1387 legitur
1014 1346 1048 1376 in

319 1397 404 1428 libris
419 1397 579 1428 omnibus:

349 1466 397 1490 Sed
407 1469 490 1490 tamen
502 1465 528 1490 in
539 1473 622 1498 parvo
632 1466 785 1499 linquuntur
796 1470 920 1498 tempore
931 1465 987 1490 tali.

318 1525 378 1555 nisi
393 1524 478 1565 quod
493 1523 640 1555 nonnulli
661 1525 797 1555 habeant
815 1526 993 1564 linguntur,
1018 1530 1049 1554 ct

317 1577 468 1616 ligantur.
493 1575 554 1606 Illa
564 1582 694 1616 tempore
709 1577 768 1606 tali
782 1586 854 1606 vera
868 1581 964 1615 puto3
979 1576 1050 1607 vide

320 1628 340 1658 i.
355 1632 406 1660 94.
422 1636 452 1658 et
466 1627 557 1658 ulcus
578 1627 670 1658 initio
684 1627 790 1657 versus
802 1627 948 1666 insidere,
965 1638 1046 1658 non-

320 1679 399 1710 dum
414 1679 577 1719 persanatI.

321 1731 434 1768 Porro,
469 1736 611 1769 repetens
634 1730 748 1761 iterum
774 1731 807 1760 in
832 1730 940 1761 animo
972 1741 1050 1767 rem,

320 1793 384 1814 non
401 1783 467 1813 sine
482 1783 604 1822 pulsato
626 1784 751 1813 cerebro
773 1789 804 1813 et
819 1782 970 1813 demorsis
989 1793 1050 1813 un-

319 1834 446 1875 guibus,
469 1845 520 1864 me
535 1834 604 1864 loco
619 1834 692 1864 satis
712 1844 778 1864 esse
793 1834 952 1864 facturum
967 1834 1050 1864 arbi-

320 1890 394 1922 tror,
418 1885 457 1915 ad
481 1887 565 1915 hunc
587 1886 720 1916 modum
736 1885 917 1924 constituto,
945 1885 969 1915 si
992 1887 1053 1917 Sed

322 1936 521 1967 solummodo
543 1936 575 1965 in
592 1938 624 1967 Si
640 1942 794 1967 mutetur:
820 1947 883 1977 quo
899 1936 977 1978 quid
993 1937 1053 1967 mi-

323 1997 383 2017 nus
397 1987 430 2016 in
446 1997 519 2017 casu
542 1986 702 2026 deplorato
716 1987 820 2027 plane,
847 1993 878 2017 et
902 1987 1053 2028 deposito,

322 2039 392 2080 quis
415 2039 557 2070 vivorum
587 2039 828 2070 emendatorum
855 2040 912 2069 sibi
942 2050 1052 2071 conce-

323 2091 463 2122 dendum
479 2091 632 2131 postulet?
658 2092 709 2122 De
731 2093 846 2122 harum
863 2086 936 2122 vero
957 2092 1052 2131 parti-

322 2144 466 2175 cularum
481 2145 740 2184 commutatione,
763 2144 833 2175 vide
849 2145 1052 2176 Drakenbor-

323 2195 431 2226 ehium
447 2195 485 2226 ad
502 2196 568 2226 Liv.
585 2196 646 2226 xxi.
667 2199 713 2227 15.
731 2198 760 2227 5.
790 2196 840 2227 Sic
855 2197 952 2237 igitur
967 2197 1054 2238 cogi-

325 2248 447 2278 tabam:

340 2330 446 2355 secreta
456 2329 489 2353 ab
502 2329 577 2354 nobis
589 2333 727 2361 nequeunt
738 2330 846 2361 sentite,
862 2337 952 2362 neque
962 2339 1027 2363 esse,

344 2369 380 2399 (Si
392 2372 485 2394 tamen
497 2369 522 2393 in
535 2376 617 2401 parvo
628 2369 798 2400 linquuntur)
813 2374 937 2403 tempore
948 2370 1004 2396 tali.

327 2432 347 2463 i.
365 2443 390 2463 e.
414 2436 436 2451 ‘⁴
453 2433 479 2463 si
494 2432 588 2463 modo
603 2433 666 2463 sint
679 2433 728 2464 vel
743 2434 877 2465 minimo
891 2435 991 2474 spatio
1005 2434 1052 2465 di-

325 2487 348 2503 “
364 2485 451 2515 visi.‘’
499 2485 562 2516 Sed
586 2485 714 2516 lectores
737 2496 794 2517 suo
812 2485 932 2527 judicio
946 2486 1054 2518 fruan-

327 2541 386 2565 tur.

371 2589 445 2619 Ver.
461 2592 533 2622 553.
556 2591 702 2632 Hujusce
717 2602 809 2631 porro
827 2592 1056 2633 conjunctionis

327 2641 540 2671 necessitatem
556 2643 605 2672 vel
619 2643 653 2673 in
668 2643 776 2682 vitam,
802 2650 872 2683 post
886 2645 952 2675 fata
965 2645 1055 2676 deni-

327 2700 388 2730 que
404 2698 578 2732 venturam‚
602 2695 739 2734 extendi,
763 2696 856 2726 sacris
870 2696 967 2727 literis
981 2697 1054 2728 edo-

326 2751 450 2772 cemur:
477 2744 536 2774 hoc
551 2745 635 2775 enim
652 2756 690 2776 ex
716 2747 744 2777 S.
761 2747 874 2784 Paulo,
897 2748 930 2778 in
949 2752 962 2779 l
985 2749 1055 2780 Cor.

329 2803 376 2823 xv.
392 2797 531 2826 55-45,
556 2802 623 2827 tuto
645 2799 768 2830 videtur
790 2800 1057 2841 colligendum.—

331 2846 500 2884 Caetemm,
517 2848 581 2878 haec
597 2848 736 2881 dilatatio
750 2853 913 2892 sermonis,
935 2865 1057 2894 corpore

328 2904 358 2929 ee
373 2900 437 2939 ipso
451 2902 582 2940 homine,
598 2912 654 2942 per
668 2904 866 2945 hendyadem
881 2907 956 2946 poni
970 2908 1055 2940 vide·

1089 935 1152 968 tur,
1173 940 1230 969 pro
1245 941 1368 970 empore
1391 931 1488 970 ipsius
1509 931 1652 968 hominis,
1676 929 1761 971 quod
1775 936 1822 962 est

1089 983 1179 1021 quasi
1194 993 1254 1013 vas.
1281 981 1381 1011 Aliter
1396 987 1551 1011 structura
1567 991 1632 1011 non
1647 981 1796 1020 procedit.

1133 1031 1208 1062 Ver.
1225 1034 1297 1063 554.
1321 1033 1458 1063 homine:
1489 1031 1585 1063 vind.
1610 1039 1651 1063 Π.
1668 1037 1702 1065 Σ.
1727 1035 1822 1065 homi-

1091 1093 1169 1113 nem.

1135 1133 1216 1164 Ibid.
1239 1135 1331 1174 quasi
1355 1145 1414 1166 vas.
1453 1134 1538 1165 Redi
1563 1135 1678 1166 collata
1699 1135 1739 1167 de
1764 1138 1823 1168 hac

1094 1184 1194 1226 figure
1210 1185 1244 1214 in
1258 1195 1319 1215 ver.
1335 1188 1407 1216 441.
1431 1191 1462 1215 et
1483 1185 1517 1215 in
1542 1186 1616 1216 Silv.
1641 1186 1719 1219 Crit.
1734 1187 1778 1218 iii.
1793 1198 1825 1229 p.

1094 1239 1144 1267 83.
1177 1236 1381 1275 Prudentius,
1396 1238 1528 1268 cathem.
1544 1237 1594 1268 vii.
1615 1241 1684 1270 190.

1185 1303 1306 1328 Firmans
1316 1303 1413 1328 salubri
1422 1305 1525 1330 scilicet
1531 1306 1638 1337 jejunio

1186 1344 1234 1367 Vas
1244 1343 1400 1375 appetendis
1412 1343 1580 1369 imbecillum
1593 1346 1705 1378 gaudlis.

1096 1405 1241 1437 Gemella
1249 1416 1308 1437 vox
1317 1406 1499 1438 redonanda
1511 1414 1569 1446 est,
1581 1408 1615 1439 ni
1626 1409 1729 1446 fallor,
1746 1410 1825 1442 Plu-

1093 1459 1192 1489 tarchi
1209 1459 1378 1498 symposio,
1401 1470 1432 1499 p.
1457 1463 1530 1492 159.
1557 1461 1600 1491 D.
1629 1467 1770 1502 Ατεχνως
1797 1462 1827 1495 δε

1094 1523 1149 1541 των
1165 1518 1284 1541 waliam
1307 1510 1354 1541 ιδοι
1379 1525 1421 1545 τις
1444 1525 1490 1550 ur,
1518 1512 1553 1546 ὦς
1582 1525 1633 1555 περ
1657 1525 1682 1543 εν
1703 1522 1826 1554 pavimus,

1095 1575 1136 1602 τῳ
1148 1574 1263 1602 cupam
1274 1576 1325 1595 την
1337 1564 1446 1603 ψυχην
1459 1571 1733 1604 εγκεκαλυμμενην·
1748 1565 1827 1607 (for-

1093 1618 1134 1650 te,
1158 1614 1411 1654 εγκεκλεισμενπν)
1428 1628 1471 1645 om
1487 1628 1546 1657 περι
1565 1629 1617 1649 ‘rm
1633 1629 1686 1650 'rm
1700 1621 1826 1649 ΣΚΕΤ·

1095 1669 1145 1697 ΗΣ
1171 1665 1293 1707 (vulgo,
1310 1666 1434 1707 ψυχῆς)
1457 1680 1556 1709 χρειω
1572 1675 1739 1700 zanua-a».

1137 1716 1212 1747 Ver.
1229 1719 1301 1748 555.
1317 1719 1423 1748 aliud:
1451 1718 1490 1749 Ο.
1518 1725 1558 1749 Π.
1585 1726 1630 1750 Ω..
1653 1721 1829 1760 aliquid.—

1095 1769 1170 1807 quid
1185 1771 1246 1800 vis:
1275 1776 1316 1800 Π.
1331 1772 1410 1810 quod
1424 1773 1643 1811 vise-potius.—
1672 1772 1769 1803 Vind.
1789 1774 1828 1810 Q.

1097 1823 1132 1851 Σ.
1143 1821 1224 1859 potis
1238 1824 1502 1853 es.—c0nneoeius:
1533 1823 1593 1854 hoc
1607 1823 1716 1862 procul
1731 1824 1830 1855 dubio

1096 1871 1195 1902 voluit
1217 1875 1412 1904 conneceinus
1434 1873 1468 1903 in
1485 1873 1524 1904 V.
1549 1873 1597 1904 ed.
1622 1880 1653 1905 et
1675 1878 1829 1907 connecti-

1097 1934 1164 1953 mus
1180 1923 1212 1952 in
1229 1923 1266 1953 Β.
1285 1923 1407 1960 Caeteri,
1428 1925 1638 1966 conjunctius;
1662 1937 1701 1957 ex
1716 1927 1830 1968 glossa,

1097 1979 1134 2004 ut
1161 1975 1338 2013 opinamur:
1374 1985 1460 2012 nam,
1491 1987 1562 2017 quae
1592 1978 1740 2018 sequitur,
1769 1990 1829 2011 vox

1097 2037 1231 2058 connexu
1255 2027 1347 2066 plane
1361 2029 1449 2068 quasi
1472 2029 1618 2068 repetitio
1632 2037 1690 2070 est,
1712 2024 1830 2072 piaece-

1099 2076 1228 2108 dentem
1250 2085 1416 2119 cognatam
1439 2081 1706 2120 respiciens—ei.-
1732 2084 1776 2114 sic
1791 2084 1829 2116 P.

1098 2129 1141 2160 V.
1159 2129 1206 2160 ed.
1224 2134 1258 2160 A.
1276 2136 1317 2160 Π.
1335 2135 1369 2162 Σ.
1387 2137 1431 2162 Ω.
1447 2131 1552 2173 vulg0‚
1568 2135 1620 2164 eii.
1814 2173 1818 2177 ¹

1141 2180 1217 2211 Ver.
1235 2183 1307 2212 556.
1330 2184 1574 2223 quandoquidem
1592 2196 1737 2217 conncoeu.
1764 2185 1830 2217 Hic

1097 2237 1144 2262 est
1168 2242 1270 2262 sermo
1293 2232 1334 2263 de
1360 2244 1393 2264 re
1415 2235 1482 2275 jam
1507 2236 1647 2276 probata,
1677 2243 1769 2278 atque
1795 2237 1831 2268 in

1097 2285 1250 2315 concessis
1265 2287 1473 2324 numerand-52,
1498 2289 1762 2321 confidentissime
1784 2289 1832 2321 lo-

1097 2335 1234 2376 quentis:
1261 2337 1332 2367 vide
1347 2338 1387 2368 sis
1406 2345 1514 2370 autem
1530 2340 1570 2371 ad
1584 2351 1645 2372 ver.
1662 2345 1734 2372 218.

1140 2388 1214 2419 Ver.
1231 2392 1303 2420 557.
1333 2393 1452 2423 vivata.-
1480 2399 1521 2423 Π.
1545 2398 1576 2424 et
1599 2393 1759 2434 quoddam
1777 2405 1832 2426 ex-

1097 2440 1217 2480 emplar
1240 2441 1304 2479 Pii,
1327 2445 1455 2480 ἰηπαῑιις
1482 2454 1540 2475 nec
1566 2444 1685 2475 mirum
1708 2452 1766 2485 est,
1789 2447 1834 2480 ita

1099 2494 1243 2531 aberrari,
1273 2505 1371 2536 quum
1387 2496 1482 2526 iidem
1499 2496 1561 2527 sint
1576 2496 1738 2529 literarum
1754 2498 1832 2530 duc-

1099 2549 1158 2575 tus.
1205 2545 1297 2576 Idem
1314 2547 1365 2577 Pii
1382 2547 1541 2587 exemplar
1555 2548 1632 2590 legit
1651 2549 1745 2580 etiarn
1759 2553 1832 2582 αηί-

1099 2599 1164 2627 mai
1171 2613 1182 2634 ;
1205 2598 1288 2638 quod
1310 2606 1514 2630 correctorem
1537 2600 1628 2640 sapit,
1651 2607 1752 2632 metro
1766 2602 1832 2632 suf.

1098 2648 1290 2681 fulcientem.

1144 2701 1226 2732 Ibid.
1248 2704 1359 2733 vivata.
1397 2704 1520 2740 Festus,
1550 2704 1747 2743 Lucretium,
1770 2705 1833 2736 nisi

1100 2751 1242 2783 fallimur
1256 2763 1329 2784 cum
1353 2754 1515 2795 Preigero,
1538 2761 1620 2786 certe
1646 2756 1827 2796 respiciens:

1102 2807 1124 2823 “
1145 2806 1277 2836 Vivatus
1292 2811 1323 2835 et
1338 2805 1458 2836 vividus
1474 2805 1558 2847 (vide
1571 2806 1592 2837 i.
1609 2808 1675 2848 73.)
1698 2817 1717 2837 a
1731 2808 1832 2846 po‘e’tis

1101 2858 1123 2875 “
1141 2856 1302 2896 dicuntur,
1325 2868 1343 2888 a
1358 2858 1399 2896 vi,
1422 2858 1577 2900 „tagum”
1607 2859 1627 2890 i.
1653 2870 1678 2890 e.
1701 2866 1828 2900 etymon

1100 2914 1146 2939 est
1169 2911 1222 2947 vis,
1244 2914 1275 2940 et
1301 2909 1495 2950 significatio,
1519 2922 1658 2951 magnus.
1705 2911 1754 2942 Sic
1776 2910 1830 2942 ille
