1912 3292
357 233 450 278 :306

851 219 913 268 T.
965 213 1345 267 LUCRETII

495 357 743 400 Humanum
763 367 892 412 genus
911 359 972 393 est
990 349 1155 392 avidum
1174 347 1296 389 nimis
1315 344 1602 388 auricularum.

556 431 684 481 Quod
704 443 825 485 super
839 435 914 477 est,
935 440 1021 467 non
1042 432 1102 466 est
1121 422 1373 472 mirandum,
1395 419 1474 476 quai
1495 419 1654 460 ratione

382 514 466 551 600
497 507 578 550 Per
597 507 701 556 loca,
723 503 803 561 qua
823 508 1033 559 nequeunt
1051 498 1179 541 oculei
1200 512 1264 539 res
1284 510 1450 538 cernere
1469 501 1644 550 apertas»,

355 665 524 697 nimietatis
547 664 581 694 in
596 664 655 693 hoc
677 660 804 701 negotio
825 658 1081 698 postulentur:—

355 720 565 749 ’ΤΓΡΟἸἩΤΔ
581 726 638 744 τω
651 719 748 752 fatur
763 710 942 743 ιτιτηδιυιιν.

397 776 478 808 Ibid.
493 775 624 805 calamos
640 772 782 802 hianteis.
826 769 1019 808 Propertius,
1035 768 1078 798 iii.

358 831 406 861 15.
421 831 473 858 54.

413 902 574 935 capripedes
589 900 685 925 calamo
696 901 779 924 Panes
789 898 875 923 hiante
885 900 1028 922 canent.—

853 946 902 976 132
909 955 930 976 u
937 955 960 975 τ
966 955 1021 975 1.1·:1
1028 955 1047 975 υ
1055 955 1080 975 s.

354 1029 462 1065 Quem
478 1027 586 1058 locum
601 1031 632 1056 et
653 1024 718 1064 ipse
733 1022 868 1063 margini
893 1021 1076 1052 alleveram:

352 1087 384 1112 et
398 1080 453 1111 illo
467 1088 609 1117 moneor,
632 1076 671 1108 de
686 1086 776 1107 versu
791 1074 953 1111 Enniano,
970 1072 1074 1104 annal.

354 1133 375 1164 i.
390 1132 456 1174 qui,
471 1130 612 1172 quamvis
621 1135 667 1160 tot
678 1129 822 1159 munitus
834 1125 1081 1161 auctoritatibus,

355 1187 464 1219 nullus
477 1185 598 1222 dubito,
611 1183 687 1225 quin
698 1182 824 1213 vitiatus
834 1178 1081 1215 circumferatur,

356 1246 388 1272 et
401 1241 460 1271 hoc
472 1238 566 1270 modo
576 1237 713 1277 denique
727 1232 941 1274 castigandus:

367 1307 503 1336 Versibus,
515 1312 581 1337 quos
590 1304 654 1329 olim
665 1302 774 1331 Faunei,
784 1303 930 1331 Panaque,
937 1300 1078 1324 canebant.

355 1364 507 1406 Evulgari
521 1363 608 1398 solet,
633 1367 790 1400 vatesque:
816 1357 886 1388 vide
902 1357 1023 1388 Lucan.
1039 1356 1082 1387 iii.

356 1419 429 1446 402.
451 1421 483 1446 et
498 1414 583 1445 idem
596 1411 778 1443 sodalitium
799 1409 832 1440 in
857 1410 978 1439 Auson.
1003 1408 1079 1438 Mo-

355 1466 420 1497 sell.
438 1469 510 1497 172.
530 1468 601 1496 177.
624 1461 832 1494 Nemesianus
846 1460 955 1498 etiam,
978 1458 1033 1489 ecl.
1048 1458 1081 1488 ii.

357 1522 407 1550 73.
422 1527 518 1559 quam
534 1515 693 1555 apposite:

388 1587 445 1610 Pan
456 1583 553 1613 doctus,
563 1581 643 1607 Fauni
655 1584 743 1611 vates,
754 1583 782 1605 et
793 1579 904 1612 pulcher
915 1578 1025 1604 Adonis.

358 1651 443 1682 Mihi
459 1655 623 1681 contextus
640 1648 868 1679 Ciceronianus
882 1645 1003 1687 liquido
1018 1643 1085 1674 suf-

359 1701 510 1742 fragatur,
526 1700 566 1730 de
580 1700 642 1730 div.
657 1699 677 1729 i.
691 1702 740 1729 51.
765 1702 787 1716 “
803 1697 927 1728 Eodem
943 1695 1030 1726 enim
1048 1695 1083 1736 (l.

357 1757 381 1772 “
397 1753 506 1792 etiam)
535 1751 632 1782 modo
667 1749 770 1780 multa
798 1760 817 1779 a
845 1749 1086 1780 vaticinantibus

359 1808 383 1825 “
398 1815 479 1845 saepe
494 1802 642 1844 praedicta
656 1807 745 1839 sunt;
769 1810 880 1842 neque,
899 1799 1002 1831 solum
1017 1809 1084 1830 ver-

361 1861 384 1877 “
399 1857 457 1894 bis,
473 1856 530 1887 sed
539 1855 636 1886 etiam

391 1933 412 1945 ‘⁶
423 1930 556 1959 Versibus,
577 1935 643 1959 quos
661 1927 726 1953 olim
737 1926 831 1956 Fauni,
849 1929 990 1957 vatesque,
1007 1931 1087 1950 cane-

485 1971 504 1984 “
515 1969 611 1993 bant.”

364 2041 552 2074 Sentiscisne
578 2053 612 2070 ero
636 2045 718 2070 vates
743 2048 818 2069 cum
845 2038 1085 2069 vaticinantibus

359 2093 486 2134 illepide
495 2092 630 2123 caudam
639 2091 772 2127 trahere,
789 2095 820 2120 et
828 2089 958 2128 speciale
967 2087 1087 2128 aliquid

362 2146 404 2178 ad
418 2144 527 2176 sensus
542 2143 762 2183 proprietatem
778 2139 963 2171 desiderari?

405 2196 486 2228 Ibid.
502 2196 670 2236 percurrit,
693 2192 786 2223 celeri
807 2192 966 2223 labrorum
989 2197 1087 2222 motu.

363 2249 453 2280 Hinc
470 2247 600 2288 pulchre
615 2245 782 2281 Leonidas,
798 2245 879 2286 epig.
896 2247 924 2274 1.

363 2329 444 2355 Μηλω
453 2334 498 2359 μεν
508 2326 611 2352 Maenas
622 2324 765 2357 Πιμπληῖσι
775 2332 820 2350 ἠις
830 2320 1088 2348 ΤΑΧΥΧΕῙΛΕΙΣ

403 2375 498 2403 Avia,
510 2382 557 2398 και
568 2382 662 2400 ταυτην
675 2372 765 2402 magnos
778 2369 922 2398 αυλοδοκην.

364 2449 461 2480 Hanc
475 2453 582 2478 autem
596 2445 787 2477 celeritatem
799 2445 904 2476 motus
915 2444 1092 2485 requirebat

364 2499 499 2540 syringis
523 2504 686 2534 structura,
708 2503 826 2537 septem
848 2496 977 2527 calamis
1003 2505 1090 2526 com-

364 2556 472 2591 pactae,
488 2550 602 2591 quibus
614 2559 669 2589 per
690 2549 771 2579 vices
785 2549 931 2579 omnibus
945 2546 1091 2578 admove-

364 2604 477 2633 bantur
491 2601 585 2632 labra.
631 2600 716 2631 Rem
735 2600 776 2631 ad
802 2599 908 2630 vivum
932 2597 1092 2637 descripsit

366 2652 507 2683 Achilles
523 2652 644 2688 Tatius,
659 2651 722 2682 viii.
736 2655 768 2683 6.
792 2661 887 2692 quem
901 2649 1032 2690 proinde
1053 2659 1091 2680 ex

366 2713 399 2734 re
429 2705 523 2735 fuerit
551 2704 675 2744 apponi.

366 2761 455 2789 ιυλος
475 2769 547 2790 turos
564 2762 661 2791 λαλει,
687 2768 822 2787 neuun-a
836 2767 887 2785 και
902 2755 916 2785 ὅ
931 2766 970 2785 ‘rte
996 2760 1091 2788 navos

717 2705 791 2735 ‘Ocu
814 2702 842 2734 δε
868 2704 882 2734 o‘
905 2716 957 2737 της
982 2705 1091 2736 Αθηνᾶς

367 2819 393 2837 ιν
410 2819 466 2840 τοις
483 2819 621 2846 oropum
636 2814 729 2838 αυλυ·
745 2807 819 2838 αλλ’
836 2818 890 2837 εκει
911 2818 962 2845 μεν
984 2805 1009 2836 01¹
1022 2804 1094 2835 δαι-

368 2866 452 2890 «wau
467 2860 610 2901 qutpmtn
627 2873 667 2890 τα
682 2867 858 2899 ανληματα,
876 2860 995 2890 §vratoda
1010 2856 1036 2888 δι
1058 2868 1096 2887 τε

370 2923 494 2953 ‘rixosi-u
516 2924 550 2943 »ro
575 2923 675 2951 στομα
698 2924 831 2952 papum-aa
856 2923 907 2946 «τες
932 2909 1094 2944 huuan-

1125 657 1210 695 κᾴκιι
1220 667 1271 694 μιν
1287 661 1404 688 κλειτᾶς
1417 654 1430 683 ὅ
1441 659 1573 686 avam-ne
1586 663 1640 685 τις
1649 655 1750 683 nixae
1763 660 1846 683 στας,

1123 719 1192 746 μιαν
1206 719 1310 745 ανονγει
1324 719 1417 744 μονήν,
1434 704 1465 735 δι’
1481 706 1512 738 ἧς
1529 717 1562 734 ‘ro
1578 715 1690 742 mwpa
1706 701 1849 741 narapp‘u,

1126 759 1246 787 amaneu
1259 756 1287 787 δε
1315 769 1366 790 τως
1391 768 1442 795 μεν
1467 762 1564 789 αλλες
1592 756 1728 795 ιλενθερκς
1752 760 1850 792 aputu

1123 815 1276 847 καλιμυς,
1291 822 1365 847 pouq
1379 807 1406 838 δε
1424 821 1457 838 ‘ro
1472 814 1571 847 χυλος
1589 808 1751 843 cratonem,
1774 804 1800 834 ὅν
1815 817 1850 834 αι

1125 860 1214 901 εθελῃ
1229 872 1272 898 μη
1289 869 1409 898 σιωηιν·
1439 862 1663 906 ΜΕΤΑΠΗΔς.
1686 869 1718 887 τι
1735 863 1848 887 ailon

1125 910 1169 941 π’
1190 917 1295 947 αλλων,
1321 910 1378 940 o'aeu
1402 909 1467 939 ποτ’
1494 921 1529 939 ιν
1545 921 1583 941 ειη
1599 921 1637 939 τε
1662 920 1806 950 upupam-05
1833 907 1850 940 ἦ

1124 963 1240 1001 &paona
1256 967 1348 992 καλῇ·
1373 960 1460 993 οὕτως
1487 972 1568 998 ειυς-ῳ
1594 970 1653 1000 περι
1679 971 1730 993 τες
1757 965 1849 993 αυλυς

1125 1016 1295 1042 ΧοΡΕτΕι
1314 1023 1346 1040 ιη
1364 1014 1505 1041 ΣτοΜΑ.
1551 1009 1632 1044 Quae
1642 1008 1850 1040 locutionibus

1124 1062 1323 1094 Lucretianis
1337 1071 1487 1102 magnam
1501 1060 1605 1090 lucem
1615 1060 1769 1101 injiciunt.

1170 1124 1252 1155 Ibid.
1276 1125 1426 1155 hianeeis:
1453 1122 1473 1153 i.
1497 1132 1522 1153 e.
1546 1127 1685 1162 apertos3
1713 1121 1852 1164 adeoque

1126 1176 1258 1214 vocales,
1297 1182 1329 1206 et
1356 1180 1569 1215 personantes.
1624 1173 1713 1210 Quid
1745 1174 1851 1212 velim:

1127 1228 1242 1259 clarius
1256 1227 1349 1258 saciet
1367 1225 1514 1257 Sidonius
1529 1224 1732 1264 Apollinaris.
1747 1225 1782 1256 ii.
1801 1228 1851 1256 48.

1429 1299 1465 1324 At
1477 1302 1521 1329 tu,
1530 1298 1688 1324 circumflua
1698 1302 1795 1330 ponto,

1142 1346 1256 1376 Europae
1268 1347 1350 1374 atque
1361 1343 1432 1367 Asia:
1443 1341 1614 1366 commissam
1632 1341 1716 1373 carpis
1727 1340 1853 1372 utrinque

1140 1386 1333 1417 Temperiem:
1346 1391 1410 1408 nam
1422 1382 1552 1407 Bistonios
1563 1382 1791 1412 Aquilonishiatus

1139 1426 1266 1451 Proxima
1274 1423 1421 1449 Chalcidici
1428 1421 1525 1448 sensim
1535 1421 1600 1446 tuba
1609 1424 1744 1453 temperat
1753 1421 1852 1447 Austri:

1125 1497 1147 1527 i.
1164 1508 1190 1527 e.
1213 1505 1325 1526 sonora
1340 1493 1474 1524 flamina.
1508 1492 1550 1523 Et
1565 1491 1598 1522 in
1614 1492 1752 1523 secundo
1763 1503 1853 1524 versu

1126 1557 1237 1578 censeo
1254 1560 1287 1577 το
1303 1547 1490 1577 commissam
1513 1543 1703 1574 mutandum
1729 1555 1794 1574 esse
1819 1545 1854 1574 in

1131 1601 1329 1631 commistam.
1371 1597 1484 1627 Lector
1499 1601 1649 1626 venustus
1658 1595 1789 1636 judicet.

1172 1651 1247 1680 Ver.
1277 1652 1349 1681 593.
1385 1660 1422 1679 ne
1453 1654 1561 1679 cesset:
1598 1657 1673 1678 cum
1701 1653 1854 1687 potestate

1130 1701 1246 1732 scilicet
1269 1700 1388 1730 Graecae
1411 1698 1566 1734 formulae,
1594 1699 1638 1729 ἵνα
1651 1712 1694 1737 μη
1711 1711 1854 1732 qaum-as·

1129 1756 1152 1772 ‘⁸
1168 1751 1246 1782 adeo
1265 1757 1302 1781 ut
1316 1761 1350 1780 re
1363 1748 1435 1780 verii
1458 1759 1622 1789 nunquam
1644 1749 1778 1787 cessat;''
1807 1749 1855 1780 vel

1130 1805 1226 1840 Pane,
1253 1802 1302 1833 vel
1333 1800 1460 1836 Faunis,
1490 1798 1703 1830 indesinenter
1731 1809 1857 1830 sonores

1129 1855 1267 1886 musicos
1281 1852 1503 1884 exercentibus.
1534 1850 1739 1890 Conjeceram
1750 1856 1855 1882 tamen

1128 1905 1363 1938 rescribendum
1379 1913 1458 1934 esse:

1162 1975 1261 2001 Fistula
1270 1974 1429 2006 sylvestrem
1439 1978 1484 1996 nec
1494 1973 1571 1996 cessae
1582 1969 1697 1996 fundere
1706 1976 1823 1996 musam.

1129 2044 1173 2074 Et
1187 2041 1327 2081 profecto
1343 2038 1423 2070 illud
1436 2049 1492 2069 ‘nec
1506 2043 1614 2077 postea
1627 2037 1734 2068 inveni
1756 2037 1787 2068 in
1813 2045 1853 2069 Π.

1130 2093 1252 2130 codice;
1275 2091 1330 2132 qui
1349 2090 1459 2131 fundit
1488 2088 1583 2118 etiam
1611 2087 1652 2118 ad
1680 2089 1856 2119 archa'icam

1130 2145 1314 2184 scripturam
1329 2141 1463 2172 exhibet.
1510 2140 1620 2175 Quum
1635 2149 1707 2169 vero
1718 2139 1855 2170 elemen-

1130 2201 1200 2226 tum
1215 2207 1231 2227 c
1246 2199 1405 2233 arreptum
1427 2201 1493 2222 esse
1518 2191 1615 2229 possit
1643 2200 1681 2220 ex
1707 2190 1857 2220 vocabulo

1131 2251 1290 2287 sequente,
1306 2250 1338 2274 et
1352 2248 1474 2282 recepta
1487 2241 1607 2281 phrasis
1619 2241 1739 2271 doctior
1754 2241 1858 2272 videa.

1131 2305 1183 2329 tur
1196 2304 1228 2328 et
1242 2295 1396 2334 subtilior,
1412 2293 1550 2334 adeoque
1561 2293 1659 2332 po'evae
1673 2292 1798 2323 sublimi
1811 2299 1858 2324 at·

1132 2361 1193 2392 que
1207 2349 1331 2380 erudito
1345 2347 1478 2378 minime
1492 2345 1710 2386 incongruens,
1725 2344 1860 2386 vulgatis

1133 2403 1207 2434 stari
1222 2402 1324 2432 velim.

1177 2454 1258 2486 Ibid.
1280 2455 1452 2494 sylvestrem
1480 2461 1608 2482 wunsam.
1654 2449 1742 2485 Quas
1769 2457 1861 2480 voces

1133 2506 1254 2547 excepit
1267 2511 1371 2546 pastor
1386 2505 1594 2541 Mantuanus,
1609 2501 1664 2533 ecl.
1679 2501 1699 2532 i.
1716 2504 1745 2532 2.

1196 2584 1351 2617 Sylveserem
1367 2582 1443 2608 tenui
1453 2587 1553 2606 musam
1564 2578 1702 2606 meditaris
1710 2577 1806 2617 avena.

1134 2651 1179 2682 Et
1193 2650 1331 2681 multum
1346 2648 1509 2680 adornavit
1523 2657 1607 2682 sane,
1624 2643 1709 2676 illata
1724 2643 1862 2674 dictione

1134 2702 1229 2742 longe
1245 2699 1501 2742 exquisitissim2¹i3
1523 2698 1683 2728 meditaris
1693 2694 1774 2726 dico.

1181 2754 1256 2784 Ver.
1274 2756 1345 2784 594.
1369 2753 1489 2782 Versus
1503 2747 1673 2780 consimilis
1686 2746 1790 2786 phrasi
1812 2756 1860 2777 re·

1137 2805 1253 2846 petitur
1275 2805 1310 2834 in
1339 2814 1366 2834 v.
1389 2806 1460 2833 843.
1483 2800 1623 2841 alioquin
1645 2799 1699 2837 sic,
1730 2798 1778 2834 uti
1803 2807 1862 2828 nos

1137 2857 1293 2888 edidimus
1307 2861 1339 2886 et
1353 2854 1491 2896 evulgari
1513 2853 1599 2888 solet,
1614 2851 1699 2882 solus
1714 2850 1793 2882 Pius
1806 2859 1859 2881 ex·
1911 2854 1912 2889 ᾖ

1138 2909 1224 2940 bibet
1244 2917 1318 2939 cum
1335 2907 1375 2938 Ο.
1392 2912 1436 2939 Ω..
1457 2915 1532 2937 nam
1546 2914 1603 2945 pro
1620 2905 1749 2942 C'aetera,
1763 2900 1860 2933 vind.
