1912 3292
482 217 714 264 LIBER
775 214 1156 271 QUARTUS.

1467 226 1554 265 281

219 348 405 404 Binaque
422 361 497 401 per
516 354 620 386 totas
640 345 763 385 aedeis
781 345 993 400 geminare
1013 345 1209 399 supellex3

216 422 272 463 Et
292 420 468 475 duplices
488 418 704 458 hominum
722 416 859 466 facies,
881 424 922 457 et
940 431 1115 471 corpora
1133 418 1242 460 bina.

96 500 177 537 455

264 493 470 547 Denique,
499 506 623 546 quom
645 491 756 532 suavi
775 490 960 530 devinxit
978 491 1163 531 membra
1183 506 1328 546 sopore

214 570 404 615 Somnus,
427 574 467 606 et
488 566 529 605 in
552 564 710 605 summa
731 578 878 619 corpus
897 564 1007 618 jacet
1026 578 1150 604 omne
1168 564 1325 619 quieteg

207 641 319 682 Tum
338 640 504 697 vigilare
524 648 662 680 tamen
682 639 816 688 nobis,
838 653 886 681 ac
905 638 1091 679 membra
1110 653 1275 679 movere

207 714 359 755 Nostra
380 713 569 754 videntur
575 732 587 764 3
621 722 661 754 et
681 713 724 754 in
744 712 875 754 noctis
895 711 1067 768 caligine
1087 711 1196 753 caeca

61 873 159 914 prime
173 877 321 903 venustus
343 878 389 903 est
410 872 504 903 etiam
522 873 631 903 Cicero
646 882 702 912 pro
717 872 782 903 Mi-

28 969 30 971 >
58 925 120 956 lon.
144 929 171 955 8.
203 928 225 944 “
244 925 355 965 Itaque
378 925 494 965 delegit
515 935 532 955 e
553 927 784 966 florentissimis

60 979 83 994 ‘⁶
98 975 259 1006 ordinibus
283 976 350 1014 ipsa
374 978 524 1006 lumina.‘'
570 975 650 1005 Vide
672 976 691 1006 i.
708 979 780 1007 899.

63 1027 227 1058 Coronidis
252 1034 357 1057 autem
379 1028 446 1058 ioco
466 1027 631 1058 Claudiani
647 1027 734 1057 locus
749 1038 781 1057 a·

57 1080 267 1110 moenissimus
281 1080 414 1116 accedat,
431 1080 469 1110 de
486 1081 648 1120 Magnete,
675 1090 735 1110 ver.
753 1083 781 1110 7.

88 1161 168 1186 Unde
179 1161 265 1186 fluant
276 1162 361 1191 venti,
372 1162 485 1193 trepidae
498 1161 555 1192 quis
566 1161 666 1186 viscera
676 1164 757 1186 terrae

86 1201 231 1226 Concutiat
241 1205 343 1231 motus,
356 1202 414 1232 quis
424 1201 532 1232 fulgura
543 1201 623 1224 ducat
635 1200 734 1229 hiatus,

85 1240 166 1265 Unde
176 1244 272 1265 tonent
284 1241 378 1270 nubes,
390 1247 443 1271 quo
454 1239 549 1264 lumine
557 1238 651 1269 floreat
661 1245 746 1263 arcus.

53 1315 118 1346 Pro
126 1318 248 1356 fluant,
270 1315 396 1355 conjicit
412 1314 566 1345 Heinsius
579 1320 693 1349 ruant3
717 1313 776 1343 ira-

49 1366 90 1396 tis
107 1366 238 1396 Gratiis:
265 1366 334 1395 vide
356 1372 498 1395 nostrum
517 1365 642 1399 Carum,
668 1364 688 1394 i.
704 1367 775 1394 281.

49 1417 95 1447 uti
111 1427 191 1456 saepe
213 1417 288 1447 alias
302 1416 425 1447 locutus
445 1423 499 1446 est.
546 1416 675 1446 Addam
690 1416 774 1446 Ven-

49 1467 138 1498 Hon.
154 1468 374 1505 Fortunatum,
392 1467 440 1497 vii.
456 1471 485 1497 4.
502 1470 551 1498 19.

78 1548 184 1573 Limina
193 1548 368 1580 sardonychae
379 1547 482 1572 variato
493 1547 589 1572 lumine
596 1547 698 1578 florent.

46 1620 91 1651 Et
105 1620 251 1650 translata
264 1619 387 1650 videtur
401 1619 495 1650 dictio
509 1621 548 1650 ab
563 1626 652 1650 celate
668 1619 771 1649 viven-

42 1671 135 1702 tium.
180 1671 267 1701 Testi
282 1671 323 1701 sit
338 1671 501 1708 Horatius,
518 1676 572 1701 art.
587 1671 670 1710 po'et.
688 1674 738 1701 62.

45 1753 89 1782 Et,
97 1753 232 1784 juvenum
243 1752 308 1783 ritu,
316 1751 410 1782 floren!
419 1751 502 1776 modo
513 1755 586 1780 nata,
597 1751 754 1782 vigentque.

47 1823 142 1854 Unde
165 1823 356 1853 Ammianus
386 1822 602 1858 Marceninus,
635 1821 716 1851 xxiv.
741 1824 769 1852 7.

45 1878 113 1898 —“
129 1881 168 1911 et,
206 1874 448 1915 conflagratione
477 1873 642 1913 procedere
672 1873 768 1909 vetiti,

45 1930 67 1945 “
82 1926 199 1956 stativis
210 1926 324 1962 castris,
340 1926 418 1956 dum
421 1928 564 1967 flammae
575 1931 767 1960 senescerent,

44 1980 66 1996 ‘⁴
81 1978 298 2008 tenebamur.”
346 1977 396 2007 Sic
411 1977 474 2007 alii.

83 2038 158 2068 Ver.
173 2041 245 2069 455.
263 2040 440 2077 geminare:
469 2043 515 2067 Ω.
540 2038 769 2076 germinare.—

40 2089 85 2120 Et
107 2088 202 2119 lector
223 2087 450 2118 animadvertat
480 2087 659 2117 absolutum
683 2086 768 2117 verbi

37 2142 157 2180 gemino
172 2150 274 2175 usum,
297 2138 337 2169 ad
357 2149 479 2169 morem
494 2138 634 2168 Lucretii
648 2138 764 2177 ipsissi-

40 2203 138 2223 mum.
176 2192 397 2232 frequentavit
411 2193 542 2230 verbum
556 2191 765 2230 compositum

39 2245 183 2281 similiter:
193 2244 363 2285 Virgilius3
385 2244 475 2284 cujus
485 2243 628 2282 exemplo
642 2243 681 2272 sit
695 2253 763 2283 geo.

81 2299 143 2308 ,ιι-υ»

41 2297 62 2326 i.
79 2308 152 2326 ooo.

249 2378 406 2411 ingeminant
427 2379 520 2408 austri,
547 2382 574 2404 et
596 2377 764 2404 densissimus

193 2418 289 2443 imber.

40 2494 116 2524 Hoc
129 2503 244 2533 genere
258 2492 414 2531 specimen
435 2492 616 2533 exquisitius
631 2491 763 2521 editores

40 2545 230 2576 Homericos
243 2554 370 2584 prorsus
380 2544 486 2582 latuit,
503 2544 542 2574 ad
559 2544 598 2574 ll.
615 2549 650 2574 Δ.
666 2547 739 2574 460.

56 2633 107 2656 Τον
121 2629 144 2665 ῥ’
158 2627 233 2656 ἐξειλε
245 2640 337 2664 xpm-05
350 2629 447 2664 κορυθος
459 2633 538 2662 exhor
555 2628 723 2657 lemossoemvs·

53 2680 87 2704 Ev
100 2678 126 2704 δε
137 2688 245 2711 paea-may
257 2679 369 2707 ΠΗΞΕ,
383 2686 468 2711 trapa-2
482 2676 504 2702 δ’
516 2676 554 2711 αρ’
567 2686 647 2702 θετέον
660 2685 721 2706 ειη-ι,

54 2727 176 2752 ΑΙΧΜΗ
190 2730 312 2759 χαλκεινβ
331 2736 372 2751 τιν
385 2725 409 2751 δε
423 2735 512 2753 mam-03
525 2723 578 2750 ocoe’
592 2724 727 2756 εκαλνᾷεν.

36 2799 88 2830 Ita
114 2800 202 2831 locus
222 2806 288 2831 erat
317 2799 571 2840 distinguendus,
593 2805 630 2829 ut
655 2799 756 2829 nomi-

35 2851 158 2881 nativus
189 2866 288 2893 αιχμη
322 2852 362 2882 ad
393 2854 478 2890 πῆξεν
508 2852 603 2881 etiam
636 2851 758 2881 rediret.

36 2907 60 2926 ι(
78 2903 190 2943 Cuspis
202 2915 239 2935 *se
257 2905 294 2934 in
316 2904 419 2935 fronte
440 2904 556 2946 firit‚·”
590 2903 638 2934 vel
664 2902 760 2933 infixa

827 877 881 902 est.
931 872 1079 901 Acumen
1115 869 1286 900 scholiastis
1320 880 1388 901 rem
1422 869 1552 909 pulchre

827 922 1009 963 penetravit,
1034 928 1064 952 et
1090 920 1279 961 lepidissime
1304 921 1470 951 declaravit
1488 921 1550 952 lec-

826 974 955 1012 toribus,
982 973 1086 1003 nescio
1112 972 1269 1013 quomodo
1290 973 1324 1002 in
1347 973 1430 1003 hunc
1452 983 1552 1014 usque

827 1025 911 1056 diem
954 1024 1252 1055 obsurdescentibus.
1312 1025 1416 1062 Πηξεν·
1459 1029 1551 1054 ΕΝΗ-

826 1081 950 1112 ΡΕῙΣΕ,
991 1080 1324 1106 RATAHEIIHKTAI:
1373 1084 1443 1115 quae
1478 1079 1552 1104 Sunt

825 1125 1049 1167 elegantissimi
1063 1125 1201 1155 hominis
1215 1124 1412 1165 glossemata.

866 1189 944 1219 Ver.
961 1192 1032 1220 454.
1054 1190 1207 1228 duplices:
1245 1188 1279 1217 P.
1306 1188 1470 1226 dupliceis,·
1509 1186 1550 1216 V.

824 1238 871 1270 ed.
888 1246 933 1270 Ω..
959 1240 1091 1279 duplicis
1096 1254 1108 1274 ‚·
1132 1238 1187 1268 sed
1201 1243 1283 1267 certe
1297 1247 1468 1276 perperam.

865 1300 940 1330 Ver.
956 1302 1028 1330 455.
1051 1310 1151 1339 quom,
1167 1298 1216 1328 vel
1230 1309 1317 1328 cum:
1343 1298 1381 1328 B.
1396 1299 1480 1328 dum.

865 1359 947 1389 Ibid.
968 1370 1086 1398 sopore:
1114 1359 1134 1389 i.
1149 1368 1175 1388 e.
1199 1370 1325 1400 καρωσει,
1348 1356 1412 1386 sive
1434 1355 1547 1386 affectu

820 1411 973 1451 graviore,
997 1412 1128 1441 Somnus
1141 1412 1277 1441 devinxit
1293 1410 1434 1439 membra.
1479 1407 1546 1438 Pii-

819 1463 903 1500 nius,
927 1468 988 1492 nat.
1012 1462 1080 1492 hist.
1103 1462 1164 1492 xxi.
1182 1465 1231 1492 71.
1256 1464 1279 1479 “
1296 1461 1406 1501 Hujus
1427 1460 1547 1490 semine

818 1519 841 1534 “
857 1526 994 1546 somnum
1008 1515 1090 1545 allici
1096 1527 1106 1552 ;
1131 1515 1184 1545 sed
1199 1514 1330 1544 modum
1345 1514 1545 1552 servandum,

818 1570 840 1585 “
856 1577 896 1597 ne
917 1578 1004 1607 sopor
1026 1566 1108 1597 fiat.'’
1155 1567 1237 1597 Inde
1258 1572 1341 1597 recte
1356 1566 1478 1596 Lucani
1498 1565 1544 1595 lo-

816 1628 871 1648 cus
900 1618 1098 1658 percipietur,
1128 1619 1237 1649 Phars.
1260 1618 1303 1648 iii.
1327 1621 1358 1648 8.
1388 1617 1428 1647 ad
1450 1626 1546 1657 quem

817 1670 1022 1700 Burmannus
1038 1675 1148 1699 aestuat
1163 1669 1381 1706 cruciabiliter,
1397 1674 1429 1697 et
1444 1668 1542 1698 Bent-

815 1721 894 1751 leius
909 1731 972 1750 non
989 1720 1028 1750 de
1042 1720 1132 1751 solito
1147 1720 1292 1760 perspicit
1306 1725 1409 1749 acute:

877 1802 942 1826 Inde
952 1800 1085 1832 roport'fero
1100 1804 1237 1825 cesserunt
1246 1799 1373 1831 languida
1382 1806 1467 1825 somno

876 1840 998 1864 Membra
1008 1839 1099 1864 ducis:

813 1925 833 1955 i.
848 1936 875 1956 e.
900 1928 922 1943 “
938 1936 1049 1956 somno
1071 1938 1190 1967 καρωσιν
1210 1924 1380 1966 quandam,
1404 1923 1452 1954 vel
1469 1933 1541 1963 pro-

815 1980 836 1994 “
852 1976 1077 2006 fundi-ssimum
1092 1987 1247 2016 soporem,
1263 1975 1435 2006 afferenti.”
1481 1974 1541 2003 Ni-

812 2027 857 2057 hil
886 2027 925 2057 ad
951 2027 1108 2068 liquidum
1133 2033 1234 2067 potest
1255 2037 1321 2057 esse
1342 2025 1537 2065 exploratius.

812 2078 979 2118 Virgilius,
995 2079 1070 2109 AEn.
1086 2078 1107 2109 i.
1123 2082 1195 2109 680.

840 2164 917 2187 Hunc
929 2170 990 2194 ego,
1000 2162 1109 2195 sopitum
1118 2170 1214 2193 somno,
1224 2169 1302 2194 super
1312 2162 1367 2186 alta
1377 2161 1507 2193 Cythera,

837 2204 893 2228 Aut
904 2210 983 2234 super
994 2202 1119 2233 idalium,
1129 2201 1233 2227 sacrata
1243 2202 1306 2227 sede
1315 2201 1472 2226 recondam.

809 2285 873 2316 Ubi
901 2286 1025 2316 Servius
1050 2291 1222 2325 argutatur.
1266 2283 1379 2314 Talem
1402 2293 1535 2322 soporem

807 2339 906 2366 somni
935 2337 1120 2366 Theocritus
1141 2336 1262 2366 vocavit
1284 2336 1357 2365 [rme
1378 2347 1476 2372 κωμα,
1501 2333 1537 2362 in

808 2388 1032 2428 epigrammate
1060 2388 1282 2428 pulcherrimo,
1311 2386 1366 2416 sed
1391 2385 1536 2415 nondum

807 2440 856 2469 vel
871 2439 1025 2478 explicito,
1041 2439 1089 2469 vel
1100 2445 1276 2479 persanato:
1303 2448 1379 2467 nam
1395 2437 1535 2466 virorum

806 2491 971 2521 doctorum
996 2491 1169 2521 tentamina
1190 2491 1289 2529 po‘e'tae
1311 2494 1451 2518 mentem
1474 2487 1534 2516 rni-

807 2542 892 2571 nime
913 2542 1104 2582 pertingunt.
1150 2542 1219 2571 Nec
1251 2539 1389 2570 multum
1419 2538 1533 2569 discre-

804 2598 857 2631 pat
874 2606 907 2622 ero
923 2592 965 2622 D.
979 2593 1000 2623 J
1004 2592 1124 2631 oannis,
1146 2602 1257 2632 evang.
1275 2592 1314 2621 xi.
1334 2594 1381 2621 13.
1405 2602 1533 2628 κοιμπσις

807 2644 888 2674 nime.
942 2643 1130 2673 Pervenuste
1154 2642 1248 2673 Tusc.
1274 2641 1373 2681 dispp.
1394 2641 1415 2671 i.
1437 2645 1533 2672 49.—

806 2698 828 2713 “
844 2693 920 2734 quid
943 2694 1063 2730 melius,
1087 2704 1183 2734 quam
1204 2694 1238 2723 in
1260 2693 1373 2724 mediis
1394 2693 1465 2722 vitae
1486 2691 1532 2721 la·

805 2749 827 2764 “
844 2746 970 2775 boribus
991 2744 1226 2780 obdormiscere,
1250 2750 1282 2774 et
1303 2744 1347 2774 ita
1361 2743 1530 2774 conniven-

804 2799 825 2814 “
842 2802 906 2826 tem
921 2807 1022 2827 somno
1038 2798 1191 2835 consopiri
1205 2793 1437 2834 sempiterno?”
1462 2793 1531 2824 Nec

802 2847 908 2878 minus
930 2847 1029 2877 versio
1050 2846 1176 2887 vulgata
1205 2846 1385 2883 bibliorum,
1415 2855 1486 2885 gen.
1509 2845 1530 2875 i.

804 2905 853 2931 21.
877 2900 1018 2942 quamvis
1041 2900 1210 2940 scriptores»,
1233 2899 1298 2930 otio
1317 2897 1528 2934 consulentes,

769 2960 836 2990 ΤΞ
