1912 3292
333 237 427 278 336

835 227 895 276 Τ.
942 227 1321 276 LUCRETII

356 366 447 401 805-
469 360 531 403 Ut
550 359 700 409 videat,
731 359 843 416 quod
862 359 1138 415 consequitur,
1159 373 1247 399 rem
1267 371 1484 414 quamque:
1515 357 1565 398 fit
1583 372 1695 415 ergo.

529 434 682 476 Nonne
701 433 828 484 vidos,
859 433 998 475 oculos
1017 433 1156 484 etiam,
1188 447 1330 489 quom,
1361 433 1499 474 tenuia
1519 447 1613 488 quae
1632 440 1742 483 sunt,

471 508 651 550 Cernere
670 517 897 564 coeperunt,
929 507 1177 549 contendere
1196 523 1253 558 se,
1284 516 1406 563 atque
1425 522 1587 563 parare;

470 582 559 624 Nec
578 583 665 624 sine
686 597 735 623 eo
755 582 844 623 fieri
862 597 996 637 posse,
1027 590 1073 622 ut
1100 596 1313 622 cernamus
1333 581 1472 623 acute?

470 656 526 697 Et
545 665 683 697 tamen
702 657 746 695 in
766 655 887 695 rebus
906 669 1069 709 quoque
1088 654 1238 707 apertis
1257 668 1425 695 noscere
1444 657 1586 710 possis„

355 737 437 772 810
470 731 515 772 Si
535 744 619 770 non
640 728 830 770 advortas
849 728 1049 776 animum,
1079 726 1254 782 proinde
1273 742 1372 779 esse,
1404 730 1519 784 quasi
1537 730 1651 770 omni

327 887 376 916 Sic
402 885 568 926 Virgilius,
591 885 626 915 in
653 884 790 915 versibus
812 884 1050 925 exquisitissima

325 944 491 973 venustate,
509 938 585 968 AEn.
602 936 623 967 i.
645 940 714 968 157.

339 1019 440 1045 Defessi
452 1019 592 1048 AEneadae,
603 1024 666 1050 quae
678 1018 815 1050 proxima,
826 1019 904 1043 litora
914 1025 993 1043 cursu

338 1057 494 1084 eontendunt
502 1061 596 1090 paen,-
614 1060 642 1083 et
653 1057 747 1090 Libya:
760 1061 902 1083 vertuntur
912 1058 946 1082 ad
957 1064 1024 1082 oras.

331 1133 498 1162 Vertuntur
512 1136 619 1161 autem
635 1140 727 1160 sensu
743 1129 864 1165 reflexo,
877 1141 906 1161 se
921 1136 1048 1161 vertunt.

326 1182 477 1213 Confer-as
493 1182 588 1212 etiam
604 1181 760 1219 Nonium,
774 1182 812 1212 iv.
828 1184 900 1212 458.

366 1234 450 1266 Ibid.
473 1240 561 1265 acute
578 1235 714 1265 Cernere.
739 1233 902 1270 Horatius,
919 1239 974 1264 sat.
990 1234 1008 1264 i.
1020 1237 1050 1263 5.

327 1290 376 1318 26.

353 1360 410 1384 Cur
425 1360 453 1383 in
461 1359 612 1384 amicorum
623 1358 694 1383 vitiis
704 1361 761 1383 tam
772 1358 852 1382 cernis
864 1361 967 1383 acutum
975 1358 988 1382 ἓ

327 1432 493 1468 Caeterum‚
523 1431 642 1469 omnia,
671 1441 741 1471 quae
767 1430 873 1470 jacent
903 1430 984 1460 inter
1016 1443 1050 1461 φο

323 1490 395 1514 sunt
420 1482 550 1523 hujusce
574 1480 689 1517 versus,
719 1487 811 1521 atque
841 1494 874 1511 το
898 1482 962 1511 nisi
988 1490 1048 1510 ver.

324 1539 396 1566 805.
429 1534 542 1565 desunt
573 1538 608 1564 Δ.
639 1532 754 1570 codici;
787 1533 903 1563 librarii
934 1532 1051 1564 scilicet

322 1586 415 1618 oculo
427 1585 462 1616 in
476 1585 629 1625 posterius
643 1587 707 1616 nisi
720 1584 810 1621 male,
822 1591 858 1615 ut
873 1584 958 1620 solet,
974 1596 1048 1615 con·

318 1639 410 1678 jecto.

366 1690 443 1720 Ver.
459 1692 530 1719 805.
552 1699 630 1719 sese:
657 1688 700 1718 sic
717 1688 754 1718 P.
772 1687 811 1718 Ο.
829 1692 863 1718 Δ.
878 1688 991 1723 caeteri,
1007 1699 1047 1724 se,-

323 1752 361 1773 ex
377 1751 478 1772 errore
492 1739 584 1775 facili,
600 1746 664 1769 tam
679 1749 734 1778 per
749 1749 788 1773 se,
805 1749 899 1779 quam
915 1740 954 1769 ob
966 1737 1049 1769 mul-

324 1800 370 1824 tas
384 1792 538 1829 elisiones,
553 1790 720 1831 caliginem
735 1789 842 1820 scribis
856 1789 1043 1831 injicientes:

323 1845 378 1875 sed
392 1854 497 1875 versus
511 1842 630 1872 mancis
651 1841 791 1872 numeris
812 1851 876 1871 non
896 1847 962 1871 erat
977 1841 1047 1872 Ha—

324 1904 487 1935 vercampo
501 1893 733 1934 relinquendus.

367 1947 442 1978 Ver.
458 1949 530 1977 804.
541 1945 709 1987 futuram:
735 1945 772 1975 L.
789 1949 824 1975 Δ.
842 1945 1050 1986 1'1.futurum‚·

323 2005 360 2029 ut
373 1998 516 2038 vulgares
537 1997 624 2035 editi,
652 1996 788 2027 formula
813 1997 949 2027 doctiore
973 1997 1051 2028 nihil

324 2049 498 2086 intellectiu
523 2062 564 2088 τῳ
578 2050 657 2088 quod
675 2058 788 2087 nempe
806 2060 868 2078 rem
884 2049 1049 2088 respicien-

325 2108 368 2132 te:
394 2111 490 2143 quam
505 2111 573 2138 nos,
598 2100 740 2139 pluribus
761 2100 847 2130 libris
873 2101 1050 2140 suppedita-

324 2159 401 2191 tam,
424 2159 455 2182 et
477 2151 647 2182 scribarum
668 2151 796 2181 inscitiae
816 2151 905 2182 valde
920 2152 1049 2182 obnoxi-

325 2215 389 2242 am,
413 2202 617 2233 revocandam
643 2202 774 2232 omnino
793 2203 1048 2234 existimavimus.

327 2256 489 2286 Structura
503 2258 632 2285 est:—“
649 2261 750 2293 sperat
761 2265 828 2284 rem
838 2265 994 2296 quamque
1008 2256 1051 2286 ita

326 2312 349 2326 “
365 2307 515 2342 futuram,
532 2312 567 2337 ut
582 2308 615 2337 id
641 2306 754 2344 videat,
779 2307 863 2347 quod
888 2308 1048 2349 consequi-

324 2363 347 2378 “
365 2359 452 2396 tur;”
477 2358 496 2389 i.
512 2368 538 2388 e.
560 2368 737 2389 connexum
758 2359 857 2389 habet.
906 2359 1049 2400 Plautus,

329 2410 472 2450 Amphit.
487 2409 564 2449 prol.
579 2413 631 2440 55.

327 2494 430 2524 Justam
442 2499 505 2522 rem,
515 2495 542 2517 et
553 2491 673 2522 facilem,
684 2498 739 2517 esse
750 2496 848 2517 oratum
861 2499 876 2517 a
887 2494 961 2518 vobis
972 2494 1045 2519 volo.

327 2563 346 2594 i.
363 2575 388 2594 e.
413 2567 434 2582 “
451 2562 520 2593 volo
536 2565 568 2594 id
583 2563 736 2594 oratum.“
782 2563 843 2594 Sed
866 2564 952 2594 enim
966 2575 1051 2595 error

326 2614 449 2644 videtur
471 2614 546 2645 huic
567 2614 668 2645 versui
692 2614 837 2654 insidere,
866 2615 910 2646 sic
939 2615 1050 2646 tollen-

329 2664 401 2695 dus:

342 2747 445 2778 justam
459 2754 526 2778 rem,
536 2753 565 2773 et
575 2747 694 2779 facilem,
707 2753 841 2774 exoratum
852 2757 868 2774 a
878 2749 952 2775 vobis
962 2750 1033 2775 volo.

329 2817 485 2855 Scriptum
508 2818 625 2849 invenit
644 2819 773 2861 quidam
795 2820 950 2859 librarius,
972 2832 1049 2852 esso·

326 2875 427 2898 ratum
436 2883 445 2903 ,·
471 2878 541 2908 quae
555 2879 622 2904 vox,
641 2881 740 2910 quum
755 2871 882 2902 tandem
897 2871 1052 2902 videretur

328 2919 423 2954 nulla.
448 2919 546 2950 divisa
569 2927 614 2950 est
638 2921 672 2953 in
691 2921 853 2963 vulgarem
866 2923 1046 2954 lectionem:

1091 894 1169 916 nam
1183 895 1258 916 sane
1272 886 1306 916 in
1320 885 1436 926 duplex
1450 896 1475 923 s,
1499 891 1535 916 ut
1556 894 1776 925 saepenumero,
1798 897 1816 915 :c

1093 936 1220 966 abierat:
1247 936 1383 966 indicem
1404 936 1547 966 criticum
1568 936 1718 968 consulas
1763 935 1816 966 Ci-

1092 997 1174 1024 cero,
1197 986 1231 1016 in
1248 986 1338 1017 Verr.
1358 997 1385 1016 v.
1401 989 1519 1017 65.—“
1534 985 1596 1022 sed,
1616 984 1816 1028 ¹quocumque

1093 1041 1115 1056 “
1132 1038 1282 1075 venerint,
1308 1038 1388 1067 hanc
1417 1037 1476 1067 sibi
1500 1047 1563 1068 rem
1586 1036 1729 1076 prasidio
1749 1048 1818 1077 spe-

1093 1093 1115 1108 “
1131 1096 1201 1120 rant
1215 1089 1396 1130 futurum.''
1443 1089 1507 1120 Ubi
1530 1088 1630 1119 multa
1643 1088 1819 1120 consimilia

1093 1152 1113 1171 a
1127 1141 1311 1172 doctissimis
1326 1140 1626 1171 animadversoribus
1640 1140 1820 1172 afferuntur.

1095 1193 1177 1223 Haec
1199 1197 1306 1222 autem
1331 1191 1475 1231 exempla
1493 1191 1554 1222 Pio
1575 1191 1736 1231 debemus,
1766 1191 1821 1233 qui

1094 1254 1131 1275 ea
1145 1254 1270 1284 prorsus
1295 1243 1508 1286 απροςδιονυης
1532 1242 1709 1274 adhibuerit
1730 1253 1823 1283 supe-

1094 1296 1169 1335 rius,
1190 1295 1231 1327 ad
1244 1307 1305 1328 ver.
1322 1299 1393 1328 778.

1136 1356 1210 1387 Ver.
1229 1359 1302 1388 805.
1323 1367 1386 1387 rem
1401 1357 1487 1386 abest
1502 1361 1750 1397 A.—quamque:
1777 1362 1819 1387 11.

1092 1408 1392 1449 quacumque—fit.-
1419 1413 1460 1438 11.
1479 1409 1527 1438 sie.

1137 1466 1208 1497 Ver.
1220 1470 1292 1498 806.
1307 1478 1396 1507 quom
1411 1466 1498 1497 deest
1514 1473 1555 1497 Π.
1570 1466 1625 1508 qui
1637 1467 1731 1497 habet
1743 1469 1818 1505 sint,

1093 1524 1128 1549 ut
1151 1518 1241 1549 editi:
1269 1518 1387 1549 caeteris
1413 1518 1498 1549 libris
1522 1518 1562 1548 ad
1586 1528 1689 1548 unum
1712 1524 1821 1548 contra

1092 1569 1434 1608 stantibus—Deinde,
1464 1570 1498 1600 in
1514 1570 1557 1600 V.
1581 1569 1628 1600 ed.
1652 1570 1689 1600 B.
1713 1569 1750 1600 L.
1772 1569 1821 1600 Μ.

1094 1627 1133 1657 Ο.
1152 1633 1196 1657 Ω.
1223 1626 1372 1665 repetitur
1395 1636 1456 1656 ver.
1472 1628 1542 1656 803.
1566 1624 1620 1655 sed
1645 1623 1820 1654 indubitate

1092 1682 1203 1717 praeter
1216 1677 1315 1716 po'e'tae
1329 1682 1478 1707 mentem.

1137 1738 1212 1768 Ver.
1230 1740 1301 1769 807.
1324 1739 1423 1769 oculos
1439 1739 1617 1768 contendere
1631 1748 1671 1768 se.
1703 1736 1823 1768 Incerti

1090 1789 1298 1831 panegyricus
1312 1789 1346 1819 in
1364 1789 1473 1820 Const.
1491 1789 1576 1830 Aug.
1586 1794 1658 1819 sect.
1673 1790 1821 1824 5.--“et,

1092 1845 1114 1860 “
1130 1842 1156 1872 si
1181 1841 1234 1883 qui
1259 1840 1388 1880 propius
1416 1846 1522 1870 mente
1552 1839 1709 1877 adierunt,
1735 1837 1821 1879 quod

1096 1899 1118 1914 “
1134 1898 1229 1928 oculis
1243 1899 1277 1927 in
1293 1897 1392 1928 solem
1404 1908 1436 1928 se
1450 1896 1697 1928 contendentibus
1708 1894 1818 1930 evenit,

1096 1952 1118 1968 “
1134 1949 1301 1989 praestricti
1326 1949 1402 1987 acie,
1431 1948 1557 1979 videndi
1571 1947 1718 1978 facultate
1732 1955 1821 1977 earu-

1096 2004 1118 2019 “
1135 2000 1258 2030 erunt.''
1304 1999 1386 2030 Vide
1408 1999 1447 2030 ad
1469 2001 1488 2030 i.
1512 2002 1562 2030 67.
1586 1997 1750 2033 Horatius,
1773 2006 1819 2036 ep.

1093 2052 1113 2082 ἰ.
1132 2055 1160 2081 l.
1179 2055 1228 2081 28.

1111 2136 1171 2159 Non
1182 2134 1264 2166 possis
1275 2134 1355 2159 oculos
1366 2137 1498 2165 quantum
1509 2132 1654 2158 contendere
1663 2133 1796 2163 Lynceus.

1094 2205 1204 2246 Vulgo
1231 2205 1360 2246 quidem
1388 2205 1501 2242 editur,
1531 2206 1633 2240 ocqu;
1658 2202 1713 2234 sed
1739 2201 1818 2232 illud

1095 2256 1203 2287 malim
1232 2266 1306 2286 cum
1336 2256 1484 2287 Lambini
1506 2255 1623 2293 codice,
1656 2253 1820 2292 Ascensio,

1096 2307 1317 2349 Bentleioque;
1338 2317 1433 2348 quem
1464 2306 1622 2338 consulas:
1658 2318 1821 2348 arto-nopa-

1094 2374 1237 2401 κισμεναις
1253 2360 1382 2390 Baxteri
1396 2359 1516 2396 naeniis,
1539 2359 1594 2400 qui
1608 2357 1648 2389 de
1665 2358 1757 2389 solito
1770 2357 1820 2388 in·

1094 2412 1288 2452 eptissimum
1297 2411 1514 2448 cavillatorem,
1530 2411 1650 2442 nasutis
1663 2417 1694 2442 et
1709 2411 1820 2442 libera-

1094 2465 1175 2496 libus
1192 2464 1351 2506 quibusvis
1371 2463 1589 2501 derfflendum,
1613 2473 1646 2494 se
1667 2462 1818 2503 propinat.

1095 2519 1186 2554 Mox,
1203 2519 1241 2549 B.
1257 2517 1366 2556 codex,
1385 2519 1562 2558 possefieri.

1137 2580 1212 2609 Ver.
1229 2583 1300 2610 811.
1315 2585 1457 2611 semotum
1469 2578 1574 2620 fuerit
1588 2584 1742 2609 remotum.
1767 2576 1818 2607 Sic

1094 2630 1201 2661 omnia
1230 2641 1325 2661 omne
1353 2641 1454 2671 genus
1488 2635 1590 2660 vetera
1619 2627 1815 2666 exemplaria.

1093 2682 1169 2713 Jam
1193 2681 1299 2712 videas
1326 2688 1434 2712 autem
1462 2680 1617 2722 flagitium
1651 2678 1818 2714 editorum,

1095 2733 1316 2764 audacissimam
1330 2732 1563 2773 depravationes
1575 2729 1732 2765 Lambini,
1744 2739 1818 2760 cum

1095 2784 1176 2815 mira
1191 2784 1339 2815 facilitate
1356 2783 1485 2825 ingenii,
1510 2784 1570 2813 hoc
1592 2788 1682 2821 pacto
1706 2791 1817 2821 reprae-

1095 2836 1298 2868 sentantium:

1125 2927 1264 2958 Tempore
1273 2928 1371 2950 semote
1377 2924 1492 2956 suerint,
1502 2924 1635 2956 longeque
1644 2924 1752 2947 remote.
