1912 3292
345 225 440 266 346

849 215 910 264 T.
958 216 1340 267 LUCRETII

378 354 459 391 895
493 349 656 404 Corpus
675 356 737 398 ut,
757 363 806 390 ac
824 349 939 390 navis
959 350 1055 391 velis
1075 359 1293 407 ventoque,
1314 350 1479 392 feratur.

552 423 642 464 Nec
660 430 797 464 tamen
817 423 917 465 illud
937 424 981 464 in
1001 423 1080 465 hiis
1100 425 1221 466 rebus
1241 426 1426 468 mirabile
1446 434 1622 476 constat,

491 497 672 538 Tantula
689 497 802 553 quod
822 506 984 539 tantum
1003 513 1152 554 corpus
1172 500 1413 556 corpuscula
1432 509 1602 556 possunt

489 570 790 628 Contorquere',
812 580 854 614 et
873 587 977 613 onus
997 580 1130 614 totum
1151 582 1392 615 convortere
1412 583 1611 616 nostrum.

489 646 657 702 Quippe
676 656 718 689 et
737 649 847 688 onim
869 656 1029 698 ventus„
1052 649 1188 689 subtili
1208 664 1381 704 corpore
1400 651 1549 699 tenuis,

345 816 394 847 M.
412 815 451 847 Ο.
468 820 503 846 Δ.
521 823 563 847 n.
578 820 614 848 Σ.
629 816 734 857 vulgo,
749 819 1073 860 dispergitur.-—quis-

345 878 420 907 que:
453 867 496 897 sic
528 867 565 897 L.
597 868 646 898 M.
678 868 811 907 optime!
840 871 1070 903 venustissime!

344 919 594 959 exquisitissime!
623 931 659 950 ac
682 920 777 962 longe
802 922 958 964 longeque
981 935 1074 963 supra

343 976 470 1009 captum
484 971 696 1010 librariorum,
719 973 772 1013 qui
795 974 901 1004 statim
929 975 969 1004 ad
994 976 1075 1006 hanc

343 1021 534 1062 elegantiam
559 1022 761 1059 offenderent,
791 1031 823 1054 et
847 1025 881 1055 in
907 1025 1076 1057 lectionem

342 1079 525 1104 caeterorum
535 1075 972 1115 exemplariumimmutatum
981 1079 1071 1115 irent,

340 1135 475 1165 quasque
505 1125 583 1156 dico.
636 1126 712 1157 Jam
742 1137 814 1158 vero
850 1130 977 1169 quisque
1005 1132 1071 1168 α’ἑν,

341 1176 429 1215 quasi
445 1178 536 1207 multi
548 1177 665 1207 fuerint
680 1180 774 1214 a'eres,
798 1179 899 1209 multa
916 1179 1073 1210 foramina

342 1233 548 1264 penetrantes.
574 1228 664 1258 Nihil
675 1229 797 1259 rectius.
822 1230 964 1261 Omnem
980 1231 1076 1262 dubi-

341 1278 506 1317 tationem,
530 1279 555 1309 si
571 1290 642 1320 quae
656 1282 797 1319 supersit,
824 1282 880 1313 tibi
903 1283 992 1314 tollet
1013 1294 1074 1316 ver.

343 1333 414 1362 292.
432 1331 561 1370 hujusce
576 1331 655 1362 libri.
680 1333 857 1373 Vitruvius,
873 1335 893 1365 i.
910 1338 936 1366 1.
963 1339 985 1354 “
998 1337 1074 1366 Dis-

342 1384 364 1400 “
380 1381 532 1420 ciplinam
558 1393 631 1414 vero
656 1384 821 1416 medicinae
843 1386 964 1418 novisse
980 1398 1072 1427 opor-

342 1435 365 1451 “
380 1438 433 1469 tet,
449 1442 575 1473 propter
586 1435 805 1468 inclinationes
816 1438 974 1479 coeli,quae
986 1440 1074 1470 Grae-

341 1488 364 1504 “
380 1486 409 1515 ci
436 1493 577 1526 κλιματα
602 1487 728 1526 dicunt;
755 1496 786 1520 et
808 1493 892 1521 aeres
918 1491 1072 1530 locorum,

342 1540 364 1555 “
381 1537 433 1577 qui
461 1544 536 1568 sunt
562 1539 713 1576 salubres,
737 1546 792 1571 aut
817 1541 1072 1580 pestilentes—.”

343 1587 447 1618 Graeci
463 1588 619 1620 similiter:
646 1590 692 1621 uti
713 1601 802 1632 geop.
830 1592 945 1632 scriptt.
970 1604 996 1623 v.
1021 1596 1070 1624 17.

342 1641 370 1669 7.
386 1638 426 1668 ix.
444 1642 472 1669 5.
490 1641 518 1669 7.
534 1645 566 1669 et
580 1640 642 1669 alii.

386 1698 460 1728 Ver.
476 1702 549 1730 894.
577 1702 733 1739 Corporis:
762 1707 803 1731 Π.
822 1703 1070 1742 Comma—heic.-

340 1748 379 1779 P.
395 1755 431 1779 ut
445 1749 533 1788 editi,
555 1752 640 1787 hinc;
657 1751 742 1791 quod
759 1752 926 1794 vulgarius,
943 1759 974 1784 et
987 1754 1068 1786 inP.

339 1799 416 1838 solo,
440 1801 474 1830 ni
490 1801 592 1840 fallor,
604 1802 771 1835 invenitur.

381 1862 457 1892 Ver.
474 1866 546 1894 895.
565 1865 691 1903 Corpus:
710 1865 753 1894 sic
766 1865 803 1895 P.
819 1865 859 1896 B.
875 1865 987 1907 reliqui
1003 1876 1071 1896 om-

339 1925 405 1951 ncs,
431 1918 583 1955 Corpori&
607 1917 691 1957 quod
708 1917 781 1948 ferri
798 1919 903 1957 possit,
927 1919 952 1949 si
967 1929 1070 1950 accer-

339 1978 388 1997 sas
403 1978 519 1998 nomen
534 1971 638 2000 molem
655 1980 674 1998 a
689 1980 749 1999 ver.
767 1973 839 2001 889.
856 1976 887 2000 et
901 1973 927 2001 z's
953 1970 1071 2010 syllaba

338 2017 482 2054 elidatur,
499 2019 539 2049 ad
548 2020 787 2050 veterrimorum
797 2021 1067 2053 consuetudinem:

340 2070 394 2099 sed
417 2070 544 2110 vulgata
569 2070 662 2110 longe
691 2077 844 2109 praestant,
876 2078 908 2102 et
930 2073 1070 2104 Lucretii

340 2120 524 2151 facilitatem
538 2121 640 2151 multo
656 2122 756 2162 magis
771 2122 905 2162 resipere
916 2124 1069 2155 videntur.

339 2172 452 2211 Porro,
474 2173 540 2203 vice
562 2180 595 2204 ut
614 2184 664 2211 ac,
688 2173 829 2214 evulgari
852 2175 931 2205 solet
952 2178 1000 2206 uti
1027 2182 1069 2211 ut,

340 2230 448 2254 contra
462 2234 572 2254 omnes
587 2225 693 2263 libros,
709 2226 869 2256 temen-iter
883 2232 913 2257 et
928 2227 1068 2259 insulsis-

339 2275 508 2307 sime.—ac
524 2277 609 2306 abest
626 2283 670 2307 Ω.

384 2337 464 2368 Ibid.
488 2339 560 2368 velis
574 2344 725 2378 ventoque.
764 2338 846 2368 Haec
861 2349 915 2378 per
929 2339 1067 2381 hendya-

337 2388 400 2419 den
416 2388 478 2419 dici
492 2389 645 2418 debentur
667 2388 812 2430 intelligi,
838 2400 895 2429 pro
910 2393 981 2422 velis
997 2403 1067 2422 ven-

335 2442 422 2478 tosis,
444 2439 492 2469 vel
507 2439 621 2470 inflatis
635 2446 740 2478 vento;
766 2440 786 2470 i.
801 2452 827 2471 e.
842 2442 987 2472 feruntur
1001 2443 1066 2483 ple-

339 2501 382 2521 no
405 2491 539 2530 impetu:
572 2491 613 2521 ad
641 2502 762 2522 morem
788 2492 1067 2525 innumerabilium

338 2541 547 2573 formularum
562 2543 727 2582 similium,
754 2550 817 2574 tam
840 2546 873 2575 in
896 2547 990 2577 soluti
1004 2557 1066 2577 ser-

339 2595 444 2625 monis
459 2596 667 2635 scriptoribus,
690 2607 784 2637 quam
800 2597 903 2638 ligati3
927 2599 975 2629 vel
990 2610 1065 2639 pue-

339 2646 381 2675 ris
396 2647 641 2678 notissimarum:
669 2648 746 2679 adeo
768 2655 804 2678 ut
826 2651 1003 2680 correctoris
1017 2650 1065 2681 in-

339 2698 504 2730 scitissime
525 2700 697 2740 importuni
720 2701 759 2731 sit
778 2702 965 2733 versiculum
988 2703 1064 2733 divi-

339 2749 517 2781 nationibus
539 2753 706 2783 arbitrariis
731 2753 802 2784 ideo
829 2765 951 2793 vexare3
981 2755 1065 2796 quod

339 2798 413 2829 fecit
437 2801 627 2842 Gassendus,
650 2805 832 2837 rescribens:

625 2906 698 2932 remis
708 2910 856 2939 ventoque,
865 2907 977 2934 feratur.

1119 821 1153 852 Si
1169 822 1238 863 quis
1253 827 1357 852 tamen
1374 826 1461 861 putet
1476 822 1509 851 in
1524 823 1634 852 morbo
1648 822 1761 852 cubare
1774 831 1842 853 ver-

1117 883 1200 912 sum,
1223 873 1475 904 emendationem
1497 873 1590 914 longe
1605 873 1845 914 probabiliorem

1117 924 1209 963 dabo,
1232 931 1264 956 et
1287 935 1357 966 quae
1380 924 1500 955 veritati
1525 925 1566 954 sit
1591 934 1687 966 quam
1709 924 1847 956 maxime

1118 976 1233 1007 affinis:

1298 1057 1329 1075 ac
1341 1048 1415 1074 navis
1427 1049 1513 1079 undis,
1529 1053 1679 1081 ventoque,
1694 1049 1807 1075 feratur.

1116 1112 1214 1151 Nam,
1238 1112 1423 1154 conjunctis,
1446 1112 1495 1142 vel
1516 1123 1612 1153 quam
1633 1112 1775 1152 proxime
1789 1113 1845 1144 ad-

1115 1164 1228 1200 ductis,
1245 1165 1292 1194 uti
1302 1164 1337 1195 fit
1345 1175 1409 1195 non
1420 1174 1501 1202 raro,
1520 1164 1616 1194 literis
1629 1174 1646 1195 e
1662 1169 1694 1194 et
1706 1166 1729 1200 l,
1743 1164 1847 1195 forma

1122 1215 1261 1256 exsurgit
1275 1226 1294 1246 a
1311 1229 1352 1256 τῳ
1366 1217 1436 1246 fidis
1451 1215 1502 1246 vix
1518 1214 1747 1256 distinguenda.
1781 1215 1847 1252 Qui

1121 1266 1241 1296 codices
1251 1272 1387 1297 vetustos
1401 1266 1502 1297 oculis
1515 1266 1744 1306 usurpaverint,
1760 1271 1847 1297 tene-

1119 1319 1200 1348 bunt
1213 1328 1291 1355 rem,
1314 1324 1346 1348 et
1366 1323 1543 1359 agnoscent.
1588 1317 1640 1348 De
1660 1318 1719 1348 hac
1741 1322 1849 1348 autem

1119 1371 1303 1403 confusione
1317 1372 1488 1407 literarum,
1505 1381 1582 1412 quas
1595 1369 1696 1410 posui,
1711 1376 1743 1401 te
1757 1369 1848 1410 plura

1120 1423 1397 1454 Drakenborchius
1422 1423 1555 1461 docebit,
1578 1423 1619 1453 ad
1644 1423 1711 1453 Liv.
1735 1421 1769 1452 ii.
1798 1425 1848 1453 16.

1120 1477 1148 1505 7.
1163 1480 1194 1505 et
1210 1478 1259 1505 21.
1278 1478 1305 1505 1.
1321 1475 1364 1504 ix.
1383 1477 1432 1504 45.
1448 1478 1477 1504 8.
1494 1474 1534 1504 xl.
1551 1477 1601 1505 28.
1618 1477 1646 1504 2.
1677 1474 1847 1504 Fautorem

1116 1526 1196 1557 dabo
1211 1526 1409 1566 conjecturae,
1424 1536 1495 1566 quae
1509 1525 1649 1556 multum
1663 1525 1742 1555 mihi
1756 1524 1846 1555 blan-

1115 1577 1211 1615 ditur,
1228 1583 1260 1607 et
1273 1577 1352 1607 forte
1363 1587 1404 1606 an
1416 1586 1487 1606 vera
1500 1576 1549 1612 sit,
1565 1575 1847 1616 locupletissimum

1115 1628 1261 1659 omnium
1275 1633 1397 1665 testem,
1420 1628 1594 1670 Virgifium
1609 1627 1689 1664 dico,
1713 1627 1754 1659 ad
1769 1627 1845 1659 AEn.

1115 1679 1178 1709 viii.
1195 1682 1268 1710 710.

1147 1768 1225 1794 Illam
1237 1769 1308 1794 inter
1318 1769 1417 1800 caedes,
1427 1769 1574 1802 pallentem
1584 1772 1677 1795 morte
1685 1768 1791 1800 futuri,

1145 1810 1256 1835 Fecerat
1268 1810 1423 1842 Ignipotens
1432 1810 1518 1841 undis,
1534 1813 1558 1834 et
1568 1813 1668 1843 Iapyge,
1674 1809 1755 1841 ferri.

1115 1898 1138 1929 J
1139 1908 1189 1929 am
1206 1909 1279 1930 vero
1293 1899 1459 1930 lectoribus
1474 1909 1542 1931 rem
1556 1899 1701 1941 relinquo
1713 1907 1845 1940 perpen-

1114 1950 1260 1987 dendam,
1282 1951 1362 1981 nihil
1376 1951 1503 1982 inten‘m
1517 1952 1552 1983 in
1569 1951 1716 1984 Lucretio
1729 1960 1845 1982 novare

1114 2003 1171 2032 hac
1183 2002 1344 2033 occasione
1358 2013 1485 2034 mecum
1496 2009 1642 2035 statuens.

1161 2052 1234 2083 Ver.
1250 2056 1323 2085 897.
1340 2062 1485 2094 possunt.-
1506 2055 1553 2086 M.
1571 2061 1612 2086 Π.
1628 2058 1663 2087 Σ.
1673 2055 1801 2095 possint.

1157 2104 1232 2134 Ver.
1249 2108 1320 2136 899.
1335 2112 1440 2137 ventus
1454 2108 1572 2137 tenuis.-
1592 2111 1627 2137 Δ.
1643 2115 1734 2137 voces
1744 2112 1843 2137 trans-

1114 2156 1228 2195 positas
1257 2157 1359 2194 habet,
1382 2157 1506 2189 inscitia
1533 2157 1662 2198 librarii,
1692 2158 1732 2189 de
1753 2167 1844 2189 versu

1112 2209 1260 2240 timentis.

1158 2269 1239 2300 Ibid.
1262 2276 1365 2300 ventus
1378 2273 1485 2301 tenuis.
1522 2269 1673 2301 Similiter
1688 2269 1841 2302 Mantua-

1112 2331 1172 2351 nus
1186 2320 1252 2359 ille,
1272 2321 1346 2351 AEn.
1363 2321 1407 2351 iii.
1424 2324 1496 2352 448.

1233 2415 1296 2422 —
1307 2410 1382 2428 verso
1392 2403 1474 2428 tenuis
1485 2411 1571 2435 quum
1582 2404 1692 2429 cardine
1701 2405 1799 2429 ‘ventus

1142 2442 1312 2474 Inpulit—.

1154 2522 1229 2554 Ver.
1256 2527 1328 2555 900.
1362 2525 1474 2555 Trudic
1499 2535 1609 2565 agens:
1637 2529 1678 2555 11.
1706 2524 1840 2555 Tradita

1110 2576 1382 2606 res.—molimz'ne.·
1411 2575 1449 2606 V.
1465 2575 1512 2606 ed.
1530 2576 1566 2607 B.
1581 2577 1838 2613 volumina—na-

1111 2637 1173 2658 vem
1185 2641 1194 2657 .·
1223 2634 1264 2658 Π.
1282 2630 1396 2665 navim
1420 2628 1474 2659 sed
1489 2634 1667 2660 nostrorum
1680 2626 1776 2663 solus,
1798 2632 1838 2663 et,

1110 2678 1230 2718 opinor,
1255 2680 1408 2710 omnium.
1493 2679 1496 2682 ⁴

1154 2741 1233 2772 Ibid.
1264 2745 1377 2774 Trudit
1392 2754 1497 2783 agens:
1518 2748 1555 2773 ut
1577 2741 1743 2782 Virgilius,
1767 2751 1837 2782 geo.

1108 2793 1152 2823 iii.
1174 2797 1248 2823 412.
1272 2796 1406 2825 turbabis
1431 2805 1536 2834 egem,-
1562 2799 1595 2824 et
1616 2793 1691 2824 AEn.
1715 2792 1736 2823 i.
1765 2796 1836 2825 191.

1106 2846 1209 2875 miscet
1226 2845 1395 2884 agens.—J
1397 2855 1449 2875 am
1464 2854 1535 2875 vero
1550 2844 1590 2875 de
1605 2846 1770 2876 verborum
1782 2842 1838 2874 illa

1106 2895 1327 2938 duplicatione,
1339 2908 1482 2938 magnam
1494 2909 1615 2939 magno,
1627 2897 1766 2930 diximus
1777 2895 1836 2928 ali-
