1912 3292
286 197 381 240 398

765 192 826 244 Τ.
874 193 1255 246 LUCRETII

433 322 575 374 Quam
593 323 757 367 famulae
775 325 899 385 longe
917 328 1109 386 fugitant,
1130 328 1354 386 furtimque
1372 330 1634 374 cachinnant.

295 398 404 440 1170

492 398 552 440 At
572 398 804 443 lacrumans
823 402 1010 446 exclusus
1029 411 1189 446 amator
1208 404 1350 446 limina
1370 420 1479 461 saepe

437 472 627 515 Floribus
646 482 688 516 et
707 476 823 516 sertis
842 477 990 532 operit,
1012 478 1244 534 posteisque
1264 479 1462 534 superbos

435 546 600 605 Unguit
619 550 870 601 amaracino,
892 559 933 592 et
952 550 1108 593 foribus
1127 552 1251 594 miser
1270 553 1408 595 oscula
1427 553 1530 610 figit.

292 705 607 733 rente.—exoriatur:
645 703 743 733 vind.
773 704 815 734 V.
840 704 890 734 ed.
915 705 955 735 Β.
985 711 1020 736 Σ.

289 753 474 783 exhortatur.
520 754 576 783 An
593 755 760 795 αρχαῆνμος
775 754 879 791 lateat,
902 765 959 786 nec
974 762 1020 786 te-

291 811 379 833 mere
393 802 547 833 affinnem
569 804 726 844 equidem,
749 815 808 836 nec
821 805 912 836 valde
925 808 1020 838 abue-

292 863 385 894 gem;
411 861 442 885 et
466 856 632 888 rescribere
653 857 824 889 debeamus
844 865 1016 891 exortatur:

293 914 330 938 ut
353 908 394 939 sit
422 909 576 941 nimirum
600 916 667 942 tam
692 915 810 943 exorior
835 918 867 943 et
891 919 1020 952 exorior,

291 969 389 1000 quam
402 962 524 993 abor-ior
538 968 570 993 et
583 965 695 995 aborto.
739 964 857 995 Ferant
877 964 930 995 alii
950 975 1020 996 sen-

293 1014 434 1046 tentiam.

295 1064 467 1104 Caeterum,
479 1069 598 1108 phrasis
608 1072 652 1103 vis
668 1073 798 1104 Veneris
809 1074 948 1105 membris
959 1084 1022 1104 om-

295 1118 386 1149 nibus
400 1122 557 1152 exoriatur
578 1132 643 1153 non
658 1124 797 1155 multum
811 1124 965 1165 discrepat
978 1124 1022 1156 al-

294 1169 353 1200 teri
368 1171 521 1211 superius,
544 1174 579 1204 in
593 1185 670 1207 verr.
691 1179 783 1208 1046.
801 1180 895 1209 1047.

310 1251 374 1278 Sive
383 1260 450 1285 puer
459 1257 589 1282 membris
599 1258 773 1284 muliebribus
783 1259 856 1284 hunc
863 1260 1009 1291 jaculatur,

312 1294 364 1319 Seu
375 1295 484 1327 mulier,
499 1300 559 1322 toto
569 1297 672 1329 jactans
682 1305 697 1323 e
708 1305 821 1331 corpore
829 1305 962 1324 amorem.

298 1364 394 1400 Quod
408 1367 559 1408 interpres
580 1370 675 1399 etiam
698 1370 790 1401 tacite
811 1370 934 1402 videtur
955 1381 1024 1411 per-

296 1417 423 1455 cepisse.

340 1469 415 1500 Ver.
435 1473 526 1502 1166.
547 1478 637 1503 sunt:
657 1472 694 1503 P.
709 1475 789 1510 sino,·
808 1473 895 1505 deest
909 1484 967 1505 vox
983 1475 1024 1505 V.

297 1519 345 1550 ed.
361 1520 402 1550 B.
421 1524 654 1554 n.—vioeimus:
673 1524 714 1555 V.
723 1524 773 1554 ed.
792 1525 829 1556 Β.
844 1526 1002 1556 maximus.

342 1571 427 1602 Ibid.
453 1574 580 1614 IVempe,
595 1586 711 1615 nempe,
732 1577 858 1616 IVempe.
885 1576 1023 1617 Elegan-

297 1621 417 1654 tissime
432 1625 584 1655 sermonis
595 1626 801 1666 objurgatorii
816 1632 961 1657 naturam
973 1637 1026 1657 ex-

297 1674 408 1712 pressit
423 1675 523 1714 po'eta.
569 1676 621 1708 Sic
647 1677 731 1716 apud
755 1677 917 1716 Plautum,
942 1678 1026 1709 Rud.

298 1724 330 1755 ii.
347 1727 376 1756 7.
392 1730 421 1757 9.

330 1801 379 1827 La.
396 1803 501 1834 Nempe,
511 1802 610 1834 puellae
623 1805 632 1828 ἓ
666 1805 708 1829 Sc.
726 1806 830 1837 Nempe,
841 1804 970 1830 molestus
981 1812 1025 1831 es:

407 1842 473 1872 vise,
488 1842 509 1867 si
520 1842 604 1868 lubet.

302 1903 388 1934 Item
401 1904 435 1935 in
450 1905 606 1937 catalectis
620 1913 761 1938 veterum
776 1908 958 1948 poetarum:

332 1980 436 2011 Nempe,
452 1986 549 2010 pamm
560 1982 634 2005 casta
644 1987 686 2006 es:
714 1984 818 2013 Nempe,
836 1988 863 2007 es
880 1982 1023 2014 deprensa:

405 2019 529 2051 negabis?

830 2053 1005 2095 Preigerus.

344 2123 419 2154 Ver.
435 2127 448 2154 1
457 2128 526 2156 167.
538 2125 649 2166 Vulgo
658 2125 812 2164 scribitur,
822 2129 919 2167 turpi:
929 2138 1029 2168 quum

299 2184 371 2206 vero
396 2175 537 2216 liqueret,
559 2177 668 2207 omnia
689 2177 818 2218 antiqua
839 2179 1030 2218 exemplaria

299 2228 437 2265 praebere
473 2229 583 2268 turpis,
625 2228 821 2270 conjeceram
856 2229 1027 2271 legendum

298 2287 377 2309 esse:

315 2363 347 2372 —
356 2352 452 2377 eadem
463 2352 542 2383 facit,
552 2356 582 2378 ut
591 2353 692 2379 scimus
701 2353 791 2381 facere
801 2355 892 2380 omnia
905 2356 1010 2388 tarpeis.-

300 2427 332 2453 et
345 2428 455 2462 postea
470 2424 550 2455 illud
564 2431 599 2456 ut
614 2425 731 2456 offendi
746 2425 780 2456 in
797 2432 838 2457 Π.
859 2426 974 2458 codice.
992 2431 1027 2459 Σ.

300 2473 397 2504 etiam
410 2474 586 2507 luculenter
600 2483 725 2517 praestat
738 2483 849 2517 turpes.
896 2478 1028 2515 Interea,

299 2525 509 2558 certissimum
536 2534 583 2558 est
619 2541 653 2559 το
688 2530 788 2568 turpis
816 2528 894 2559 velle
923 2539 1031 2560 casum

301 2583 449 2617 quartum
463 2579 594 2618 pluralis
606 2580 743 2619 numeri,
758 2586 789 2611 et
804 2580 909 2611 locum
925 2582 1029 2612 castis-

301 2628 379 2660 sime
394 2631 559 2670 procedere
573 2631 614 2663 ad
628 2632 812 2672 scripturam
832 2635 1030 2665 membrana-

302 2688 375 2709 rum
400 2681 468 2712 sine
492 2682 541 2713 vel
563 2683 728 2714 levissimae
750 2684 935 2715 mutationis
957 2695 1032 2725 ope;

303 2739 379 2760 nam
399 2735 503 2764 eadem
527 2740 556 2765 et
577 2734 800 2766 Lucretianam
824 2745 891 2766 esse
911 2735 1032 2766 formu-

301 2780 366 2812 lam
395 2793 455 2813 usu
487 2784 648 2825 discimus,
681 2797 739 2826 pro
772 2786 894 2828 vulgari
926 2790 1030 2819 eadem

304 2843 353 2870 nc.
376 2834 424 2864 vel
439 2838 544 2867 eadem
559 2844 666 2878 atque.-
692 2838 807 2870 alicubi
819 2849 924 2880 supra,
947 2846 979 2870 et
992 2839 1032 2870 ad

305 2885 348 2918 iii.
361 2889 389 2917 8.
425 2886 545 2919 Sensus
559 2895 616 2920 est:
650 2894 673 2909 “
687 2890 810 2922 Eadem
824 2891 932 2923 omnia
945 2892 1031 2930 facit,

1065 709 1088 724 “
1105 716 1175 746 quae
1201 707 1318 738 scimus
1346 713 1451 748 turpes
1479 714 1512 739 et
1541 709 1722 742 immundas
1743 711 1791 742 sa-

1066 760 1089 775 “
1104 757 1204 788 cere.”
1250 758 1385 798 Nempe,
1400 769 1469 789 rem
1485 759 1662 792 indecoram
1677 762 1790 793 hones-

1065 808 1106 839 tis
1119 809 1219 840 verbis
1233 810 1369 841 obvolvit
1382 816 1504 850 noster;
1524 822 1619 853 quam
1641 814 1667 844 si
1688 814 1792 844 curio·

1063 871 1117 892 sus
1131 861 1205 892 velit
1220 861 1332 903 aliquis
1347 863 1542 903 apertiorem,
1565 864 1619 896 ille
1641 865 1794 906 interpre-

1064 917 1129 943 tem
1143 912 1289 944 adhibeat
1311 913 1469 945 Swiftium
1485 921 1667 955 nostratem,
1682 917 1717 947 iu
1732 917 1796 948 fine

1064 963 1213 1003 po'e'matii
1241 966 1385 996 Cassinus
1419 971 1447 996 et
1476 967 1588 998 Petrus
1617 976 1674 1006 pro
1702 967 1800 998 titulo

1065 1015 1221 1047 habentis:
1246 1017 1340 1047 istam
1355 1017 1474 1047 etenim
1496 1017 1725 1057 turpitudinem
1738 1029 1796 1059 po-

1067 1067 1225 1098 tissimum
1240 1068 1332 1098 innui
1348 1068 1502 1105 existimo,
1518 1068 1588 1099 aliis
1596 1069 1723 1110 insuper
1733 1079 1800 1101 non

1067 1118 1210 1150 exclusis.
1257 1119 1428 1158 Caeterum,
1462 1120 1644 1158 Creechius,
1669 1120 1725 1161 qui
1746 1130 1802 1151 me

1067 1183 1148 1213 pene
1163 1173 1300 1214 fugerat,
1317 1174 1580 1214 opportunissime
1589 1173 1717 1216 quidem
1730 1173 1803 1206 lau-

1069 1225 1123 1256 dat
1139 1225 1231 1257 Ovid.
1248 1226 1365 1257 remed.
1381 1236 1477 1256 amor.
1493 1228 1564 1257 437.

1112 1277 1187 1308 Ver.
1206 1281 1297 1308 1168.
1318 1280 1460 1309 miseram
1483 1279 1584 1309 tetris:
1612 1283 1660 1308 Ω.
1684 1278 1799 1309 misera

1070 1331 1104 1361 in
1121 1331 1376 1373 terris.-sulfit.·
1403 1329 1576 1371 n.findit;
1602 1339 1658 1369 pro
1662 1329 1788 1371 fimdit.

1113 1381 1194 1413 Ibid.
1217 1384 1304 1413 tetris
1329 1381 1488 1413 odoribus:
1526 1383 1545 1411 i.
1573 1391 1599 1412 e.
1625 1382 1804 1421 potentibus·

1069 1433 1174 1472 potius
1188 1438 1281 1474 atque
1297 1432 1484 1470 efficacibus,
1500 1442 1596 1472 quam
1606 1431 1806 1472 injucundis;

1071 1494 1147 1514 nam
1176 1483 1335 1514 naturales
1371 1482 1583 1513 immunditiae
1615 1482 1803 1513 suffimentis

1068 1534 1160 1566 bonis
1176 1540 1266 1565 erant
1281 1534 1490 1565 devincendae.
1536 1533 1588 1563 Ne
1609 1533 1712 1564 dicam
1734 1543 1802 1564 ver-

1068 1587 1145 1616 bum
1166 1585 1269 1624 ipsum
1284 1585 1389 1625 suffire
1403 1585 1456 1614 vix
1470 1585 1612 1615 odoribus
1626 1583 1806 1615 vitabilibus

1069 1642 1255 1676 competere.
1277 1637 1400 1674 Cicero,
1416 1636 1501 1676 epist.
1517 1635 1616 1667 famil.
1630 1635 1694 1667 viii.
1713 1638 1806 1668 15.-

1071 1692 1094 1708 “
1110 1688 1210 1719 nostri
1234 1687 1361 1724 milites,
1384 1688 1439 1728 qui
1463 1687 1637 1718 durissimis
1658 1694 1690 1718 et
1711 1687 1804 1729 frigi-

1070 1744 1092 1760 “
1108 1740 1245 1771 dissimis
1259 1740 1343 1777 locis,
1366 1739 1524 1771 teterrimd
1543 1741 1660 1780 hyeme,
1681 1739 1802 1771 bellum

1071 1795 1094 1811 “
1109 1791 1303 1823 ambulando
1318 1791 1599 1823 confecerunt—:”
1622 1791 1642 1822 i.
1659 1802 1685 1822 e.
1699 1794 1803 1824 soevis·

1070 1843 1149 1876 sz‘mz‘i
1182 1844 1306 1884 hyeme,
1344 1854 1380 1874 ac
1409 1842 1615 1874 severissima:
1660 1843 1802 1874 conferas

1072 1895 1160 1935 Virg.
1173 1895 1249 1925 AEn.
1261 1895 1311 1925 vii.
1323 1898 1373 1925 84.
1390 1895 1513 1930 Noster,
1530 1894 1570 1925 ad
1585 1894 1628 1925 iii.
1640 1897 1715 1926 580.
1732 1905 1802 1935 per-

1071 1953 1217 1989 vagatam
1232 1947 1317 1978 vocis
1331 1946 1592 1988 significationem
1607 1947 1717 1978 tenuit.

1113 2008 1189 2039 Ver.
1221 2012 1314 2041 1169.
1348 2011 1454 2049 longe.-
1479 2009 1516 2040 L.
1542 2009 1590 2040 M.
1613 2010 1713 2050 longi;
1743 2009 1803 2039 sub

1073 2059 1136 2100 qua
1149 2060 1307 2097 varietate,
1327 2066 1451 2100 propter
1465 2059 1684 2100 antiquitatem
1698 2066 1730 2090 et
1743 2070 1803 2100 pu·

1072 2111 1196 2142 ritatem
1210 2112 1366 2151 codicum,
1397 2112 1576 2143 delitescere
1597 2111 1736 2150 suspicor
1751 2121 1804 2142 ve-

1073 2168 1190 2194 tustam
1215 2174 1334 2201 vocem,
1357 2166 1482 2204 Iongim,
1513 2163 1532 2193 i.
1564 2174 1590 2194 e.
1619 2165 1716 2204 longi,
1747 2173 1806 2203 pro

1072 2214 1167 2255 longe
1181 2215 1229 2245 vel
1245 2214 1394 2255 longiter;
1418 2215 1507 2255 cujus
1528 2214 1603 2245 alibi
1626 2215 1715 2246 nulla
1735 2225 1804 2246 ves-

1070 2267 1150 2307 tigia
1174 2267 1263 2306 potui
1299 2266 1738 2308 deprehendere—fugitant.-
1764 2266 1807 2298 V.

1073 2317 1120 2348 ed.
1139 2318 1342 2359 1'1.sugiant;
1367 2318 1404 2349 B.
1416 2314 1736 2359 fugiunt—furtim:
1763 2324 1805 2350 n.

1061 2369 1203 2409 furtum,-
1227 2368 1312 2399 haud
1327 2368 1464 2408 illepide,
1492 2379 1528 2400 ac
1550 2369 1656 2400 forsan
1677 2368 1804 2410 elegan-

1071 2419 1142 2450 tius.

1118 2470 1200 2501 Ibid.
1222 2471 1358 2512 famulae
1372 2471 1536 2512 fugitum:
1572 2470 1621 2501 vel
1648 2471 1690 2502 ob
1719 2481 1804 2502 acres

1074 2522 1185 2553 odores
1201 2523 1466 2561 suffimenwmm,
1488 2522 1548 2561 vel,
1571 2522 1645 2563 quia
1666 2532 1708 2554 ne
1727 2528 1806 2554 tunc

1075 2573 1203 2614 quidem
1221 2574 1352 2605 tolerare
1363 2573 1494 2610 valeant,
1509 2573 1608 2605 etiam
1615 2579 1703 2605 tanto
1713 2583 1807 2614 opere

1075 2626 1270 2657 medicatam.

1119 2687 1194 2718 Ver.
1214 2690 1304 2718 1170.
1327 2690 1522 2720 lacrumans:
1545 2693 1586 2718 Π.
1599 2688 1806 2718 lacrumas.—

1074 2740 1201 2770 limina:
1229 2739 1268 2770 V.
1294 2739 1344 2770 ed.
1369 2742 1502 2776 himine,-
1534 2737 1734 2770 usitatissimo
1757 2748 1805 2769 er-

1076 2799 1161 2820 rore:
1187 2796 1219 2820 et
1233 2790 1287 2821 illa
1302 2801 1376 2822 mox
1391 2791 1509 2822 omittit
1524 2801 1589 2832 que.

1120 2841 1201 2872 Ibid.
1225 2843 1337 2873 limina
1367 2844 1513 2875 Floribus
1537 2848 1566 2873 et
1588 2843 1676 2873 sertis
1696 2843 1802 2883 operie-

1076 2892 1268 2932 Propertius,
1290 2894 1310 2925 i.
1328 2897 1377 2926 16.
1394 2897 1422 2926 7.
1441 2895 1548 2927 Janua
1563 2892 1715 2935 loquitur:
