1912 3292
862 218 933 267 ·T.
976 219 1355 275 LUCRETII

507 339 641 384 Parva
660 342 709 386 fit
726 346 883 390 ardoris
903 351 1068 396 violenti
1088 357 1215 410 pausa
1234 372 1476 415 parumper3

371 415 478 453 1110
509 414 615 458 Inde
633 417 740 461 redit
758 422 890 464 rabies
909 426 1068 479 eadem,
1090 438 1131 471 et
1150 430 1265 474 furor
1285 433 1349 475 ille
1369 436 1521 487 revisit,

508 488 650 538 Quom
671 493 762 545 sibi,
784 498 895 552 quod
916 502 1085 556 cupiant
1102 505 1220 559 ipsei,
1242 509 1481 566 contingere
1501 524 1712 569 quaerunt;

505 561 595 606 Nec
613 569 806 622 reperire,
832 573 985 616 malum
1005 577 1048 617 id
1069 590 1240 632 possunt
1260 597 1354 638 quae
1373 584 1567 629 machina
1588 590 1740 634 vincat:

401 715 481 746 Ibid.
505 719 644 750 Membra
662 724 823 764 labefacta.
869 727 958 760 Hinc
973 731 1081 774 Virgi-

355 764 416 796 lius
430 776 488 797 sua
502 767 660 809 delibavit,
675 773 716 803 ad
732 775 807 806 AEn.
823 777 885 808 viii.
900 783 973 812 390.

384 865 694 882 ᾗ
704 866 838 896 notusque
848 867 978 893 medullas

383 893 498 920 Intravit
509 896 591 928 calor,
601 902 630 924 et
641 899 765 931 labefacta
775 910 823 934 per
832 913 887 930 ossa
899 909 1027 935 cucurrit.

354 972 396 1003 In
411 985 474 1015 quo
487 976 557 1008 loco
569 978 735 1013 lectionem
756 986 954 1024 quorundam
971 1000 1075 1021 exem-

349 1023 496 1066 plarium,
513 1031 671 1071 calefizcta,
680 1035 786 1065 statim
798 1037 997 1077 rejiciendam
1013 1052 1077 1074 esse

349 1076 422 1107 satis
437 1080 546 1117 probat
561 1086 626 1112 tam
641 1083 779 1116 Lucretii
795 1097 909 1126 versus,
931 1102 1026 1132 quam
1043 1108 1076 1125 ‘ro

347 1132 440 1168 calor,
477 1135 618 1172 proxime
646 1139 813 1171 stationem
844 1143 974 1175 habens:
1001 1157 1076 1178 narn

347 1182 484 1214 rationes
508 1186 696 1228 Burmanni,
722 1192 828 1223 minus
850 1195 925 1226 scite
941 1203 1074 1236 potesta-

345 1238 410 1263 tem
425 1234 570 1268 dictionis
583 1243 775 1279 exponentis,
793 1246 953 1278 neminem
968 1250 1075 1281 corda-

346 1284 458 1315 tiorem
475 1298 598 1320 movere
614 1290 737 1324 debent.

388 1336 462 1368 Ver.
482 1342 573 1371 1108.
595 1346 716 1383 erupit:
742 1347 838 1379 Vind.
857 1356 896 1381 Π.
920 1355 1020 1393 rupz't,·
1038 1361 1073 1386 Δ.

342 1389 631 1428 ενὴηιίι.-ηενυί.ς.·
650 1396 790 1438 quidam,
802 1400 862 1431 Pio
877 1408 963 1441 teste,
979 1410 1072 1444 vem&

342 1440 427 1480 quod
442 1452 505 1473 non
521 1443 670 1478 deterius:
691 1459 764 1480 nam
777 1456 875 1492 φλεψ,
892 1466 955 1487 non
968 1458 1072 1489 minus

343 1501 439 1531 quam
457 1507 550 1537 napo»,
566 1498 651 1537 apud
666 1500 862 1534 Nicandrum
879 1512 910 1536 et
925 1508 1011 1545 alios,
1036 1510 1068 1540 in

340 1546 532 1580 praetextatis
548 1554 606 1586 est3
630 1550 684 1581 sed
700 1555 851 1594 exemplis
866 1560 1066 1597 superseden-

338 1592 431 1625 dum:
451 1596 555 1628 videas
566 1610 633 1637 nos,
646 1602 685 1632 ad
703 1614 762 1634 ver.
781 1609 1063 1652 losa—conjecta.-

338 1645 375 1675 P.
390 1649 571 1689 conjuncla;
596 1651 634 1682 V.
649 1654 699 1685 ed.
723 1657 851 1695 cojececn
876 1661 912 1691 L.
930 1661 977 1693 M.
993 1675 1065 1695 con-

335 1697 432 1734 lecta;
457 1699 482 1729 si
504 1701 544 1730 sit
566 1702 701 1744 dignum
724 1708 859 1741 credere:
887 1712 954 1743 redi
969 1714 1010 1745 sis
1024 1716 1064 1747 ad

336 1754 442 1780 notata
457 1750 489 1781 in
506 1762 567 1784 ver.
586 1758 677 1786 1058.

376 1799 458 1832 Ibid.
481 1806 610 1843 cupido.-
636 1818 731 1848 quam
758 1812 928 1853 Arnobius‚
955 1817 1007 1850 lib.
1034 1830 1061 1851 v.

330 1859 360 1889 p.
378 1853 448 1884 159.
471 1857 652 1895 voluptatem
674 1862 829 1902 v'ocitaxit3
853 1867 906 1907 qui
931 1870 1058 1909 cupien-

330 1901 412 1932 tibus
426 1913 494 1934 rem
509 1905 690 1948 diligentius
705 1915 872 1948 eventilare
894 1922 1058 1953 consulen-

329 1951 390 1983 dus
410 1961 464 1986 est.
510 1957 578 1988 Nos
603 1959 636 1990 in
662 1962 835 1997 istiusmodi
858 1971 982 2002 vocibus
1004 1974 1056 2004 de-

329 2003 482 2038 clarandis
507 2009 647 2042 brevitati
673 2023 798 2047 summo
823 2029 915 2058 opere
948 2024 1052 2055 stude-

327 2065 408 2087 mus,

371 2107 447 2140 Ver.
467 2113 558 2142 lllO.
581 2116 660 2146 redit
674 2118 785 2157 rabies,
795 2127 824 2151 et
827 2123 934 2162 furor.
968 2126 1050 2168 Cog-

327 2163 402 2188 nata
417 2162 567 2192 vocabula
586 2164 626 2195 ad
652 2168 788 2199 eundem
813 2173 944 2205 modum
967 2174 1052 2209 dedit

325 2208 462 2242 adunata
479 2213 606 2254 Statius,
620 2216 719 2250 Theb.
734 2221 783 2252 vii.
799 2226 871 2255 810.

355 2286 504 2314 ventorum
516 2291 609 2317 rabiem
621 2296 644 2318 et
655 2295 774 2323 clausum
786 2301 887 2331 ejecere
889 2302 1017 2334 furorem.

322 2351 367 2382 Et
382 2353 504 2395 Florus,
526 2358 556 2389 ii.
575 2363 622 2391 18.
641 2365 758 2394 15.—“
774 2367 806 2397 in
831 2369 973 2403 ultimam
995 2386 1047 2405 ra-

321 2405 345 2420 “
359 2404 436 2436 hiem
450 2407 652 2452 furoremque
672 2419 893 2451 conversi—:'‘
917 2430 953 2454 ut
974 2436 1048 2456 mox

319 2454 434 2487 iterum
466 2462 515 2491 19.
547 2465 574 2493 4.
598 2463 738 2504 ejusdem
769 2469 846 2502 libri.
893 2474 1046 2514 Catullus,

320 2505 371 2536 lxi.
387 2511 418 2538 4.
444 2512 467 2528 “
486 2511 671 2546 stimulatus
685 2518 815 2559 furenti
840 2525 955 2556 rabie.'’
995 2528 1046 2559 Sic

316 2556 488 2598 Juvencus,
505 2564 573 2595 hist.
590 2576 696 2609 evang.
711 2569 762 2602 lib.
778 2572 822 2604 iii.
840 2575 932 2606 habet
946 2580 1045 2610 rabics

306 2608 447 2647 jin-oris,-
471 2619 502 2643 et
516 2614 589 2646 ibid.
606 2628 665 2649 ver.
681 2624 752 2652 5250.

347 2685 495 2714 ventorum
506 2691 611 2724 rabiem,
623 2698 873 2733 tempestatumque
875 2703 992 2734 furores:

313 2749 397 2781 unde
411 2753 505 2793 idem,
521 2759 562 2790 ad
578 2761 610 2792 ii.
627 2766 677 2794 48.
700 2766 745 2797 sic
760 2767 912 2809 legendus
924 2779 984 2805 est:

326 2824 380 2850 Nec
391 2831 497 2858 poterat
508 2834 625 2862 rabidum
637 2841 779 2873 quisquam
789 2846 1036 2880 retinerefurorem:

306 2899 370 2921 non
384 2901 502 2936 autem,
528 2899 568 2932 de
590 2905 779 2944 quibusdam
796 2914 1036 2955 exemplaribus,

1123 737 1277 775 rapidum.
1322 738 1375 768 Ita
1393 738 1427 770 in
1452 741 1582 775 Anthol.
1598 744 1667 777 Lat.
1690 746 1798 780 Burm.
1813 751 1854 784 iv.

1126 789 1174 816 20.
1193 790 1221 817 7.

1185 863 1229 887 Me
1241 862 1307 894 visu,
1317 865 1401 891 rabidi
1411 868 1499 895 subito
1510 872 1632 899 cecidere
1632 875 1750 906 furores.

1124 924 1234 956 Addas
1249 927 1415 960 Lucanum
1432 931 1516 971 licet,
1533 935 1572 966 iv.
1589 941 1659 970 240.

1437 1011 1542 1037 redeunt
1553 1015 1681 1050 rabiesque
1684 1020 1827 1055 furorque.-

1120 1070 1273 1109 ipsissima
1289 1074 1426 1107 Lucretii
1442 1081 1533 1110 verba
1559 1081 1770 1119 adhibentem.
1815 1090 1851 1121 1-

1119 1121 1191 1152 dem
1207 1123 1350 1156 similiter
1364 1126 1488 1160 locutus
1502 1137 1560 1170 est,
1586 1133 1626 1164 ad
1641 1145 1670 1166 x.
1688 1139 1736 1168 72.
1761 1138 1850 1171 Hinc

1119 1172 1199 1204 forte
1214 1185 1255 1205 an
1273 1176 1390 1208 Seneca
1415 1181 1556 1223 castigari
1582 1184 1704 1225 debeat,
1729 1188 1762 1220 in
1786 1199 1850 1224 nat.

1119 1232 1238 1264 quaestt.
1260 1227 1300 1258 iv.
1315 1233 1412 1259 2.-“
1429 1232 1511 1263 inter
1531 1237 1671 1268 rabidam
1693 1240 1849 1275 insaniam

1120 1279 1143 1293 “
1161 1276 1239 1316 Nili,
1262 1285 1293 1309 et
1309 1281 1480 1321 reciprocos
1502 1284 1627 1326 fluctus,
1644 1289 1847 1324 volutati—.’'

1119 1327 1206 1359 Editi
1223 1330 1347 1369 habent,
1365 1338 1519 1374 rapidam;
1543 1339 1737 1373 aberratione
1757 1354 1847 1376 max-

1117 1379 1181 1410 ime
1196 1381 1360 1423 frequenti.
1407 1388 1523 1419 Confer
1547 1391 1646 1422 Tacit.
1673 1394 1742 1426 hist.
1758 1396 1778 1427 i.
1793 1401 1844 1429 63.

1119 1432 1310 1465 Ammianus
1326 1436 1540 1476 Marcellinus,
1553 1451 1599 1472 κν.
1611 1446 1704 1473 8.-“
1715 1456 1793 1487 quos
1804 1449 1845 1479 ad

1116 1485 1139 1500 “
1155 1483 1221 1514 haec
1251 1487 1410 1526 tentanda,
1440 1500 1511 1529 quae
1542 1501 1716 1531 moverunt,
1742 1500 1842 1531 rabies

1113 1535 1135 1550 “
1152 1534 1226 1573 egit,
1252 1543 1281 1567 et
1297 1537 1468 1577 furor—.'’
1515 1542 1558 1573 Et
1589 1554 1675 1584 mox,
1698 1548 1758 1579 xvi.
1786 1553 1836 1581 12.

1112 1585 1134 1602 “
1152 1585 1199 1615 111
1216 1594 1289 1618 sunt
1303 1590 1438 1628 barbari,
1466 1603 1544 1633 quos
1566 1597 1666 1628 rabies
1679 1605 1707 1629 et
1724 1599 1839 1633 immo-

1111 1638 1134 1653 “
1149 1635 1237 1668 dicus
1241 1639 1339 1679 furor
1355 1642 1394 1672 ad
1409 1645 1578 1682 perniciem
1594 1657 1699 1680 rerum
1711 1662 1839 1686 suarum

1108 1689 1131 1704 “
1146 1689 1247 1729 coegit
1259 1702 1433 1733 accurrere,
1458 1698 1571 1729 nostris
1596 1701 1714 1733 viribus
1729 1706 1833 1745 oppri-

1109 1740 1131 1756 “
1146 1740 1308 1773 mendos.’‘
1356 1744 1406 1775 sic
1421 1746 1516 1788 longe
1543 1750 1666 1788 melius,
1690 1760 1722 1784 et
1735 1755 1837 1788 indoli

1105 1791 1258 1822 sermonis
1273 1794 1375 1826 multo
1389 1799 1636 1840 convenientius,
1662 1803 1725 1846 legi
1740 1813 1831 1846 puto:

1104 1839 1185 1879 libri,
1200 1854 1366 1877 occurrere.
1411 1847 1463 1880 De
1477 1850 1591 1882 horum
1607 1856 1830 1890 vocabulorum

1102 1895 1286 1928 confusione
1314 1899 1517 1934 Burmannus
1543 1906 1617 1946 egit,
1646 1907 1685 1939 ad
1712 1909 1835 1944 Lucan.

1102 1955 1130 1975 x.
1145 1949 1217 1978 556.
1241 1954 1271 1978 et
1287 1949 1573 1994 Drakenborchius,
1601 1957 1640 1988 ad
1663 1959 1730 1992 Liv.
1745 1962 1830 1995 xxiii.

1101 2000 1150 2027 24.
1166 2001 1199 2029 5.
1231 2000 1316 2032 Flori
1329 2004 1467 2036 maxime
1479 2014 1714 2042 controversum
1725 2013 1830 2046 locum

1096 2055 1178 2079 recte
1205 2052 1353 2091 scriptum
1379 2055 1467 2092 dabo,
1491 2058 1531 2089 ad
1557 2059 1576 2090 i.
1604 2063 1650 2092 16.
1669 2065 1696 2094 7.
1721 2067 1743 2082 “
1763 2065 1827 2096 Ρῐο

1097 2102 1119 2117 “
1135 2101 1192 2130 hac
1203 2103 1288 2139 urbe,
1299 2104 1348 2134 his
1359 2107 1548 2147 regionibus,
1562 2111 1727 2144 Romanus
1740 2115 1827 2147 Sam-

1097 2153 1119 2168 “
1137 2151 1215 2181 nites
1244 2152 1373 2193 invasit3
1403 2164 1541 2198 gentem,
1573 2163 1599 2192 si
1631 2165 1825 2203 opulentiam

1095 2205 1117 2219 “
1133 2212 1260 2242 quaeras,
1274 2207 1376 2237 aureis
1385 2215 1415 2239 et
1430 2213 1583 2251 argenteis
1594 2221 1826 2255 armatamdin-

1095 2256 1118 2271 “
1133 2257 1188 2285 teis
1201 2262 1228 2286 c!
1239 2255 1379 2289 discolori
1391 2268 1484 2300 veste,
1497 2274 1594 2306 usque
1605 2267 1642 2298 ad
1657 2269 1826 2310 ambitum;

1094 2306 1156 2334 “si
1182 2306 1345 2347 fallaciam,
1369 2311 1498 2344 saltibus
1521 2315 1585 2348 fere
1610 2325 1641 2349 et
1662 2322 1821 2354 montium

1094 2359 1116 2374 “
1132 2356 1241 2390 fraude
1263 2370 1453 2402 grassantem
1460 2378 1470 2403 ;
1500 2367 1524 2397 si
1540 2370 1652 2402 rabiem
1671 2384 1709 2404 ac
1724 2370 1821 2414 stira-

1093 2411 1115 2426 “
1131 2421 1202 2446 rem,
1219 2415 1342 2445 sacratis
1357 2415 1478 2457 legibus
1493 2420 1702 2464 humanisque
1713 2426 1822 2458 hostiis

1092 2462 1112 2477 “
1129 2460 1160 2490 in
1176 2462 1308 2494 exitium
1323 2467 1408 2498 urbis
1422 2469 1604 2509 agitatam.”
1649 2475 1731 2511 Quae
1752 2488 1818 2509 non

1089 2509 1252 2544 discedunt
1275 2525 1295 2545 a
1317 2517 1436 2557 scriptis
1462 2523 1622 2562 exemplis,
1652 2526 1711 2557 nisi
1732 2529 1816 2570 quod

1087 2565 1244 2600 posuerim
1267 2569 1369 2600 linteis
1391 2578 1417 2601 et
1445 2572 1479 2613 (i.
1496 2584 1521 2604 e.
1550 2575 1642 2607 lineis
1665 2581 1816 2622 vestibus)

1087 2623 1143 2652 pro
1172 2619 1264 2648 misit.
1309 2620 1483 2663 Nimirum,
1513 2628 1638 2658 schema
1663 2633 1814 2664 sermonis

1085 2665 1193 2701 rarius,
1216 2670 1302 2708 quod
1317 2676 1551 2712 comprehendit
1573 2688 1687 2710 nomen
1715 2686 1812 2715 armis

1082 2716 1114 2745 in
1132 2720 1295 2760 participio
1309 2732 1473 2766 armatam,
1503 2729 1727 2763 eruditissimos
1741 2735 1812 2766 ani-

1083 2769 1292 2803 madversores
1306 2775 1345 2806 ad
1368 2777 1472 2808 locum
1488 2780 1609 2812 fefellit:
1636 2783 1744 2815 redeas
1769 2787 1809 2819 ad

1083 2828 1230 2853 annotata
1256 2824 1288 2854 in
1314 2826 1335 2857 i.
1351 2831 1423 2859 555.
1468 2830 1650 2864 Dictionem
1667 2845 1740 2867 vero
1753 2849 1806 2868 ar-

1082 2878 1196 2904 matam
1211 2884 1284 2905 cum
1299 2886 1374 2909 veste
1389 2881 1484 2917 probe
1499 2883 1620 2924 sociari,
1632 2885 1807 2919 docuerunt

1081 2921 1145 2960 alii,
1174 2930 1205 2954 et
1227 2934 1349 2958 nosmet
1369 2929 1410 2960 ad
1433 2930 1509 2965 silv.
1529 2933 1603 2967 Crit.
1619 2943 1693 2969 sect.
1717 2948 1804 2970 cxxvi
