1912 3292
521 240 756 288 LIBER
791 238 1173 296 QUARTUS.

240 375 314 424 At,
337 373 370 414 si
388 371 676 426 interpositum
695 371 873 424 spatium
893 370 945 410 sit
963 369 1126 426 longius
1145 386 1282 428 aequo,

237 448 350 488 Aera
367 459 441 501 per
459 443 635 485 multum
656 442 854 484 confundi
873 442 999 484 verba
1019 458 1182 486 necesse
1202 454 1276 496 est,

235 520 292 562 Et
312 517 548 561 conturbari
567 532 725 567 vocem,
751 517 853 558 dum
872 517 1097 558 transvolat
1116 534 1247 560 auras.

233 594 348 649 Ergo
367 591 430 642 fit,
452 591 631 632 sonitum
651 599 698 633 ut
717 592 846 647 possis
866 592 1033 642 sentire,
1054 607 1188 648 neque
1208 591 1319 634 ssiam

119 671 201 708 565
232 666 531 715 Internoscere‚
553 665 774 706 verborum
795 666 997 708 sententia
1016 680 1111 722 quae
1131 666 1201 716 sit;

233 740 376 795 Usque
396 739 499 780 adeo
520 738 688 780 confusa
707 740 820 780 venit
838 755 937 789 vox,
958 741 1085 795 inque
1104 740 1257 794 pedita.

290 813 512 865 Praeterea,
533 812 705 854 verbum
726 827 834 868 saepe
853 827 983 855 unum
1004 813 1158 869 perciet
1178 814 1310 855 aureis

84 971 229 1011 istimavi‚
255 978 321 1003 tam
342 972 427 1013 quod
452 982 517 1003 non
547 973 637 1004 aliter
662 973 813 1013 scriptum

83 1023 268 1054 offenderim
282 1024 316 1054 in
332 1023 438 1054 codice
462 1031 503 1055 Π.
527 1035 623 1065 quam
648 1024 734 1065 quod
759 1035 812 1055 vo-

83 1085 134 1106 ces
149 1087 221 1112 una,
244 1077 319 1114 ima,
343 1077 417 1111 ulla,
442 1078 506 1111 ilia,
531 1076 651 1107 soleant
677 1076 811 1106 librariis

83 1127 288 1157 commisceri.
335 1127 468 1157 Obstare
490 1133 596 1157 tamen
615 1127 811 1168 aliquatenus

82 1178 156 1209 huic
171 1178 354 1209 divinationi
367 1189 429 1209 ver.
446 1182 516 1210 564.
539 1179 669 1209 videtur.

125 1230 201 1261 Ver.
221 1233 292 1262 558.
314 1242 368 1262 vor
389 1241 531 1271 quaeque:
558 1232 599 1261 V.
623 1230 669 1261 ed.
692 1242 811 1271 voxque.

82 1281 189 1312 —Hic
210 1287 317 1312 autem
338 1291 443 1312 versus
465 1292 540 1313 cum
565 1287 712 1322 sequente
738 1287 812 1312 sunt

83 1332 163 1362 erasi
179 1332 212 1363 in
228 1332 326 1363 Vind.

127 1383 209 1414 Ibid.
245 1383 340 1414 Color
371 1383 512 1413 locorum
545 1383 625 1413 mihi
657 1383 811 1422 persuasit

83 1434 257 1474 Virgilium
278 1435 341 1464 huc
364 1434 470 1464 oculos
494 1434 632 1464 intentos
651 1435 808 1472 habuisse,

82 1486 122 1517 ad
137 1486 214 1517 AEn.
229 1486 270 1517 ix.
285 1488 359 1518 595.

112 1572 166 1597 Nec
182 1571 283 1604 longum
294 1571 322 1596 in
333 1571 423 1597 medio
434 1574 553 1603 tempus,
570 1577 655 1602 quum
671 1569 765 1594 clamor
774 1570 809 1594 ad

266 1618 335 1635 auris

110 1650 250 1680 Pervenit5
267 1657 299 1676 ac
310 1650 385 1676 videt
395 1650 583 1682 Euryalum*

123 1724 196 1756 Ver.
212 1726 286 1757 559.
309 1725 453 1755 exaudiri
467 1725 564 1755 verba.
609 1723 714 1759 Maro,
730 1723 805 1753 AEn.

79 1775 119 1806 iv.
140 1779 212 1807 460.

143 1850 211 1875 Hinc
222 1844 344 1875 exaudiri
355 1857 432 1876 voces
443 1854 471 1876 et
482 1849 565 1875 verba
574 1849 697 1874 vocantis

142 1890 202 1915 Visa
213 1890 333 1915 viri—.

121 1968 198 1999 Ver.
214 1972 286 1999 560.
297 1968 735 2010 firmaturamfiguramque:
752 1976 806 2006 per

79 2019 277 2059 hendyadem
305 2021 365 2051 hoc
393 2021 484 2051 debet
519 2021 626 2059 accipi,
658 2029 714 2059 pro
732 2019 805 2060 sor·

79 2078 234 2103 maturam
259 2074 387 2113 figurae,
424 2073 474 2103 vel
494 2073 718 2114 formaturam,
753 2081 807 2110 per

78 2133 174 2164 quam
183 2125 330 2165 figurata
356 2130 410 2160 est,
435 2134 471 2154 ac
496 2123 641 2154 discreta:
675 2121 741 2152 redi
766 2121 806 2151 ad

80 2186 140 2206 ver.
156 2176 313 2208 554.—Et
333 2187 390 2216 pro
411 2179 502 2212 enim,
527 2177 567 2207 B.
591 2182 710 2206 tamen:
739 2173 758 2203 i.
779 2184 805 2203 e.

78 2237 135 2267 pro
152 2227 185 2264 ἦ,
208 2230 260 2263 liu
285 2227 511 2258 adhaerescente
525 2226 612 2257 finali
631 2226 714 2256 vocis
728 2235 806 2264 prae-

80 2279 184 2309 euntis
198 2279 361 2310 elemento.

122 2331 196 2360 Ver.
213 2334 285 2362 561.
308 2333 364 2361 sit:
390 2330 429 2360 P.
443 2330 485 2360 V.
501 2329 548 2359 ed.
570 2329 609 2359 B.
623 2330 677 2370 fit.

125 2380 199 2411 Ver.
215 2384 286 2412 565.
309 2383 382 2411 dum
397 2382 581 2411 transvolat:
607 2391 678 2409 επεοι
693 2388 805 2417 nempe

82 2444 245 2473 ‘tvspoevffoe-

124 2484 198 2513 Ver.
215 2486 286 2514 564.
309 2485 436 2514 sentire:
474 2483 522 2513 M.
541 2493 675 2518 servare;
705 2487 740 2512 Δ.
765 2488 806 2512 Π.

81 2540 118 2567 Σ.
149 2537 268 2566 audire.
320 2535 425 2571 Forte,
459 2536 596 2565 haurire.
640 2533 804 2573 Virgilius,

84 2587 160 2617 [ΕΠ.
174 2587 214 2617 iv.
227 2589 301 2618 559.
323 2585 565 2626 elegantissime,
580 2591 616 2615 ut
633 2583 728 2615 solet:

338 2666 482 2691 vocemque
492 2658 531 2683 his
541 2658 647 2683 auribus
656 2658 742 2683 hausi:

82 2738 119 2762 ut
139 2742 254 2767 rursus,
277 2731 350 2761 ibid.
365 2731 404 2761 vi.
428 2732 646 2770 559.—illam:
673 2730 711 2760 P.
732 2731 803 2765 illa,-

83 2783 168 2824 quod
182 2783 361 2814 correctoris
375 2790 430 2819 est,
447 2793 510 2813 non
525 2782 720 2822 percipientis
731 2792 804 2812 con-

83 2836 304 2866 structionem:
328 2839 350 2854 “
366 2846 467 2876 neque
489 2835 695 2865 internoscere
719 2834 806 2863 illam

85 2889 106 2904 “
122 2889 308 2922 sententiam,
323 2897 394 2928 quae
408 2886 486 2917 sit:”
511 2886 712 2921 substantivo,
724 2884 807 2925 quod

86 2938 267 2977 impiuscule
289 2938 335 2978 fit,
357 2939 391 2969 in
414 2939 516 2979 priore
538 2937 678 2970 clausula
702 2937 807 2968 subin-

856 973 994 1012 tellecto;
1017 973 1058 1005 de
1072 973 1136 1015 qua
1156 972 1259 1014 figura
1280 972 1433 1004 sermonis
1454 971 1585 1012 ampli&

855 1026 960 1055 vimus
973 1025 1013 1055 ad
1028 1025 1047 1056 i.
1065 1029 1113 1057 16.
1139 1035 1204 1066 quo
1218 1025 1314 1055 lector
1329 1024 1516 1064 relegandus
1530 1029 1584 1060 est,

856 1083 886 1107 et
900 1077 942 1107 ad
958 1077 1078 1117 Hygin.
1095 1076 1158 1106 fab.
1173 1076 1278 1106 xxxiv.
1295 1086 1352 1114 pro
1366 1074 1463 1105 altero
1479 1084 1586 1104 exem-

852 1127 917 1167 plo,
940 1134 972 1158 et
996 1127 1105 1158 multis
1131 1127 1199 1158 aliis
1223 1127 1256 1156 in
1282 1132 1346 1157 not.
1372 1129 1400 1157 7.
1432 1135 1502 1167 quae
1527 1125 1587 1155 viri

853 1179 938 1209 docti
957 1189 1147 1220 congessere.
1194 1177 1340 1208 Editores
1362 1187 1437 1207 cum
1459 1176 1587 1206 temeri-

856 1237 919 1261 tate
933 1241 1005 1260 vere
1019 1229 1075 1260 sua
1090 1234 1297 1268 reposuerunt
1311 1237 1350 1257 ex
1371 1227 1508 1262 arbitrio,
1536 1228 1585 1257 1ιί-

854 1283 935 1317 Ζαηις
961 1280 1048 1311 libris
1062 1279 1225 1316 universis,
1248 1278 1310 1318 quii
1331 1288 1431 1308 manu
1453 1277 1585 1315 scriptis,

854 1331 916 1373 qua
944 1331 1110 1371 impressiS‚
1137 1329 1280 1360 medium
1309 1338 1452 1369 unguem
1480 1333 1585 1357 osten-

854 1385 1008 1415 dentibus.
1046 1383 1115 1413 Nos
1129 1382 1267 1422 profecto
1282 1380 1509 1421 grassationem
1519 1385 1586 1409 tam

854 1437 1064 1467 facinorosam
1086 1441 1179 1475 atque
1209 1433 1404 1464 licentiosam
1437 1431 1584 1462 omnibus

852 1488 956 1518 modis
998 1485 1231 1527 reprimendam
1277 1490 1308 1515 et
1350 1481 1584 1524 coarguendam

852 1540 1041 1571 censuimus.

898 1591 978 1622 Ibid.
1002 1593 1134 1622 sonitum
1157 1591 1277 1621 sentire.
1324 1586 1474 1619 Similiter
1497 1584 1583 1616 idem

852 1644 1047 1682 Mincianus‚
1063 1653 1133 1684 geo.
1149 1642 1188 1673 iv.
1203 1645 1277 1673 553.

880 1727 917 1751 At
928 1729 1016 1750 mater
1026 1725 1136 1750 sonitum
1146 1723 1267 1749 thalamo
1279 1723 1327 1747 sub
1339 1720 1456 1746 fluminis
1465 1718 1516 1744 alti

883 1765 1040 1789 Sensit—.

850 1837 894 1867 Et
908 1836 1013 1866 lautus
1027 1835 1254 1866 animadvertat
1267 1833 1373 1868 lector,
1395 1840 1492 1872 quam
1506 1827 1581 1860 scite

849 1899 993 1919 summus
1017 1888 1108 1928 po'eta
1123 1887 1272 1918 decorum
1287 1882 1520 1918 conservaverit,
1551 1885 1584 1911 et

849 1947 1006 1971 maternos
1042 1939 1172 1969 affectus
1207 1934 1488 1971 commendaverit;
1523 1931 1579 1973 qui

849 1999 976 2024 matrem
999 2002 1062 2032 prae
1076 1990 1195 2021 caeteris
1215 1988 1362 2030 nymphis
1381 1987 1518 2018 auritam
1533 1984 1579 2014 fe-

849 2045 932 2075 cerit.

894 2102 966 2133 Ver.
982 2106 1054 2134 567.
1076 2104 1213 2134 verbum:
1243 2101 1286 2131 sic
1308 2100 1344 2130 L.
1369 2100 1419 2130 M.
1444 2096 1578 2132 codices,

850 2155 943 2195 longe
959 2154 1114 2184 veterrimi
1130 2152 1453 2191 emendatissimique;
1469 2155 1502 2179 et
1515 2147 1578 2177 lec-

850 2208 968 2238 tionem
985 2205 1101 2236 stabilit
1123 2215 1183 2235 ver.
1200 2208 1272 2236 569.
1295 2203 1349 2233 ubi
1371 2213 1424 2233 voz-
1446 2211 1509 2231 una
1530 2208 1579 2228 re·

851 2259 973 2299 petitur,
997 2264 1035 2288 ut
1047 2258 1183 2287 vicissim
1199 2255 1388 2296 respondens
1410 2255 1468 2284 uni
1482 2252 1578 2285 verbo,

843 2312 933 2352 -quod
948 2315 1157 2350 praecesserat:
1187 2308 1282 2338 vind.
1299 2308 1339 2337 V.
1355 2306 1402 2336 ed.
1419 2306 1458 2335 B.
1482 2303 1521 2333 Ο.
1542 2307 1577 2332 Δ.

851 2370 892 2393 Π.
910 2368 944 2393 Σ.
966 2368 1010 2392 Ω.
1037 2367 1070 2391 et
1091 2360 1237 2391 nonnulli
1260 2359 1380 2390 codices
1405 2356 1468 2392 Pii,
1488 2354 1578 2393 pedi-

849 2421 931 2445 tum:
957 2412 1043 2443 unde
1069 2426 1102 2443 ero
1129 2412 1180 2443 Pii
1202 2413 1335 2442 edictum
1359 2409 1393 2438 in
1417 2409 1577 2439 contextu,

850 2464 934 2506 quod
950 2464 982 2494 in
997 2474 1106 2494 omnes
1128 2463 1280 2493 editiones
1294 2463 1501 2500 propagatum
1516 2460 1577 2491 est;

850 2516 907 2546 viri
924 2514 1088 2555 cujusdam
1110 2514 1193 2544 docti
1215 2512 1304 2542 valde
1327 2508 1499 2550 ingeniosa,
1523 2505 1578 2535 sed

850 2567 982 2598 minime
1005 2577 1088 2604 vera,
1114 2565 1299 2596 emendatio.
1347 2560 1445 2591 Nobis
1468 2557 1579 2588 saltem

850 2629 914 2649 non
936 2618 1017 2654 licet,
1041 2628 1105 2647 non
1122 2617 1203 2652 libet,
1226 2615 1482 2645 membranarum
1503 2617 1577 2638 auc-

850 2671 1007 2701 toritatem
1030 2668 1357 2709 spernere—perciet:
1385 2664 1421 2693 P.
1437 2662 1554 2702 praeiet
1561 2673 1573 2694 ;

850 2723 891 2753 V.
907 2722 953 2752 ed.
974 2723 1010 2752 B.
1029 2723 1163 2762 ⁴›orciet;
1193 2726 1236 2750 Ω.
1255 2719 1397 2758 pertinet.

893 2782 967 2812 Ver.
989 2785 1060 2812 568.
1097 2783 1238 2811 missum.-
1280 2776 1376 2807 Vind.
1413 2775 1551 2805 emissum
1563 2787 1574 2808 ;

850 2839 942 2872 prout
964 2832 1039 2862 editi
1055 2831 1172 2871 plures:
1199 2829 1252 2860 sed
1273 2830 1340 2859 haec
1361 2825 1491 2857 varietas
1506 2833 1577 2864 pro-

851 2885 903 2915 cul
925 2884 1020 2915 dubio
1050 2882 1205 2913 collatoris
1235 2879 1362 2911 incuriae
1393 2877 1576 2909 debetur.—

854 2936 1015 2973 Horafius,
1037 2941 1092 2967 art.
1112 2934 1192 2974 po'et.
1207 2937 1278 2966 390.
1294 2936 1399 2962 autem
1414 2926 1550 2960 accedat:

801 2995 875 3026 ΗΞ
