1912 3292
313 226 400 266 138

338 352 422 390 885
455 346 542 388 Aut
560 339 736 384 flammis
755 334 948 384 interfiat,
971 330 1136 373 malisve
1155 325 1352 370 ferarum3

460 420 573 462 Scire
592 417 700 465 licet,
721 427 807 455 non
826 411 1029 453 sincerum
1049 416 1208 450 sonere,
1231 406 1352 452 atque
1372 391 1534 434 subesse

461 494 631 540 Caecum
651 489 826 544 aliquem
845 482 960 526 cordi
979 476 1206 523 stimulum;

465 567 645 613 Credere
665 580 707 606 se
726 571 974 619 quemquam
994 553 1070 595 sibi
1090 562 1252 592 sensum
1272 546 1317 586 in
1336 549 1468 584 morte
1488 537 1683 579 futurum.

323 734 351 767 δε
370 743 465 764 στι-ως
489 729 561 760 όλυς
585 726 705 758 ἅπασιν,
729 731 811 751 sturmo
832 716 868 747 δει
891 723 1051 746 taranta,

327 786 370 816 bn
394 773 524 820 ταραχος
552 777 757 816 {nuptm-atros
785 781 849 802 ταις
876 768 1052 808 ampo-amm&

329 838 447 875 ψυχαις
465 841 575 870 ’γινεται
592 839 616 856 εν
635 837 676 863 τῳ
687 834 787 853 ταυτα
801 830 933 859 μακαρια
949 828 981 845 τε
996 813 1055 851 δοξ-

329 889 406 927 αζξιν
429 896 478 914 xoel
501 881 698 920 ἄφθαρτα-ο
723 887 773 904 nd!
797 885 820 902 Β,
843 884 885 909 ‘'fi''
905 881 1006 899 OEUFIOY
1030 879 1057 895 ‘fl

331 940 410 971 Σεινον
439 948 488 966 και
515 931 681 976 «pastuum,
708 940 758 958 και
775 926 954 958 ὑποπτευειν,
977 931 1060 950 κατα

334 985 386 1025 Ᾰ-ες
401 990 500 1030 paves?
526 997 579 1016 ειη-ε
598 988 664 1014 ΚΑΙ
681 991 792 1011 ταυτην
808 989 859 1008 την
874 974 1061 1004 ανιιισρησιαν,

336 1047 412 1074 THN
429 1054 453 1071 εν
470 1053 512 1079 τῳ
527 1038 665 1071 redimas,
688 1031 854 1072 φοέκμενκς,
877 1025 911 1058 ὦς
929 1035 980 1064 περ
995 1033 1064 1052 acm

339 1094 428 1127 KAT’
445 1093 653 1124 αυτες-κτλ,
670 1090 818 1123 tanquam
833 1079 874 1109 ad
890 1077 957 1107 illos
966 1074 1065 1114 perli-

339 1152 471 1179 nentem.

382 1205 460 1235 Ver.
477 1203 549 1232 884.
569 1200 728 1239 putescat.-
763 1190 870 1231 vulgo,
895 1190 1050 1228 putrescat
1057 1197 1067 1218 ,-

343 1256 398 1288 sed
413 1252 539 1294 majoris
563 1259 628 1280 esse
650 1243 842 1278 auctoritatis
862 1244 969 1270 nostra
986 1235 1072 1266 vide·

343 1315 395 1340 tur
409 1306 519 1341 lectio;
540 1311 615 1332 nam
639 1299 682 1329 sic
706 1293 825 1337 liquido
841 1293 878 1323 P.
901 1291 941 1322 O.
964 1284 1076 1327 reliqui

346 1368 467 1395 omneS,
501 1360 589 1395 putes
595 1368 606 1389 ,·
644 1355 755 1391 praeter
786 1345 824 1376 L.
855 1343 903 1374 M.
939 1347 1075 1381 quorum

349 1412 532 1451 scripturam
548 1416 586 1437 ex
596 1399 810 1440 Havercampi
825 1394 1002 1428 recensione
1011 1399 1077 1421 non

350 1469 435 1495 certo
464 1458 648 1500 colligimus
693 1450 868 1487 Arnobius,
897 1447 948 1477 lib.
975 1443 1026 1473 vii.
1048 1451 1077 1480 p.

353 1518 425 1547 224.
449 1516 471 1532 ‘⁵
487 1512 532 1543 Et
545 1508 622 1551 quid
643 1508 703 1538 hoc
729 1506 767 1535 ab
793 1501 848 1533 illo
861 1499 978 1535 differt,
1004 1503 1079 1526 cum

353 1571 377 1586 “
393 1573 424 1597 et
445 1565 522 1604 ipsa,
545 1562 570 1592 si
586 1559 739 1593 nondum,
763 1564 836 1585 mox
852 1558 959 1583 tamen
973 1547 1081 1579 futura

355 1622 379 1637 “
395 1617 460 1647 sint
484 1621 628 1649 stercora,
655 1616 686 1641 et
710 1606 817 1647 exigui
838 1601 986 1642 temporis
1005 1608 1080 1629 con-

357 1673 380 1688 “
397 1666 494 1699 tracta
509 1662 721 1704 interjectione
731 1654 924 1700 putescant.”
965 1653 1017 1682 Ita
1031 1659 1084 1679 ve-

358 1720 502 1752 tustiores
515 1716 601 1746 libri:
627 1712 690 1748 alii,
703 1714 891 1752 putrescant.
934 1705 1014 1735 Vim
1029 1712 1086 1732 au-

360 1780 426 1803 tem
441 1767 586 1801 dictionis
604 1772 726 1806 patesco
743 1762 778 1792 in
792 1762 979 1800 argumento
993 1752 1089 1785 simili

360 1825 405 1856 sic
422 1819 650 1864 elegantissime
665 1812 832 1848 declaravit
849 1808 994 1846 Ovidius,
1016 1810 1090 1836 met.

363 1887 412 1907 xv.
434 1878 506 1906 156.

396 1968 516 1998 Corpora
525 1964 581 1988 sive
591 1967 671 1994 rogus
679 1957 801 1986 flamma,
811 1962 857 1980 seu
867 1953 922 1978 tabe
935 1953 1064 1979 vetustas,

396 2005 574 2033 Abstulerit—.

373 2095 522 2129 Similiter
546 2093 671 2123 locutus
697 2094 745 2120 est
771 2086 929 2119 Lucanus,
960 2082 1000 2112 ix.
1029 2083 1098 2110 144.

371 2150 447 2180 Non
476 2147 598 2178 alicnus
627 2149 674 2173 est
704 2138 843 2172 Minucii
873 2134 985 2167 Felicis
1014 2133 1100 2162 locus

373 2199 584 2244 gravissimus,
612 2200 684 2226 sect.
713 2196 764 2223 54.
803 2194 825 2209 ‘⁶
845 2189 966 2227 Corpus
995 2193 1100 2220 omne,

374 2257 397 2273 “
415 2253 477 2282 sive
493 2249 602 2280 arescit
616 2248 649 2277 in
665 2244 835 2287 pulverem,
857 2241 921 2270 sive
935 2239 969 2268 in
985 2238 1098 2267 humo-

376 2309 399 2324 “
416 2314 484 2335 rem
498 2301 638 2338 solvitur,
655 2297 706 2328 vel
721 2297 754 2326 in
769 2296 906 2326 cinerem
921 2286 1101 2328 comprimi-

377 2360 400 2375 “
417 2362 479 2392 tur,
501 2353 550 2384 vel
565 2354 598 2382 iu
616 2349 758 2381 nidorem
775 2350 932 2378 tenuatur,
956 2338 1102 2371 subduci-

379 2412 402 2427 “
418 2414 470 2438 tur
486 2405 592 2442 nobis;
615 2401 668 2433 sed
692 2401 764 2431 Deo
785 2398 1014 2428 clementorum
1036 2401 1105 2421 cus-

381 2458 485 2490 “todi
506 2452 710 2487 reservatur?
755 2448 840 2480 vide
864 2445 1041 2478 Davisium,
1068 2440 1109 2471 ad

382 2512 448 2543 Cic.
471 2516 533 2540 nat.
559 2508 655 2538 Deor.
677 2505 709 2535 ii.
737 2507 786 2534 64.
809 2501 848 2531 de
871 2501 929 2529 hac
955 2496 1109 2527 varietate.

382 2564 498 2594 Meum
521 2570 596 2591 sane
617 2556 778 2600 judicium
804 2554 875 2589 fert,
900 2548 986 2580 haud
1005 2547 1114 2578 leviter

383 2613 566 2649 deductum,
599 2609 843 2650 quotiescunque
869 2603 908 2634 de
932 2602 1024 2632 rebus
1049 2599 1115 2629 tabe

385 2665 615 2704 liquescentibus
637 2667 664 2693 et
691 2657 914 2691 destillantibus
936 2661 1038 2684 sermo
1055 2649 1116 2685 fiat,

387 2723 457 2746 tum
472 2725 581 2745 verum
594 2724 658 2744 esse
675 2718 847 2753 ναῖκι-ενα,-
872 2706 927 2737 sed
948 2715 997 2735 res
1018 2705 1112 2734 duras

387 2773 417 2798 et
450 2767 595 2807 friabiles
631 2764 789 2805 requirere
828 2766 1011 2801 putrescere,
1054 2752 1115 2784 nisi

390 2817 547 2849 translatae
592 2816 654 2847 sint
700 2821 793 2855 atque
845 2812 986 2852 figuratae
1028 2806 1115 2837 locu-

390 2871 504 2902 tiones:
546 2874 581 2898 ut
617 2867 700 2907 apud
738 2866 822 2896 Non.
853 2864 954 2894 Marc.
984 2860 1015 2891 ii.
1046 2860 1119 2889 692.

394 2923 492 2953 Hanc
504 2927 620 2956 autem,
637 2919 696 2950 nisi
708 2917 811 2956 fallor,
827 2915 867 2947 ad
878 2921 1021 2945 normam
1036 2908 1118 2941 mul-

795 205 856 254 T.
906 190 1282 249 LUCRETII

1238 484 1360 527 quam
1381 467 1440 507 vis
1461 468 1583 519 neget
1602 459 1691 515 ipse

1094 706 1118 736 ti
1133 709 1273 734 veterum
1288 698 1348 730 loci
1363 701 1437 727 sunt
1452 689 1598 733 exigendi
1614 698 1649 719 ac
1664 682 1818 717 scribendi

1096 756 1217 787 rectius.

1143 805 1223 838 Ibid.
1249 812 1370 842 corpore
1396 803 1496 838 posto.-
1534 793 1554 823 i.
1579 802 1607 822 e.
1639 795 1764 820 mortuo
1792 791 1824 816 et

1100 862 1253 903 projecto;
1278 857 1325 888 uti
1351 865 1421 886 vere
1447 852 1665 889 interpretatus
1686 849 1733 875 est
1754 842 1824 873 Ha-

1103 922 1293 951 vercampuS,
1315 908 1369 949 qui
1384 916 1435 937 mc
1450 900 1605 944 praecessit
1620 899 1655 929 in
1668 893 1829 928 laudando

1106 966 1253 1002 Marone,
1270 963 1344 993 [En.
1359 960 1391 989 ii.
1405 961 1478 989 644.

1171 1045 1212 1069 Sic
1222 1043 1253 1067 o!
1268 1041 1305 1066 sic
1314 1038 1423 1072 positum
1432 1033 1518 1060 adfati
1526 1030 1653 1057 discedite
1661 1029 1748 1060 corpus
1758 1033 1767 1050 .-

1110 1109 1130 1140 i.
1145 1119 1171 1139 e.
1201 1112 1385 1145 supremum
1413 1098 1480 1129 vale
1505 1095 1610 1131 dicite,
1639 1097 1676 1122 ut
1701 1088 1741 1120 de
1768 1097 1834 1125 me,

1112 1160 1200 1204 quasi
1215 1158 1361 1190 cadavere
1375 1162 1467 1192 super
1481 1151 1607 1185 feretro,
1623 1151 1655 1176 et
1668 1143 1710 1174 ad
1722 1150 1835 1182 rogum

1114 1211 1298 1252 composito,
1319 1206 1539 1239 conclametur.
1581 1197 1667 1229 Vide
1688 1193 1838 1226 Servium.
1859 1206 1862 1209 ⁴

1119 1265 1253 1299 Ovidius
1267 1263 1405 1300 insuper,
1420 1262 1493 1288 met.
1508 1255 1550 1285 ix.
1566 1254 1638 1285 503.

1119 1352 1185 1380 Aut,
1195 1349 1247 1373 hoc
1257 1347 1278 1371 si
1288 1350 1404 1376 nequeo,
1415 1346 1523 1374 peream
1532 1342 1627 1370 precor
1634 1337 1708 1362 ante,
1717 1334 1833 1360 toroque

1120 1393 1227 1416 Mortua
1237 1390 1396 1418 componar,
1411 1380 1552 1414 positaque
1562 1377 1609 1402 det
1619 1372 1709 1400 oscula
1718 1370 1811 1396 frater.

1125 1462 1242 1494 Statius
1256 1457 1398 1491 addatur,
1412 1453 1512 1484 Theb.
1524 1450 1576 1481 xii.
1593 1452 1642 1481 99.
1659 1451 1690 1476 et
1704 1440 1848 1474 consula-

1122 1521 1174 1545 tur
1189 1512 1305 1544 ibidem
1323 1506 1485 1540 Barthius:

1140 1591 1190 1617 Hei
1206 1588 1290 1615 mihi!
1310 1585 1382 1618 quod
1397 1581 1487 1616 positos
1504 1579 1604 1604 humus
1623 1575 1706 1602 alma,
1726 1571 1848 1602 diesque,

1280 1626 1399 1654 resolvit.

1172 1695 1249 1725 Ver.
1265 1693 1335 1723 885.
1359 1688 1495 1728 interfiat
1517 1684 1656 1714 malisve.-
1682 1682 1718 1709 Δ.
1737 1674 1867 1724 intevfim'

1132 1750 1195 1780 ciat
1209 1746 1346 1776 malisne.
1379 1737 1475 1776 Quod
1489 1735 1589 1776 prisca
1603 1731 1654 1763 Pii
1668 1723 1871 1766 exemplatim,

1134 1800 1210 1831 dent
1223 1797 1325 1832 malis,
1348 1803 1404 1832 pro
1411 1789 1566 1831 flammis,
1589 1789 1694 1818 ortum
1708 1785 1755 1812 αἱ
1767 1788 1807 1810 ex
1821 1787 1860 1807 u-

1136 1852 1227 1886 sitatzi
1256 1849 1346 1887 codd.
1372 1842 1534 1885 scriptura,
1546 1840 1669 1882 flamis.
1723 1834 1867 1867 Interea..

1137 1910 1181 1940 sic
1196 1908 1324 1938 sortasse
1339 1911 1444 1933 versus
1460 1906 1565 1930 coram
1587 1893 1678 1925 nobis
1691 1887 1862 1921 rescriben-

1139 1962 1198 1992 dus
1217 1965 1275 1990 est:

1202 2038 1257 2063 Aut
1267 2033 1364 2059 avibm
1374 2027 1504 2056 interfiat,
1514 2023 1625 2050 malisve
1637 2019 1769 2045 ferax-um:

1142 2101 1212 2133 vide
1238 2098 1332 2130 modo
1361 2104 1421 2124 ver.
1449 2093 1519 2123 895.
1551 2093 1582 2118 et
1610 2085 1712 2116 labem
1738 2083 1868 2118 recepte

1143 2151 1270 2186 lectioni
1290 2147 1425 2180 insidere
1439 2140 1558 2183 liquido
1573 2138 1715 2178 probant,
1737 2141 1808 2173 quae
1822 2139 1869 2161 so„-

1145 2209 1286 2247 quuntur
1300 2199 1340 2231 ad
1350 2208 1411 2228 ver.
1423 2197 1496 2228 903.
1519 2192 1630 2227 Porro,
1645 2189 1770 2218 brevem
1780 2180 1872 2222 sylla-

1145 2259 1221 2288 bam
1235 2261 1354 2284 caesura
1366 2251 1447 2280 bene
1461 2240 1656 2276 sustentabit,
1666 2235 1872 2278 poi-rigetque.

1191 2304 1274 2337 Ibid.
1305 2301 1459 2343 interfiat.-
1493 2296 1513 2326 i.
1529 2305 1554 2325 e.
1584 2288 1802 2323 interficiatur:
1838 2291 1860 2313 u

1151 2409 1294 2449 Intetgfi'at
1310 2404 1429 2443 utique,
1453 2398 1540 2440 quasi
1558 2391 1736 2428 intercidat;
1760 2388 1875 2428 pereat,

1153 2461 1320 2492 auferatur.
1365 2453 1509 2489 Plautus,
1531 2448 1626 2479 Truc.
1644 2445 1677 2475 ii.
1702 2446 1732 2473 4.
1751 2444 1802 2472 51.
1823 2446 1876 2468 vo-

1155 2523 1224 2545 cem
1239 2508 1382 2541 similiter
1397 2501 1552 2536 adhibuit:

1220 2588 1287 2611 Hem
1298 2585 1303 2609 !
1323 2583 1382 2608 istic
1392 2581 1500 2613 oportet
1511 2574 1596 2602 obseri
1606 2575 1695 2598 mores
1704 2566 1805 2595 malos;

1222 2626 1247 2649 Si
1257 2625 1283 2648 in
1295 2621 1441 2648 obser-endo
1452 2615 1553 2651 possint
1563 2609 1682 2644 ἐπανῄει-ἰ
1691 2616 1700 2633 .-

1156 2700 1176 2730 i.
1198 2709 1224 2729 e.
1249 2693 1406 2733 intercipi,
1428 2689 1543 2730 perire:
1579 2683 1658 2716 adeo
1685 2684 1723 2710 ut
1746 2673 1847 2717 phrasi

1158 2752 1294 2792 interfiat
1325 2747 1414 2777 malis
1434 2742 1588 2783 ferarum,
1618 2732 1736 2773 optime
1764 2727 1868 2770 videti!

1162 2799 1323 2834 Arnobius
1341 2797 1573 2835 repraesentare,
1595 2786 1649 2817 lib.
1664 2784 1697 2814 ii.
1713 2792 1744 2822 p.
1760 2783 1810 2812 72.
1831 2780 1869 2818 pe

1161 2854 1324 2886 besticrwn
1340 2845 1509 2878 laniatibus
1524 2838 1679 2878 dissipari.

1205 2904 1280 2935 Ver.
1298 2904 1368 2932 886.
1393 2899 1499 2931 Scire:
1533 2899 1568 2925 Δ.
1591 2892 1770 2923 Siva-*non
1792 2883 1871 2914 since
