1912 3292
306 170 394 210 196

796 162 855 211 Τ.
916 162 1296 212 LUCRETII

443 293 566 335 Certe
584 293 776 349 equidem
796 293 890 336 finis
909 295 1004 336 vitae
1023 296 1262 338 mortalibus
1281 297 1428 346 adstat,

445 367 533 408 Nec
554 367 724 408 devitari
744 367 868 408 letum
889 376 1001 423 pote,
1023 370 1121 424 quin
1143 367 1350 412 obeamus.

504 440 726 491 Praeterea,
747 455 958 484 vorsamur
978 443 1170 494 ibeidem‚
1190 452 1312 500 atque
1331 445 1531 496 insumus,
1552 461 1698 502 usque;

447 514 536 555 Nec
555 529 663 556 nova
681 514 856 556 vivendo
876 515 1117 570 procuditur
1136 517 1216 558 ulla
1235 517 1434 572 voluptas:

311 593 416 629 1095
450 588 547 638 Sed,
569 587 668 629 dum
690 588 817 637 abest,
839 588 951 643 quod
971 603 1152 638 avemus,
1174 589 1218 628 id
1237 603 1484 644 exsuperare
1502 593 1662 635 videtur

448 661 626 711 Caetem3
658 670 751 716 post
771 661 896 711 aliud,
919 676 1044 716 quom
1064 662 1237 718 contigit
1256 662 1370 713 illud,
1392 679 1574 715 avemus;

304 825 368 848 tros
383 827 489 847 sensus
510 816 616 846 durior
642 817 759 855 phrasis
779 819 908 857 accidat,
936 821 1028 851 verba

307 875 380 899 arms
405 870 442 898 sil
470 869 619 898 manendo
646 867 785 907 ejusdem
811 876 884 900 sunt
898 871 1028 901 omuino

306 925 466 949 structurae
491 918 674 960 Virgilianis
698 919 766 955 illis,
796 920 836 950 ad
865 931 933 962 geo.
955 923 975 953 i.
999 927 1027 953 4.

307 970 487 1001 notissimis:

652 1043 699 1073 qui
708 1041 789 1067 cultus
800 1042 909 1067 habendo

368 1081 405 1106 sie
413 1081 539 1114 pecori—.-

307 1147 361 1178 ubi
374 1147 572 1189 quorundam
594 1149 717 1179 inscitia
738 1150 882 1180 similiter
895 1156 1030 1191 grassata

308 1205 366 1237 est,
392 1198 569 1238 reponendo
593 1201 763 1231 habendus.-
789 1200 859 1231 vide
885 1202 926 1231 sis
945 1212 1030 1232 com-

309 1249 475 1280 mentarios
503 1250 696 1281 eniditorum
728 1251 768 1282 ad
796 1251 887 1282 illum
916 1252 1031 1284 locum.

308 1301 458 1331 Formula
472 1301 642 1331 consimilis
657 1301 814 1333 reddenda
829 1303 953 1334 videtur
966 1304 1032 1334 Mi-

309 1352 404 1382 nucio
419 1351 526 1389 Felici,
542 1358 613 1382 sect.
627 1356 659 1383 2.
677 1352 726 1384 ed.
741 1353 848 1384 Davis.
872 1357 894 1372 ‘⁴
914 1354 1031 1395 Itaque,

310 1405 333 1421 “
349 1412 422 1433 cum
437 1402 578 1433 diluculo
597 1403 638 1433 ad
652 1414 738 1434 mare
761 1406 978 1436 inambulando
993 1407 1032 1436 li-

309 1458 334 1474 “
351 1457 410 1486 tori
424 1456 705 1496 pergeremus—:‘’
729 1456 748 1486 i.
765 1466 790 1487 e.
804 1462 840 1487 ut
855 1457 930 1488 litus
945 1457 1034 1488 nobis

310 1506 565 1538 inambularetur.
609 1507 708 1546 Libri,
723 1509 819 1539 litore.
866 1508 971 1538 Aliam
987 1510 1032 1539 vi-

312 1567 364 1587 am
381 1557 529 1588 Davisius
544 1558 702 1598 ingressus
716 1564 779 1597 est;
799 1569 894 1599 quem
908 1559 986 1590 vide.

353 1610 428 1640 Ver.
448 1613 538 1641 1090.
552 1611 680 1650 subigit:
705 1610 744 1641 O.
760 1612 869 1646 sublim
897 1616 932 1643 Δ.
946 1613 1034 1642 subit.

354 1661 429 1692 Ver.
448 1664 537 1693 1091.
574 1663 657 1692 Certe
682 1664 838 1702 equidem:
874 1662 910 1692 P.
937 1663 1034 1694 Vind.

313 1713 399 1742 Cerco
407 1727 417 1748 ;
434 1718 471 1742 ut
482 1712 620 1753 evulgari
631 1711 722 1742 solet:
742 1723 837 1752 quam
851 1713 1035 1752 scripturam

311 1769 417 1794 tamen
454 1763 486 1792 in
513 1763 550 1793 P.
586 1762 779 1793 emendatori
815 1763 1035 1803 imputandam

310 1814 452 1851 dixerim,
469 1814 502 1844 in
517 1814 614 1845 vind.
633 1815 847 1855 negligentiae:
874 1826 949 1846 nam
965 1816 1034 1848 libri

310 1865 421 1907 reliqui
436 1876 501 1896 uno
515 1876 669 1896 consensu
683 1866 760 1896 dant
784 1869 870 1897 >Certe
884 1869 1021 1907 equidem
1026 1884 1037 1905 ,-

308 1927 388 1958 quos
413 1917 446 1947 in
465 1927 502 1947 ,τε
524 1917 578 1947 tali
601 1928 658 1948 nos
680 1928 745 1948 non
765 1918 832 1948 ausi
847 1929 956 1949 sumus
971 1930 1034 1950 non

308 1967 426 1998 audire.
472 1967 633 1998 Nimirum
654 1968 786 2007 ipsemet
805 1979 890 1999 eram
905 1970 1036 2002 minime

311 2024 438 2060 paratus
449 2019 485 2049 in
508 2029 618 2050 eorum
642 2019 829 2050 sententiam
854 2022 1033 2062 concedere,

311 2074 366 2114 qui
380 2079 566 2113 putaverunt
592 2088 625 2106 ‘ro
649 2076 796 2115 equidem,
824 2085 880 2115 pro
897 2087 950 2115 ego
965 2077 1033 2116 qui-

311 2129 390 2164 dem,
405 2126 567 2168 aliquoties
586 2138 650 2158 non
665 2134 756 2159 stare:
783 2129 836 2159 sed
852 2130 902 2159 hic
918 2129 1033 2160 Lucre-

309 2177 346 2208 tii
361 2177 457 2216 locus,
481 2178 540 2208 nisi
555 2178 711 2210 codicibus
725 2190 858 2210 summae
874 2179 945 2211 fidei
959 2180 1034 2211 veli-

310 2239 382 2260 mus
410 2230 608 2269 pertinaciter
636 2232 746 2268 obniti,
783 2231 947 2262 rarissimis
976 2232 1037 2262 illis

311 2281 511 2312 annumerari
525 2281 617 2312 debet
632 2283 716 2313 hunc
739 2293 831 2314 usum
848 2283 1035 2313 confirman-

311 2335 401 2365 tibus·
463 2335 655 2367 Glossarium
689 2344 789 2368 vetus:
831 2342 854 2357 “
872 2340 1035 2379 Equidem,

311 2390 335 2404 ‘⁸
352 2400 410 2427 εγω
424 2401 486 2427 μεν,
508 2394 568 2426 ΓΕ,
593 2403 643 2420 και
666 2390 802 2421 ΔΗΤΑ.”
834 2389 976 2421 Servium
993 2392 1035 2421 vi-

312 2437 395 2476 deas,
411 2439 451 2470 ad
463 2439 551 2481 Virg.
567 2440 643 2471 AEn.
658 2441 677 2471 i.
689 2444 761 2473 576.
777 2441 816 2472 de
827 2442 885 2472 hac
899 2442 1036 2473 dictione

312 2489 523 2521 disserentem.
569 2491 660 2528 Sane,
687 2493 712 2522 si
737 2492 852 2533 syllaba
878 2493 979 2524 finalis
1002 2495 1036 2524 in

315 2542 398 2571 Certe
420 2543 530 2581 corripi
544 2549 672 2582 poterat,
696 2544 950 2576 existimavissem
973 2546 1036 2576 for-

314 2596 393 2622 tasse
420 2607 453 2624 ero
477 2605 493 2624 e
518 2604 536 2624 a
560 2594 752 2633 praecedente
777 2597 928 2628 vocabulo
941 2598 1034 2628 aufu-

311 2643 408 2682 gisse;
431 2645 484 2675 sed
501 2647 560 2676 hoc
574 2646 659 2688 leges
680 2648 818 2679 metricae
837 2660 901 2680 non
917 2650 1036 2689 sinunt,

313 2699 344 2722 et
358 2695 502 2725 omnibus
524 2698 625 2728 modis
640 2709 691 2729 me
707 2701 837 2730 vertenti
853 2710 977 2740 prorsus
990 2701 1036 2731 ef·

315 2743 442 2783 fugium
470 2747 682 2784 praecluditur:
717 2750 902 2782 lectionibus
931 2752 1037 2792 igitur,

315 2794 395 2825 sicut
420 2796 508 2826 nobis
533 2800 706 2831 constitutae
729 2808 814 2841 sunt,
841 2803 962 2834 videtur
987 2813 1036 2834 ac-

316 2847 545 2888 quiescendum.
593 2852 744 2885 Conferas
758 2857 847 2897 Yirg.
863 2858 917 2888 ecl.
933 2857 973 2888 ix.
990 2860 1016 2888 7.

1115 821 1187 853 Ver.
1205 826 1295 855 1092.
1325 824 1418 863 quin:
1445 823 1486 853 V.
1512 823 1560 853 ed.
1585 824 1726 863 quand05
1761 831 1798 854 ut

1071 872 1157 908 alias,
1173 875 1212 903 ob
1227 874 1450 914 compendium
1465 874 1603 913 profecto
1619 873 1669 914 φῖ.

1116 923 1197 954 Ibid.
1223 927 1315 955 letum
1331 926 1484 961 obeamus;
1509 932 1545 955 ut
1565 926 1645 956 obire
1660 932 1797 963 mortem,

1071 974 1109 1004 iv.
1129 978 1218 1005 1014.
1253 975 1477 1015 Inscriptiones
1505 977 1645 1015 Gruteri,
1671 988 1700 1017 p.
1724 980 1796 1008 339.

1073 1025 1147 1056 insc.
1164 1029 1192 1056 4.

1134 1084 1246 1110 Pulchre
1257 1084 1350 1110 vixisti
1356 1095 1365 1116 5
1374 1086 1466 1117 fatum
1477 1087 1597 1111 mortalis
1606 1086 1687 1112 abisti.

1075 1142 1126 1173 Sic
1153 1143 1364 1180 scribendum,
1402 1154 1458 1183 pro
1477 1145 1568 1186 sato.-
1605 1145 1625 1176 i.
1657 1155 1683 1176 e.
1711 1145 1798 1187 salii,

1062 1192 1177 1234 salom.

1123 1245 1192 1276 Ver.
1211 1249 1302 1278 1094.
1323 1248 1467 1277 vivendo:
1493 1247 1537 1277 V.
1553 1247 1602 1277 ed.
1617 1249 1799 1281 videndo.—

1069 1299 1272 1338 procuditur.-
1292 1302 1326 1328 Δ.
1336 1301 1522 1338 producitur
1528 1314 1539 1334 ,-
1559 1299 1606 1329 uti
1620 1299 1721 1330 solent
1733 1300 1801 1330 haec

1075 1349 1167 1379 verba
1188 1349 1392 1380 commutari:
1427 1349 1496 1380 vide
1518 1350 1558 1380 ad
1581 1351 1611 1381 ii.
1629 1354 1720 1381 1114.
1743 1360 1801 1381 nec

1076 1400 1204 1438 mirum,
1228 1411 1328 1441 quum
1349 1401 1545 1441 grammatici
1561 1404 1731 1442 procudere
1752 1402 1801 1432 in-

1076 1457 1282 1492 terpretentur
1303 1463 1358 1492 per
1376 1455 1560 1493 producere;
1583 1454 1638 1484 sed
1651 1450 1751 1485 crasse
1771 1459 1803 1485 et

1076 1503 1196 1540 inscite,
1211 1504 1288 1542 imo,
1308 1503 1400 1544 plane
1415 1513 1584 1543 perperam,
1608 1505 1666 1536 nisi
1681 1505 1722 1536 de
1735 1507 1804 1537 telis

1077 1555 1179 1585 solum
1214 1563 1398 1595 εληλοιμενοις
1435 1556 1659 1598 intelligantur.
1713 1557 1804 1588 Hinc

1078 1617 1204 1646 operam
1218 1607 1299 1638 ludit
1313 1608 1450 1646 Nonius,
1466 1608 1506 1639 ad
1520 1608 1553 1639 ii.
1570 1612 1642 1640 677.
1666 1614 1697 1639 et
1712 1619 1802 1640 men-

1078 1657 1153 1688 dosa
1177 1664 1291 1689 mactat
1313 1659 1517 1698 explicatione
1533 1660 1711 1691 Varronem
1726 1659 1801 1691 Vir-

1077 1709 1262 1750 giliumque.
1309 1710 1383 1741 Non
1408 1711 1568 1750 peritiores
1593 1722 1625 1742 se
1650 1712 1805 1743 dederunt

1080 1760 1205 1791 Servius
1229 1761 1269 1792 ad
1294 1761 1438 1792 Maronis
1463 1762 1579 1800 locum,
1604 1768 1636 1792 et
1654 1762 1805 1803 glossator

1079 1818 1180 1851 vetus5
1203 1812 1274 1852 tibi,
1288 1813 1313 1843 si
1329 1813 1369 1843 sit
1382 1813 1472 1851 tanti,
1486 1813 1596 1852 lector,
1611 1813 1804 1845 consulendi.

1082 1866 1256 1895 Procudere
1270 1875 1361 1896 novas
1372 1866 1538 1905 voluptates
1552 1864 1668 1896 scilicet
1681 1876 1701 1896 a
1714 1877 1806 1897 num-

1082 1918 1140 1946 mis
1166 1921 1210 1946 est
1233 1915 1487 1946 manifestissima
1511 1916 1683 1955 translatio,
1712 1916 1762 1947 vel
1786 1927 1805 1947 a

1078 1969 1157 2005 telis,
1177 1977 1247 2008 quae
1261 1967 1402 2006 terendo,
1425 1978 1479 1998 seu
1494 1967 1653 2009 feriendo,
1678 1967 1713 1998 in
1728 1977 1804 1998 acu-

1078 2027 1152 2048 men
1167 2017 1335 2054 ducuntur,
1356 2018 1444 2048 haud
1458 2029 1579 2058 semper
1587 2020 1804 2058 producuntur

1078 2074 1192 2099 tamen.
1237 2069 1319 2099 Haec
1348 2074 1454 2100 autem
1483 2069 1646 2101 nonnullis
1674 2069 1804 2102 fortasse

1079 2128 1264 2161 λεπτολογια
1280 2121 1379 2151 nimia
1394 2120 1563 2159 videbitur;
1585 2121 1717 2162 ideoque
1736 2133 1804 2154 ma-

1078 2182 1157 2202 num
1183 2171 1354 2209 abstinebo,
1383 2178 1454 2211 post
1479 2182 1574 2213 quam
1600 2173 1804 2209 admonuero.

1079 2224 1212 2263 priorem
1227 2224 1514 2263 interpretationem
1529 2225 1676 2256 Lucretio
1691 2225 1804 2257 melius

1079 2274 1251 2306 convenire.
1276 2274 1380 2305 Aliter
1390 2275 1533 2313 Plautus,
1546 2275 1660 2308 Pseud.
1670 2276 1702 2308 ii.
1713 2280 1742 2308 2.
1753 2281 1802 2309 20.

1111 2349 1178 2372 Nam
1190 2347 1252 2373 haec
1267 2348 1334 2372 mihi
1344 2348 1416 2372 incus
1428 2353 1482 2374 cst:
1500 2348 1637 2381 procudam
1647 2357 1706 2383 .eg0
1723 2350 1804 2376 hodie

1233 2387 1295 2412 hinc
1307 2387 1407 2412 multos
1417 2387 1493 2412 dolos.

1122 2446 1197 2476 Ver.
1214 2449 1305 2478 1095.
1328 2448 1425 2478 abest:
1449 2447 1491 2478 V.
1503 2448 1553 2479 ed.
1570 2450 1663 2480 obest:
1690 2448 1804 2481 deinde

1080 2497 1188 2528 inserit
1206 2504 1246 2528 n.
1262 2500 1486 2530 ide-avemus:
1514 2497 1611 2530 Vind.
1626 2500 1667 2531 V.
1694 2499 1742 2532 ed.
1767 2506 1804 2532 Δ.

1081 2554 1115 2581 Σ.
1138 2551 1297 2586 tabernas,-
1321 2560 1358 2580 ex
1385 2551 1604 2592 orthographia
1619 2561 1733 2591 nempe
1746 2554 1804 2582 Ιια-

1079 2612 1191 2639 vemus,
1214 2602 1231 2631 b
1247 2611 1319 2632 cum
1340 2613 1370 2641 v,
1396 2607 1432 2632 ut
1456 2603 1635 2643 saepissime,
1664 2602 1804 2641 mutat&

1082 2658 1122 2683 Π.
1140 2653 1236 2682 habet.
1270 2652 1345 2682 Hoc
1359 2663 1459 2694 genus
1473 2654 1651 2684 acutissima
1664 2644 1711 2684 est
1723 2653 1756 2685 J.
1768 2654 1803 2684 F.

1083 2703 1235 2734 Gronovii
1250 2704 1414 2744 restitutio,
1429 2708 1458 2736 si
1470 2707 1502 2737 υἱ
1514 2705 1605 2736 Livio
1618 2705 1804 2740 redonantis,

1081 2765 1138 2795 pro
1151 2757 1211 2786 sibi
1225 2756 1491 2795 membranarum,
1507 2756 1547 2787 ad
1561 2766 1630 2786 xxv.
1645 2760 1696 2786 52.
1713 2759 1742 2787 5.

1126 2807 1200 2837 Ver.
1218 2810 1308 2838 1096.
1330 2819 1468 2839 avemus:
1494 2808 1535 2840 V.
1551 2807 1599 2840 ed.
1614 2809 1805 2845 haberemus‚·

1086 2864 1125 2888 Π.
1143 2863 1177 2889 Σ.
1192 2859 1344 2890 habemus.
