1912 3292
324 247 417 290 362

820 247 880 295 Τ.
933 248 1316 304 LUCRETII

463 373 682 418 Discutere
702 385 742 419 et
761 393 909 436 corpus
929 382 982 423 de
1001 384 1107 426 terra
1129 388 1345 444 conripere
1364 390 1536 445 instant3

464 448 662 501 Proinde,
684 454 798 508 quasi
818 455 979 512 ignotas
991 458 1110 501 facies
1131 469 1253 518 atque
1272 478 1346 507 ora
1365 473 1544 510 tuantur.

464 522 533 574 Et,
556 539 638 580 quo
659 541 831 585 quaeque
850 533 980 588 magis
1001 542 1096 576 sunt
1115 551 1258 592 aspera
1277 541 1559 595 seminiorum,

317 692 391 723 velit
421 695 566 726 omnium
596 697 747 729 librorum
777 700 878 737 lectio,
901 711 1042 735 consueta

316 745 414 781 domi‚-
438 752 493 775 aut
507 757 570 786 quo
584 754 674 786 pacto
689 750 807 788 phrasis
822 751 876 782 illa
887 753 926 782 ad
938 764 1042 794 recep-

315 795 448 826 tissimas
464 797 547 837 leges
562 801 783 838 grammaticas
797 802 967 843 redigenda
983 806 1041 838 sit?

315 847 427 877 Donec
443 848 602 886 exstiterit,
628 851 682 891 qui
698 862 750 882 me
772 852 812 884 de
833 855 891 885 hac
914 866 947 886 re
968 857 1040 888 doc-

314 897 426 927 tiorem
442 898 546 938 faciat,
571 911 635 931 non
651 904 813 941 poenitebit
827 905 964 938 Lucretii
994 909 1041 940 fa·

313 959 374 979 mae
386 951 587 989 consuluisse,
601 955 799 987 rescribendo
809 960 910 995 domu,
923 970 980 999 pro
989 964 1042 992 do-

312 1004 392 1038 muc}
416 1005 558 1042 quamvis
573 1005 669 1037 fuerit
686 1008 753 1039 haec
768 1009 859 1040 lectio
874 1012 1043 1044 arbitrariae

311 1053 497 1093 conjecturae
527 1055 617 1088 fetus.
679 1059 730 1089 Sic
763 1061 918 1102 Virgilius
949 1071 1042 1104 melu,

310 1107 404 1143 victu,
427 1110 600 1147 concubitu,
634 1121 690 1150 pro
712 1115 816 1149 metui,
839 1116 946 1154 victui,
969 1127 1041 1148 con-

309 1158 438 1193 cubitui,
465 1170 540 1190 usus
563 1167 616 1197 est,
632 1169 667 1192 ut
689 1173 800 1195 omnes
821 1173 949 1198 norunt:
971 1168 1042 1199 vide

310 1207 461 1240 Priscian.
491 1211 545 1242 lib.
574 1213 624 1244 vii.
655 1225 683 1253 p.
713 1218 783 1247 778.
822 1219 862 1248 A.
892 1219 973 1250 Gell.
1000 1221 1039 1251 iv.

312 1262 360 1289 16.
383 1260 577 1301 Exquisitior
586 1271 692 1296 autem
708 1267 888 1309 doctiorque
903 1271 1040 1302 formula

308 1319 403 1349 quam
420 1311 512 1343 facile
529 1314 563 1344 in
579 1317 756 1349 vexationes
771 1319 971 1352 librariorum
987 1323 1034 1353 in-

309 1361 432 1398 cideret,
462 1366 723 1405 manifestissime,
753 1371 842 1401 nobis
857 1374 1038 1411 tacentibus,

308 1420 443 1451 apparet.
490 1416 578 1448 Hinc
593 1419 689 1450 etiam
704 1421 779 1451 satis
800 1429 928 1461 constat,
952 1426 1038 1456 unde

309 1463 431 1494 malum
461 1467 574 1506 pedem
604 1470 745 1503 intulerit
769 1473 821 1504 ille
844 1485 960 1514 versus,
983 1477 1037 1517 qui

307 1515 386 1546 solet
400 1517 494 1548 libros
509 1520 652 1561 vulgares
664 1533 880 1564 conspurcare,
896 1529 1036 1568 quamvis

307 1567 346 1596 ab
368 1569 520 1600 universis
548 1572 643 1603 MSS.
672 1576 824 1615 exemplis
846 1578 977 1617 exsulet,
1005 1586 1036 1610 et

307 1618 454 1649 omnibus
468 1623 606 1662 antiquis
620 1624 823 1658 editionibus:

320 1707 356 1731 At
367 1714 494 1734 consueta
505 1711 572 1735 domi
583 1714 735 1739 catulorum
747 1716 844 1742 blanda
854 1725 972 1752 propago

320 1749 425 1778 Degere,
436 1753 500 1781 ,ηερε
511 1750 597 1775 levem
609 1759 642 1777 cx
651 1754 728 1779 oculis
737 1756 917 1790 volucremque
925 1763 1034 1791 soporem

321 1787 502 1814 Discutere—.

306 1865 430 1907 Nempe
446 1869 594 1902 insititius
617 1872 669 1903 ille
695 1874 844 1908 violenter
870 1885 916 1909 est
932 1880 1032 1911 intru-

304 1928 367 1957 suS,
391 1926 427 1950 ut
450 1935 490 1952 ιτα
516 1931 656 1955 consueta
685 1929 768 1958 domi
781 1928 943 1962 decentius
958 1943 1031 1963 cau-

302 1970 377 2000 dam
393 1974 558 2011 traherent,
577 1990 618 2016 τῳ
633 1979 739 2017 degere
755 1983 924 2021 composita
939 1990 1032 2025 atque

303 2031 527 2063 coagmentata.
575 2027 626 2058 sic
646 2029 760 2060 vibiam
787 2042 859 2063 vara
885 2037 1031 2076 sequitur.

303 2074 451 2110 —Porro‚
479 2087 584 2108 versus
599 2079 704 2116 etiam,
720 2092 814 2121 quem
830 2094 916 2116 nunc
931 2088 1029 2127 agita-

303 2133 386 2162 mus,
402 2136 475 2156 cum
490 2135 649 2169 sequente,
668 2131 753 2162 deest
768 2134 925 2167 codicibus
942 2139 980 2169 O.
996 2145 1030 2170 Δ.

348 2185 429 2216 Ibid.
453 2191 623 2221 catulorum
653 2193 765 2224 blanda
790 2206 936 2237 propago.
984 2199 1030 2229 Si-

302 2237 418 2268 militer
435 2239 599 2280 Virgilius,
615 2253 683 2283 geo.
700 2244 741 2275 iii.
760 2249 831 2278 496.

365 2314 433 2339 Hinc
443 2316 548 2342 canibus
557 2317 656 2343 blandis
667 2321 750 2346 rabies
761 2323 845 2347 venit.

343 2383 419 2415 Ver.
436 2390 508 2418 997.
527 2388 644 2420 Versus
659 2391 712 2421 ille
724 2393 882 2433 Lambini,
899 2398 1029 2438 Drgere,

301 2438 357 2464 etc.
370 2435 522 2468 delendus
537 2446 598 2470 est:
625 2448 664 2477 et,
681 2443 714 2472 in
730 2444 788 2475 hoc
803 2456 900 2484 versu,
924 2459 979 2487 pro
994 2453 1030 2481 de

299 2485 394 2524 terrei,
411 2486 581 2528 legendum
596 2494 633 2523 de
648 2504 748 2525 sonmo
755 2510 766 2531 ;
794 2503 829 2527 ut
843 2498 885 2529 iii.
905 2503 974 2531 164.

395 2569 525 2601 conripere
535 2578 568 2596 ex
578 2580 662 2597 somno
673 2578 801 2607 corpus—.

301 2639 433 2681 Nempe,
450 2656 468 2676 e
481 2649 553 2679 εοΐὶο
569 2649 689 2682 factum
707 2659 752 2683 est
766 2656 824 2685 solo
830 2671 840 2691 ;
861 2655 934 2686 inde
944 2663 1024 2688 terra

301 2693 384 2723 venit
400 2706 435 2725 ex
452 2698 564 2738 glossa.
657 2704 880 2738 Bnuumus.

302 2750 481 2791 Ingeniosae
493 2760 549 2790 viri
560 2764 678 2794 summi
689 2766 825 2797 rationes
834 2778 898 2798 non
910 2770 1025 2800 suntin

299 2801 408 2834 eadem
425 2809 540 2840 trutina
557 2815 710 2850 ponendae
725 2828 797 2848 cum
823 2820 966 2850 unanimi
987 2821 1024 2851 li-

301 2854 426 2886 brorum
445 2860 630 2899 testimonie,
654 2867 741 2898 nulla
758 2871 938 2902 necessitate
952 2882 1022 2902 mu-

302 2906 451 2939 tationem
466 2920 659 2949 provocante.

1131 707 1211 738 Ibid.
1233 711 1396 743 Discutere
1422 724 1538 754 corpus.
1586 715 1677 748 Nihil
1707 720 1811 754 notius

1086 757 1145 788 hac
1157 761 1382 793 consuetudine
1393 773 1507 795 cauum
1519 769 1799 810 expergiscentium
1804 786 1814 811 ;

1086 818 1182 848 quam
1198 810 1315 850 Popius
1330 819 1434 844 noster
1455 815 1643 855 lepidissime
1667 821 1811 854 adhibuit

1085 859 1118 888 in
1138 861 1286 893 Cz'nce'nni
1302 865 1406 903 Rapta
1414 879 1424 895 .-

1102 929 1168 953 Now
1179 930 1292 963 lap-dags
1304 932 1365 964 give
1376 934 1537 962 themselves
1547 938 1586 963 the
1596 941 1700 974 rousing
1709 942 1791 968 shake.

1087 995 1175 1025 Hinc
1205 997 1440 1043 translationem
1463 1002 1644 1042 Propertius
1665 1009 1810 1049 sumpsit,

1086 1053 1117 1077 et
1132 1047 1333 1087 explicandus
1349 1057 1405 1089 est,
1422 1053 1499 1094 eleg.
1514 1054 1557 1084 iii.
1571 1059 1600 1086 8.
1618 1059 1666 1088 15.
1682 1059 1737 1089 ubi
1745 1065 1810 1091 tur-

1086 1099 1139 1128 bas
1153 1099 1305 1131 inutiliter
1320 1101 1380 1133 ciet
1395 1103 1612 1138 Burmannus:

1115 1166 1154 1190 Ac
1165 1166 1283 1198 primurn
1296 1168 1364 1200 pura
1374 1177 1489 1196 somnum
1499 1173 1548 1198 tibi
1558 1173 1654 1200 discute
1662 1175 1787 1209 lympha.

1084 1235 1232 1267 Eundem
1247 1248 1341 1269 usum
1356 1246 1387 1271 et
1401 1242 1534 1274 eandem
1555 1245 1690 1292 figuram
1716 1249 1810 1281 habet

1083 1287 1178 1317 etiam
1203 1291 1334 1321 verbum
1350 1296 1479 1325 excutio.
1527 1296 1726 1337 Calpurnius,
1751 1301 1808 1332 ecl.

1082 1337 1125 1369 iii.
1143 1343 1192 1370 47.

1113 1409 1185 1433 Dum
1197 1409 1256 1440 flet,
1267 1413 1295 1435 et
1305 1417 1410 1437 excusso
1419 1413 1546 1447 dispargit
1558 1416 1661 1443 lumina
1668 1425 1764 1444 somno.

1082 1472 1149 1502 Alii
1166 1474 1316 1506 similiter.
1363 1477 1554 1518 Interpretes
1578 1491 1611 1512 se
1634 1483 1806 1515 animosius

1079 1531 1222 1556 excutere
1234 1526 1406 1559 debuerant
1417 1530 1457 1560 ad
1467 1531 1664 1572 Terentium,
1678 1535 1805 1568 Phorm.

1078 1575 1116 1606 iv.
1137 1580 1162 1607 1.
1182 1581 1232 1609 20.
1255 1579 1335 1609 nihil
1350 1581 1572 1623 intelligentes:

1079 1658 1157 1688 Quod
1169 1658 1189 1682 si
1200 1658 1242 1689 fit,
1254 1663 1284 1685 ut
1295 1667 1334 1685 me
1344 1663 1484 1695 excutiam,
1495 1668 1578 1698 atque
1583 1668 1704 1699 egrediar
1710 1669 1792 1696 domo
1800 1688 1810 1702 ‚

1080 1696 1109 1720 ld
1122 1700 1214 1721 restat.

1080 1768 1196 1799 Confer
1224 1771 1363 1803 eundem
1393 1774 1427 1804 in
1458 1776 1595 1817 Adelph.
1626 1780 1665 1811 iv.
1693 1785 1722 1812 4.
1753 1787 1803 1815 21.

1078 1819 1166 1851 Hinc
1181 1822 1296 1860 pendet
1310 1824 1389 1857 illud
1411 1827 1663 1869 Ciceronianum,
1686 1833 1726 1865 de
1751 1836 1803 1868 offi

1077 1870 1122 1901 iii.
1146 1876 1264 1903 20.—“
1279 1884 1382 1908 excute
1408 1878 1650 1921 intelligentiam
1674 1887 1803 1919 tuam:”

1077 1927 1108 1953 et
1121 1931 1247 1956 centum
1263 1929 1418 1966 parallela.
1454 1931 1566 1974 Neque
1580 1935 1670 1967 aliter
1687 1938 1802 1979 Graeci,

1076 1974 1101 2004 si
1116 1976 1211 2007 modo
1230 1978 1288 2009 rite
1304 1981 1514 2021 meminerim,
1529 1995 1604 2017 cum
1618 1988 1682 2019 suis
1695 2002 1801 2022 arow-

1078 2040 1169 2057 νασσω
1184 2034 1215 2058 et
1233 2043 1399 2063 εκτινασσω.

1119 2083 1192 2113 Ver.
1210 2089 1282 2116 998.
1293 2087 1399 2125 facies
1414 2096 1504 2130 alque
1519 2103 1582 2123 ora.
1627 2094 1722 2126 Hanc
1747 2106 1801 2136 pe-

1075 2132 1280 2174 rissologiam,
1303 2138 1349 2167 uti
1367 2139 1491 2171 Servius
1512 2144 1698 2184 nominavit,
1725 2147 1800 2178 Vir-

1073 2183 1167 2223 gilius
1182 2186 1266 2216 haud
1289 2188 1475 2229 dedignatus
1500 2200 1554 2230 est,
1579 2197 1667 2236 quasi
1693 2198 1800 2230 mallet

1075 2245 1147 2264 cum
1164 2236 1310 2268 Lucretio
1333 2250 1389 2271 suo
1406 2245 1586 2281 peccavisse,
1611 2257 1706 2287 quam
1724 2259 1798 2280 cum

1078 2286 1234 2318 Servianis
1249 2290 1465 2331 magistellulis
1481 2302 1562 2326 recte
1576 2299 1701 2338 sentire,
1717 2301 1796 2332 AEn.

1075 2337 1094 2367 i.
1113 2342 1183 2369 658.

1236 2417 1368 2448 utsnciem
1381 2424 1512 2452 mutatus,
1525 2427 1547 2448 et
1563 2432 1619 2455 ora,
1630 2426 1735 2459 Cupido

1104 2455 1152 2477 Pro
1164 2454 1236 2480 dulci
1245 2457 1359 2483 Ascanio
1369 2461 1468 2485 veniat.

1073 2517 1179 2556 Unde,
1196 2531 1295 2560 quum
1309 2525 1566 2568 vocabulasacz‘es
1577 2536 1608 2560 et
1617 2534 1730 2571 species
1741 2544 1798 2565 sae·

1070 2569 1212 2607 piuscule
1242 2582 1488 2617 commutentur,
1522 2580 1608 2622 (vide
1636 2583 1794 2616 Burman-

1071 2629 1160 2658 num,
1176 2623 1216 2653 ad
1232 2624 1371 2665 Propert.
1387 2628 1424 2658 iv.
1439 2633 1466 2659 2.
1481 2633 1531 2661 51.
1548 2638 1579 2662 et
1593 2632 1794 2666 Drakenbor-

1070 2673 1186 2708 chium,
1211 2676 1250 2706 ad
1265 2677 1333 2708 Liv.
1352 2679 1392 2710 xl.
1411 2684 1458 2711 19..
1478 2682 1523 2721 4.)
1546 2685 1693 2723 suspicari
1716 2686 1794 2718 licu-

1070 2722 1143 2753 isset
1165 2724 1204 2755 de
1228 2730 1401 2769 corruptela
1427 2733 1466 2763 ad
1488 2733 1627 2773 ejusdem
1651 2737 1794 2770 Maronis

1069 2783 1136 2814 geo.
1155 2775 1192 2806 iv.
1211 2781 1282 2809 406.

1084 2848 1159 2872 Tum
1172 2850 1253 2874 variae
1266 2851 1377 2878 eludent
1387 2855 1486 2887 specics,
1497 2861 1579 2889 atque
1589 2865 1648 2890 ora,
1657 2860 1791 2888 ferarum:

1066 2919 1153 2958 quasi
1171 2922 1401 2955 rescribendum
1419 2934 1505 2964 esset,
1513 2929 1616 2969 chies
1625 2939 1715 2973 atque
1723 2945 1790 2971 ora,-
