1912 3292
26 53 32 223 s

23 443 28 677 a

42 1019 129 1061 ulgo,
139 1026 233 1061 putat
238 1035 249 1056 ;
269 1021 335 1052 vice
343 1023 437 1061 pari:
455 1032 526 1063 quae
540 1027 648 1052 tamen
663 1031 735 1060 vox,

29 1085 50 1102 a
58 1074 205 1112 proecipit
217 1078 250 1103 et
264 1075 349 1104 docet
362 1073 406 1103 sic
423 1073 644 1112 interveniens,
667 1083 735 1103 om-

13 1133 82 1154 em
103 1124 341 1155 constructionis
362 1125 595 1165 proportionem
618 1126 734 1163 turbat,

75 1280 280 1312 offensionem
323 1282 520 1313 librariorum
556 1283 734 1322 incurrisse,

28 1333 102 1363 robe
115 1332 275 1363 novimus:
301 1333 371 1363 vide
385 1333 425 1364 ad
439 1334 472 1363 ii.
488 1337 501 1363 1
512 1337 580 1365 146.

46 1391 122 1421 Ver.
137 1394 209 1422 576.
231 1393 340 1432 quibus
354 1398 399 1422 et:
425 1392 568 1430 editores,
584 1395 693 1433 quibus
708 1405 734 1430 e,

24 1441 88 1472 bris
112 1441 258 1472 omnibus
279 1442 314 1472 in
329 1443 451 1473 facinus
477 1444 731 1484 vociferantibus,

10 1508 13 1515 ι
47 1491 91 1523 ud
104 1498 215 1532 praeter
230 1493 360 1523 solitum
379 1493 519 1525 audaces

10 1579 11 1582 ,
48 1553 124 1584 Ver.
139 1555 211 1584 578.
244 1556 440 1594 promittere:
481 1555 519 1586 P.
544 1556 588 1587 V.
618 1557 666 1588 ed.
697 1558 736 1589 B.

26 1606 351 1645 ermittere;-possis:
371 1610 406 1637 Δ.
415 1609 523 1646 possit,
538 1607 654 1638 usitata
667 1619 738 1648 per-

43 1655 190 1686 utatione.

48 1715 130 1747 Ibid.
153 1718 226 1748 dum
240 1723 327 1748 taxat
340 1719 412 1749 hoc:
438 1718 458 1749 i.
474 1729 500 1749 e.
521 1719 581 1751 hoc
595 1726 736 1752 tantum-

39 1766 114 1805 odo;
138 1770 160 1786 “
176 1778 241 1798 esse
266 1768 382 1799 scilicet
402 1769 561 1810 quoddam
590 1771 737 1803 interval-

45 1818 115 1849 lum
146 1819 228 1850 inter
258 1819 372 1850 animae
406 1821 542 1860 exordia,
577 1828 609 1853 et
637 1829 737 1853 exter-

46 1880 104 1901 nos
117 1876 223 1901 motus
237 1871 390 1911 corporis;
411 1883 476 1903 non
496 1879 603 1904 autem
618 1875 678 1905 hoc
692 1875 738 1905 al-

44 1929 182 1961 ternum,
204 1928 236 1953 et
258 1923 393 1954 invicem
422 1934 554 1963 cessans,
583 1925 735 1966 officium,

44 1973 136 2014 quale
165 1974 342 2005 Democriti
368 1975 534 2015 ingenium
563 1977 677 2007 animae
706 1984 737 2008 et

43 2024 164 2064 corpori
186 2030 401 2056 commentum
422 2026 498 2057 est.''
545 2027 627 2058 Redi
649 2028 689 2058 ad
704 2028 736 2059 ii.

49 2126 130 2157 Ibid.
142 2129 333 2167 promittere:
351 2127 373 2159 i.
391 2137 418 2158 e.
438 2131 460 2147 “
474 2128 509 2159 in
523 2135 554 2160 te
568 2131 733 2171 suscipere,

45 2185 82 2210 ut
94 2179 260 2211 affirmes.”
305 2181 380 2211 Non
401 2181 532 2213 omnino
552 2183 673 2215 alienus
689 2192 735 2216 est

45 2233 134 2264 oratii
147 2233 245 2271 locus,
261 2243 357 2275 quem
371 2234 546 2265 Lambinus
560 2236 674 2274 attulit,
695 2247 733 2268 ex

40 2290 62 2316 t.
78 2285 100 2316 ἱ.
114 2288 143 2315 4.
162 2287 232 2316 101.

187 2366 260 2398 quod
271 2366 368 2391 vitium
381 2367 473 2399 procul
483 2367 558 2393 afore
569 2368 679 2399 chartis,

25 2406 118 2436 Atque
126 2404 217 2430 animo
227 2405 296 2437 plus,
306 2409 338 2430 ut
348 2406 370 2430 si
379 2407 444 2436 quid
451 2407 595 2439 promittere
605 2409 639 2433 de
649 2415 695 2434 me

24 2447 132 2470 Possum
142 2444 225 2475 aliud,
237 2452 300 2470 vere
311 2446 452 2478 promitto.

43 2527 122 2558 eque
143 2516 293 2557 indignus
317 2524 374 2556 est,
401 2529 494 2558 super
510 2521 568 2551 hac
590 2531 623 2552 re
637 2532 734 2563 quem

41 2569 162 2610 spiciaS,
187 2569 286 2600 Servii
308 2571 561 2611 commentarius,
584 2573 624 2603 ad
640 2574 732 2615 Virg.

52 2631 82 2651 n.
98 2620 130 2651 ii.
147 2624 198 2652 96.
227 2619 388 2652 Glossator
405 2627 506 2653 vetus:
532 2627 556 2642 “
574 2626 735 2662 Frontino,

20 2673 30 2690 ‘
46 2672 306 2713 εταγγελλομαι.”

49 2731 125 2763 Ver.
140 2734 213 2764 379.
229 2734 346 2773 prima.
374 2734 623 2766 Rescribendum
637 2735 737 2767 voluit

0 2795 1 2809 π
30 2782 58 2814 ic
71 2784 165 2815 etiam
180 2784 356 2820 Bendeius,
367 2789 476 2826 priva:
497 2788 628 2819 omnino
643 2799 733 2819 men-

28 2843 90 2880 ese,
110 2845 209 2876 neque
224 2836 380 2876 scriptoris
395 2848 488 2878 scopo
503 2840 734 2871 convenienter.

41 2894 94 2914 am
111 2889 216 2926 prima
242 2899 367 2929 corpora
400 2892 485 2921 nobis
507 2892 625 2932 injecta
655 2892 735 2922 valet

24 2938 33 2953 ‘
48 2941 167 2968 atomos
190 2939 234 2969 ita
247 2950 280 2971 se
294 2941 470 2982 injicientes
492 2943 592 2982 nobis,
619 2950 650 2974 et
674 2944 735 2975 im-

21 2988 33 3004 ⁶
45 2986 220 3029 pingentes,
234 2996 271 3022 ut
285 2998 388 3024 motus
403 2994 567 3026 sensiferos
581 2994 734 3035 efficiant;

442 284 676 334 LIBER
722 283 1073 333 TERTIUS.

1447 297 1510 339 59

157 419 297 469 Quam
316 416 460 474 quibus
480 424 520 457 et
539 430 689 471 corpus
707 415 842 466 nobis,
864 421 906 456 et
924 415 1078 457 viscera
1097 423 1307 469 constant3

155 493 268 534 Tum
287 506 458 533 numero
479 506 644 548 quoque
664 490 914 542 concedunt,
934 497 977 532 et
995 505 1091 533 rara
1111 506 1186 547 per
1204 500 1318 535 artus

154 566 308 608 Dissita
329 574 441 616 sunt;
473 565 575 607 dum
595 572 710 607 taxat
729 573 776 607 ut
795 565 876 607 hoc
894 566 1136 620 promittere
1153 566 1299 622 possis,

157 640 367 689 Quantula
385 638 709 696 prima'queant,
731 640 852 682 nobis
871 640 1035 696 injecta,
1057 641 1165 682 ciere

46 719 126 755 380
158 714 346 770 Corpora
366 715 579 757 sensiferos
598 723 737 757 motus
757 716 801 756 in
821 729 1012 770 corpore,
1033 722 1150 757 tanta

156 789 374 831 Intervalla
393 798 533 831 tenere
553 790 727 832 exordia
746 789 882 844 prima
901 789 1069 830 anima‘l'.

151 862 263 905 Nam
283 879 416 920 neque
435 865 611 920 polveris
630 864 840 906 interdum
861 864 1058 905 sentimus
1078 862 1291 905 adhaesum

781 1025 801 1039 “
816 1020 931 1051 animae
945 1019 975 1050 vi
990 1019 1108 1050 scilicet
1128 1017 1169 1050 ad
1194 1016 1335 1050 officium
1355 1029 1450 1051 suum
1463 1029 1512 1052 re·

780 1075 803 1091 ‘⁴
819 1070 1024 1102 suscitandi?²

823 1132 899 1162 Ver.
913 1136 985 1163 581.
1006 1132 1130 1162 exordia
1147 1133 1264 1172 prima.
1309 1132 1416 1172 Maro,
1434 1132 1509 1163 AEn.

782 1185 820 1216 iv.
841 1189 913 1216 284.

1043 1262 1106 1286 qute
1114 1256 1202 1286 prima
1213 1255 1319 1279 exordia
1330 1258 1435 1282 sumat?

821 1330 898 1360 Ver.
914 1331 987 1359 582.
1012 1327 1100 1358 Hinc
1115 1328 1236 1367 probat,
1263 1327 1422 1366 probabile
1444 1339 1512 1360 esse

778 1380 940 1422 quoddam
954 1379 1104 1419 temporis
1125 1378 1326 1410 intervallum
1348 1386 1421 1410 ante
1443 1381 1513 1412 fieri

780 1438 850 1472 post
867 1437 1047 1467 atomorum
1068 1430 1273 1471 injectionem
1295 1437 1327 1461 et
1348 1431 1512 1471 impulsio-

780 1495 866 1523 nem,
889 1494 985 1525 quam
999 1493 1090 1513 mens
1111 1483 1227 1521 cietur;
1247 1483 1334 1524 quod
1348 1483 1513 1525 aliquoties

779 1538 847 1568 haec
868 1536 914 1566 vis
936 1541 1114 1565 atomorum
1137 1541 1203 1565 tam
1223 1535 1300 1566 levis
1315 1536 1366 1572 sit,
1392 1541 1429 1566 ut
1442 1536 1511 1566 ani-

780 1598 868 1619 mam
882 1597 948 1618 non
958 1586 1059 1618 valeat
1069 1586 1258 1628 pertingere,
1273 1587 1327 1618 sed
1341 1587 1512 1619 inexcitam

780 1639 912 1680 linquat.

823 1699 905 1730 Ibid.
928 1700 1094 1729 adlzaesum.
1125 1697 1200 1728 Vox
1214 1703 1262 1728 est
1276 1697 1426 1729 Lucretio
1440 1698 1512 1738 plus

783 1753 881 1785 semel
895 1751 973 1782 alias
988 1751 1138 1788 adhibita,
1161 1751 1302 1791 ejusque,
1325 1756 1361 1781 ut
1376 1751 1513 1790 videtur,

782 1805 915 1846 propria.
942 1803 1094 1834 Meminit
1108 1801 1193 1832 illius
1209 1802 1346 1841 Nonius,
1362 1802 1403 1832 ad
1418 1803 1450 1834 ii.
1461 1806 1516 1835 54.

782 1859 868 1888 hunc
882 1865 1008 1886 versum
1029 1855 1177 1892 laudans3
1200 1853 1256 1885 sed
1271 1863 1330 1884 nos
1351 1854 1427 1885 alibi
1448 1864 1515 1885 non

783 1908 970 1939 invenimus.

825 1971 898 2003 Ver.
912 1973 984 2001 584.
1006 1981 1119 2011 neque:
1155 1969 1199 2000 sic
1225 1970 1262 2000 P.
1280 1969 1376 2001 Vind.
1395 1970 1435 2000 V.
1462 1971 1512 2002 ed.

783 2025 821 2060 Q.
839 2029 874 2055 Σ.
893 2030 938 2054 Ω.
949 2022 1064 2061 caeteri,
1079 2034 1151 2059 nec;
1167 2027 1204 2052 ut
1218 2022 1460 2054 editi—aranei
1470 2023 1513 2054 V.

780 2075 829 2106 ed.
843 2076 882 2106 Ο.
901 2082 945 2106 Ω.
961 2077 1056 2106 arani
1059 2090 1071 2112 ;
1093 2074 1149 2116 qui
1163 2085 1249 2105 error
1264 2080 1311 2105 est
1323 2075 1512 2114 pronuncia·

779 2127 887 2157 tionis:
916 2126 1011 2157 Vind.
1036 2127 1075 2162 Q„
1105 2138 1248 2162 araneae5
1275 2137 1341 2157 non
1363 2126 1511 2157 deterius.

780 2181 909 2212 Veteres
936 2179 1146 2221 grammatici:
1162 2183 1183 2199 “
1221 2182 1397 2219 Amineum,
1427 2180 1512 2221 quod

779 2235 801 2251 ‘<
817 2237 939 2262 textum
953 2237 1020 2268 est;
1040 2242 1169 2267 aranea,
1184 2241 1254 2272 quae
1269 2231 1373 2262 texit.”
1397 2231 1515 2262 Malim

777 2289 885 2314 tamen
897 2293 952 2322 per
963 2285 1074 2314 aranei
1088 2283 1183 2313 etiam
1195 2282 1300 2322 ipsum
1310 2294 1450 2314 vermem
1463 2284 1514 2314 in-

776 2335 924 2375 telligere.
971 2334 1105 2370 Servius,
1133 2333 1173 2364 ad
1193 2334 1279 2375 Virg.
1296 2345 1365 2375 geo.
1381 2335 1420 2365 iv.
1436 2339 1509 2366 246.

776 2389 843 2411 —“
866 2385 1044 2424 sciendum,
1083 2386 1211 2426 majores
1250 2386 1368 2416 animal
1410 2387 1515 2425 ipsum

777 2445 798 2458 “
812 2438 987 2469 masculino
1011 2447 1127 2478 genere
1151 2437 1334 2477 appellasse,
1361 2437 1412 2468 hic
1438 2448 1514 2467 ara-

778 2496 798 2509 “
813 2502 903 2526 neus,·
929 2489 1007 2521 retia
1020 2500 1104 2526 vero,
1129 2500 1199 2531 quae
1214 2490 1347 2528 faciunt,
1363 2488 1518 2519 feminino

779 2546 800 2562 “
817 2544 956 2584 genere.”
1003 2542 1158 2578 Catullus,
1173 2541 1259 2572 xxiii.
1277 2544 1306 2572 2.

842 2624 915 2654 Furi,
926 2623 990 2655 quoi
1001 2630 1089 2655 neque
1098 2630 1189 2648 servus
1199 2625 1250 2652 est,
1261 2629 1350 2653 neque
1359 2629 1432 2652 arca,

842 2666 897 2689 Nec
908 2664 1001 2694 cimex,
1013 2670 1101 2695 neque
1111 2670 1232 2693 araneus,
1243 2669 1333 2694 neque
1343 2662 1452 2694 ignis—.

821 2737 896 2767 Ver.
911 2738 984 2767 585.
1007 2737 1180 2766 obretimur.
1208 2734 1452 2774 Elegantissima
1467 2740 1513 2765 est

780 2789 911 2820 locutio:
938 2788 1049 2819 eadem
1070 2798 1167 2818 casses
1193 2786 1328 2828 gemella
1352 2797 1426 2817 voce
1452 2797 1510 2818 no-

777 2840 910 2870 minavit
924 2839 1091 2880 Virgilius,
1119 2848 1188 2880 geo.
1211 2838 1250 2869 iv.
1270 2841 1341 2869 247.
1380 2838 1514 2868 Po'eltam

781 2899 950 2933 utrumque
968 2891 1129 2922 Arnobius
1143 2891 1177 2921 in
1191 2890 1271 2926 loco,
1285 2891 1386 2920 verbis
1401 2890 1510 2930 exqui-

780 2945 845 2975 sitis
875 2944 1035 2984 perpolito,
1067 2943 1107 2974 ad
1138 2942 1398 2974 consuetudinem
1423 2951 1513 2971 suam

781 2995 947 3026 aemulatus
970 3001 1027 3034 est,
1053 2994 1104 3026 lib.
1125 2994 1164 3025 vi.
1190 3005 1220 3034 p.
1242 2997 1314 3024 202.
1339 2996 1361 3012 “
1377 2992 1452 3023 Non
1477 2991 1512 3021 in

740 3055 806 3086 ΕΞ
