1912 3292
307 226 400 265 382

809 212 872 261 T.
909 210 1289 263 LUCRETII

456 346 679 403 Languent
698 343 861 396 obficia‚
883 352 1005 400 atque
1024 351 1200 401 aegrotat
1219 342 1328 385 sama
1346 341 1550 384 vacillans:

461 420 704 477 Unguenta,
726 426 766 460 et
784 418 957 475 pulchra
975 420 1017 460 in
1038 418 1211 474 pedibus
1233 417 1440 475 Sicyonia,
1461 416 1598 458 rident

462 493 625 535 Scilicet
632 511 645 544 ;
677 500 718 534 et
736 491 914 551 grandes
933 492 1052 534 viridi
1072 507 1165 534 cum
1186 491 1276 533 luce
1295 490 1525 547 smaragdei

324 572 431 608 1120
463 568 581 609 Auro
602 567 883 617 includuntur,
904 567 1130 622 teriturque
1149 564 1369 618 thalassina
1386 564 1506 605 vestis

316 723 359 754 cit
374 733 392 753 a
407 724 517 753 morbo
531 721 807 756 convalescentem,
833 725 925 760 atque
943 729 976 750 se
989 721 1043 750 ba·

317 773 391 804 culo
420 772 663 802 suffulcientem:
699 770 803 800 videas
831 770 1046 801 animadversa

318 825 359 855 ad
375 825 416 854 iii.
435 827 505 854 503.
532 823 701 858 Caeterum,
717 821 959 852 innumerabilia
973 828 1047 852 sunt

317 874 460 914 exempla
477 873 607 914 hujusce
622 872 830 904 translationis
841 873 875 903 in
885 873 1047 914 utriusque

317 926 437 966 linguae
449 925 658 964 scriptoribus.

363 977 438 1007 Ver.
455 980 547 1007 1118.
571 977 739 1017 Sicyonia.-
764 975 806 1006 V.
822 975 868 1006 ed.
896 982 937 1006 Π.
961 977 1048 1016 Sicy-

319 1038 395 1064 ona‚·
421 1028 469 1057 M.
499 1029 657 1062 Sicronia;
698 1033 743 1057 Ω.
773 1029 921 1065 8ίιίοηία;
945 1026 1050 1068 qualia

320 1079 449 1120 quidem
464 1079 694 1120 orthographia?
709 1079 784 1109 vitia
807 1088 976 1109 commune
1001 1079 1048 1109 fa·

320 1137 391 1162 tum
406 1137 452 1162 est
467 1132 634 1162 nominum
650 1131 858 1171 propriorum.

366 1183 448 1213 Ibid.
488 1185 651 1222 Unguenta
673 1185 786 1214 rident.
830 1184 878 1214 Ut
907 1183 1051 1214 Catullus

323 1234 418 1263 etiam
441 1233 675 1274 quodammodo
699 1235 792 1264 verba
816 1234 955 1273 sociavit,
984 1234 1050 1265 lxii.

325 1286 396 1314 284.

371 1362 452 1393 Queis
463 1363 597 1394 permulsa
608 1363 705 1388 domus
712 1364 831 1394 jocundo
843 1363 898 1387 risit
909 1362 991 1388 odore.

325 1433 370 1463 Et
384 1435 557 1473 comparari
573 1442 734 1465 merentur
749 1436 874 1477 cognati
890 1446 1007 1474 versus,
1023 1440 1054 1466 et

326 1495 400 1516 sane
415 1486 624 1523 mellitissimi,
648 1487 851 1529 Theognidis,
874 1489 932 1518 sub
947 1487 1049 1518 initio:

365 1572 451 1597 Hoeoeoe
462 1580 507 1604 μεν
519 1571 624 1601 εσλησθκ
638 1573 720 1600 Δῆλος
731 1582 854 1607 Μειρεσιη

329 1618 461 1643 ΟΔΜΗΣ
474 1616 623 1653 “pepon-im·
639 1621 823 1645 ΕΓΕΛΑΣΣΕ
837 1619 861 1645 δε
875 1629 942 1650 yma
951 1623 1054 1654 πίλωρκ,

364 1665 456 1694 Γηθησε
467 1667 493 1691 δε
504 1663 579 1693 ἕαθυς
592 1675 676 1694 κοντος
689 1666 752 1693 0220,-
766 1670 858 1694 πολιῆς.

328 1731 406 1761 Huc
420 1731 506 1761 enim
521 1731 637 1761 dixeris
647 1731 733 1761 haud
743 1737 859 1762 temere
870 1732 1055 1763 Lucretium

324 1781 434 1822 jecisse
449 1781 568 1820 oculos,
584 1782 624 1812 ad
639 1783 658 1813 i.
676 1786 705 1813 8.

617 1869 666 1893 tibi
676 1869 779 1894 suaveis
790 1869 896 1893 daedala
907 1869 979 1893 tellus

393 1907 535 1931 submittit
546 1907 641 1938 flores;
658 1907 708 1931 tibi
717 1907 799 1931 rident
810 1915 911 1940 equora
921 1909 1001 1941 ponti.

332 1978 506 2017 Appositus
520 1986 566 2009 est
581 1979 675 2009 etiam
690 1979 827 2018 hymnus
842 1980 876 2009 in
899 1980 1057 2018 Cererem,

331 2040 391 2060 ver.
409 2034 458 2061 15.
480 2032 538 2061 sub
555 2031 689 2062 Homeri
706 2031 834 2061 nomine
849 2032 1006 2073 vulgatus:

369 2129 415 2153 Ta
426 2138 473 2154 και
485 2138 536 2154 ασο
545 2129 609 2163 ῥιξης
620 2127 710 2154 ἕκατον
722 2139 795 2162 κοιροι
807 2130 948 2161 εξεττεφυκει·

371 2176 461 2203 Κηωδει
474 2175 496 2201 δ’
506 2177 610 2216 ΟΔΜῌ
626 2187 677 2204 παις
688 2174 710 2201 τ’
722 2186 808 2210 &paroc
819 2185 881 2210 ευρυς
895 2176 983 2211 ὕπερθε,

374 2224 444 2248 Γαιοι
456 2232 483 2248 τε
498 2223 572 2254 καθ’,
587 2225 783 2254 ΕΓΕΛΑΣΣΕ,
795 2235 842 2250 και
856 2225 968 2260 ἀλμυρον
982 2225 1062 2258 ωδμα,

490 2270 643 2299 &azoto-anf·

333 2345 380 2375 uti
395 2346 474 2375 bene
486 2347 664 2377 emendavit
680 2347 899 2384 Ruhnkenius,
909 2348 969 2378 nisi
982 2348 1059 2379 veri-

334 2407 373 2427 us
387 2397 482 2428 fuerit
504 2400 539 2429 X'
557 2398 632 2440 ἡδειᾳ
648 2398 670 2430 δ’
687 2399 767 2441 οδμῃ·
792 2406 827 2430 ut
843 2400 942 2430 Hom.
960 2400 1022 2431 Od.
1040 2407 1061 2431 1.

336 2451 408 2479 210.

501 2521 568 2554 οδμη
580 2521 601 2548 δ’
619 2522 742 2549 ‘HAEJA
754 2533 805 2549 aero
815 2534 933 2559 xpm-⁹:905
944 2524 1030 2550 οδωδει.

337 2581 507 2618 Οεεῐυωηι.
530 2585 564 2614 in
590 2586 648 2615 hoc
675 2585 812 2615 Lucretii
839 2585 918 2623 loco,
943 2586 1064 2616 duabus

336 2633 483 2665 clausulis
505 2636 587 2666 idem
611 2637 741 2667 verbum
768 2636 894 2674 sufficit,
923 2637 1064 2677 quamvis

337 2694 435 2714 unam
450 2687 556 2717 minus
571 2694 715 2718 accurato
729 2697 822 2718 sensu
837 2687 1008 2728 contingat,
1024 2688 1064 2718 ad

338 2739 595 2770 consuetudinem
611 2740 720 2779 poetis,
743 2734 884 2771 brevitati
899 2740 1062 2771 consulen-

339 2785 430 2822 tibus,
463 2799 610 2829 perquam
644 2791 844 2830 familiarem,
881 2801 938 2822 nec
968 2791 1065 2831 prosis

338 2837 431 2867 etiam
449 2840 647 2878 scriptoribus
662 2844 811 2882 ignotam.
849 2842 937 2872 Trita
952 2852 1000 2873 res
1009 2849 1062 2878 est,

336 2894 429 2930 atque
442 2890 517 2922 alibi
533 2891 566 2922 in
582 2892 629 2923 his
643 2893 874 2925 commentariis
891 2900 1003 2925 notata.

1131 719 1211 750 Ibid.
1229 721 1362 759 pulchra
1378 721 1539 760 Sicyonia:
1563 718 1584 749 i.
1600 728 1626 750 e.
1641 718 1736 750 calcei
1758 718 1808 750 Si-

1088 772 1202 812 cyonii,
1230 771 1344 812 quibus
1365 770 1443 801 lauti
1470 770 1615 801 homines
1635 776 1666 802 et
1687 770 1811 802 delicati

1090 825 1263 854 utebantur.
1297 823 1485 862 Interpretes
1499 824 1638 854 certatim
1649 823 1811 863 proferunt

1093 875 1287 913 Ciceronem,
1303 875 1342 906 de
1352 881 1427 906 orat.
1441 875 1460 906 i.
1477 878 1528 907 54.
1541 885 1636 916 quem
1647 874 1766 912 videas;
1781 879 1812 905 et

1092 927 1233 957 Festum:
1261 930 1284 945 “
1299 929 1457 967 Sicyonia,
1480 936 1581 967 genus
1602 925 1812 958 calceamenti.

1092 982 1115 996 “
1131 977 1285 1008 Lucilius:

1123 1052 1142 1065 ‘⁴
1150 1052 1182 1076 Et
1194 1051 1304 1083 pedibus
1314 1050 1388 1076 laevfi
1399 1050 1513 1083 Sicyonia
1524 1050 1610 1077 demit
1622 1050 1766 1076 honesta?

1096 1115 1195 1153 Super
1210 1115 1258 1145 his
1275 1113 1492 1145 calceamentis
1513 1113 1603 1154 plura
1627 1113 1712 1155 legas
1733 1113 1818 1154 apud

1096 1166 1194 1197 Clem.
1211 1167 1303 1197 Alex.
1320 1167 1353 1196 in
1368 1166 1487 1207 paedag.
1498 1166 1529 1197 ii.
1545 1169 1593 1197 11.
1606 1166 1735 1197 Lucian.
1745 1165 1819 1196 dial.

1095 1225 1200 1249 meret.
1216 1220 1275 1249 xiv.
1291 1220 1366 1249 rhet.
1383 1223 1524 1258 praecept.
1536 1224 1608 1249 sect.
1620 1222 1668 1249 16.
1682 1218 1818 1249 etinter-

1094 1276 1194 1309 pretes
1204 1270 1333 1309 ibidem,
1348 1280 1421 1300 cum
1436 1270 1468 1301 J.
1484 1269 1563 1300 Poll.
1578 1269 1629 1299 vii.
1643 1279 1741 1310 segm-
1754 1272 1805 1301 93.

1096 1322 1266 1360 Caeterum,
1295 1323 1321 1352 si
1346 1321 1434 1352 locus
1455 1320 1701 1352 divinationibus
1726 1320 1820 1351 relin-

1096 1380 1252 1414 queretur,
1281 1374 1327 1414 (et
1348 1383 1454 1404 versus
1474 1372 1661 1414 quibusdam
1682 1371 1822 1403 multum

1096 1425 1264 1464 displicuit,
1287 1431 1380 1465 atque
1400 1424 1672 1455 emendationibus
1685 1430 1823 1455 tentatus

1097 1477 1157 1515 est)
1173 1481 1298 1516 egomet
1312 1477 1461 1515 profecto,
1484 1475 1724 1506 vetustissimam
1736 1485 1822 1515 spec-

1097 1533 1166 1557 tans
1188 1528 1456 1568 orthographiam,
1479 1529 1586 1566 polcra
1614 1526 1741 1564 scilieet,
1764 1528 1825 1558 hoc

1098 1584 1188 1617 pacto
1203 1579 1293 1608 verba.
1308 1588 1372 1608 non
1389 1577 1592 1608 formidarem
1606 1577 1809 1608 constituere:

1114 1660 1262 1691 Unguenta
1271 1659 1298 1683 in
1309 1658 1398 1689 voltu,
1407 1658 1435 1683 in
1447 1658 1558 1690 pedibus
1569 1658 1702 1691 Sicyonia,
1713 1658 1812 1684 rident:

1099 1735 1130 1760 et
1144 1730 1331 1770 conjecturae
1342 1729 1554 1771 fidejussorem
1569 1740 1648 1760 meae
1657 1729 1824 1760 Tibullum

1100 1781 1252 1818 sisterem,
1276 1781 1316 1812 ad
1332 1781 1364 1812 ii.
1381 1785 1409 1812 2.
1426 1782 1455 1812 7.
1477 1791 1572 1821 quem
1597 1781 1641 1812 sic
1665 1790 1735 1812 vere
1756 1790 1822 1811 cor-

1100 1842 1240 1862 rexeram
1262 1833 1349 1872 prius
1374 1843 1412 1862 ex
1434 1833 1574 1873 ingenio,
1596 1842 1692 1874 quam
1714 1832 1826 1864 eodem

1100 1884 1196 1915 modo
1206 1884 1356 1924 seriptum
1367 1884 1566 1915 offendissem
1580 1885 1614 1914 in
1630 1883 1764 1915 Aldina:

1178 1957 1250 1982 Illius
1259 1965 1272 1982 e
1282 1964 1351 1990 puro
1361 1957 1498 1983 destillent
1507 1960 1618 1990 tempora
1630 1957 1722 1983 nardo.

1102 2021 1212 2061 Vulgo
1226 2020 1312 2050 deest
1325 2031 1341 2051 e
1348 2035 1359 2056 ;
1379 2020 1464 2052 unde
1478 2021 1594 2052 locutio
1609 2021 1644 2051 fit
1657 2022 1763 2052 minus
1774 2029 1827 2051 ex-

1102 2073 1223 2112 quisita,
1237 2072 1423 2112 numerique
1437 2072 1657 2113 languidiores.
1703 2072 1829 2103 Interea

1103 2128 1207 2154 tamen
1224 2123 1405 2163 nosmetipsi
1421 2124 1551 2162 receptis
1567 2123 1744 2154 Lucretiani
1760 2133 1826 2154 ver-

1104 2175 1156 2204 sus
1184 2175 1368 2206 lectionibus
1397 2175 1527 2206 libenter
1550 2176 1830 2216 acquiescimus,—

1106 2227 1263 2267 Denique,
1275 2230 1375 2258 rident
1385 2228 1511 2266 ponitur
1520 2238 1575 2266 pro
1587 2229 1681 2258 nitent
1689 2242 1699 2262 ;
1718 2227 1758 2257 de
1766 2226 1829 2268 qui

1105 2278 1187 2308 verbi
1203 2285 1362 2317 potestate,
1382 2278 1528 2309 consulas
1542 2277 1755 2309 animadversa
1773 2288 1829 2309 no-

1105 2329 1151 2359 bis
1166 2328 1199 2358 in
1216 2329 1247 2359 ii.
1264 2333 1335 2360 501.

1151 2379 1222 2410 Ver.
1240 2384 1332 2413 1119.
1353 2383 1504 2420 grandes:
1532 2380 1571 2411 V.
1594 2379 1642 2411 ed.
1661 2381 1831 2421 grades.—

1104 2434 1295 2472 smaragdei:
1322 2432 1369 2463 M.
1400 2434 1561 2472 zmaragdi
1565 2447 1576 2468 ;
1603 2431 1709 2463 redeas
1734 2431 1775 2463 ad
1797 2432 1830 2463 ii.

1107 2487 1179 2514 804.

1150 2534 1230 2565 Ibid.
1256 2536 1352 2566 viridi
1379 2537 1445 2566 luce
1467 2537 1650 2576 snmragdei.
1694 2534 1831 2566 Pulchre

1108 2585 1335 2624 Tertullianus,
1361 2587 1400 2617 de
1427 2587 1500 2618 cult.
1524 2587 1596 2618 fem.
1612 2587 1633 2618 i.
1648 2591 1676 2617 2.
1701 2590 1728 2605 ‘⁰
1739 2588 1830 2617 —-lu·

1109 2641 1130 2655 “
1147 2642 1231 2669 mina
1246 2641 1433 2678 lapillorum,
1443 2639 1557 2680 quibus
1567 2638 1697 2669 monilia
1711 2637 1831 2668 varian-

1109 2693 1130 2707 “
1147 2690 1273 2720 tur—.''

1152 2742 1228 2772 Ver.
1248 2745 1338 2773 1120.
1363 2745 1582 2774 includuntur:
1607 2742 1648 2772 V.
1664 2741 1712 2772 ed.
1727 2743 1829 2773 inclu-

1107 2795 1426 2826 dunt—thalassina:
1476 2795 1516 2825 V.
1546 2794 1592 2824 ed.
1630 2795 1810 2824 tlmsmalma
1819 2809 1831 2830 ;

1107 2844 1190 2885 quod
1207 2851 1313 2875 utrum
1330 2846 1368 2875 sit
1384 2845 1525 2876 lectionis
1547 2855 1625 2875 verae
1640 2844 1830 2884 depravatio,

1106 2906 1146 2926 an
1162 2896 1272 2937 glossae
1287 2896 1468 2937 marginalis
1482 2899 1702 2934 transmarina,
1725 2895 1831 2926 nullus
