1912 3292
909 212 969 260 T.
1023 211 1403 261 LUCRETII

553 341 647 384 Sive
665 342 830 385 aliunde
848 343 948 398 ipsei
968 358 1095 399 porro
1113 353 1291 394 traxere,
1313 352 1354 385 et
1373 346 1416 385 in
1436 344 1545 386 illam

443 419 519 456 135
551 414 884 466 Transtulerunt‚
905 418 1075 472 proprio
1094 432 1189 474 quae
1208 426 1298 459 tum
1318 432 1382 459 res
1402 419 1570 459 nomine
1589 419 1751 475 egebat:

551 489 767 546 Quidquid
786 490 831 532 id
850 499 925 542 est,
946 491 1143 541 habeant3

1175 501 1222 533 tu
1241 500 1390 533 caetera
1408 493 1574 548 percipe
1592 493 1715 534 dicta.

609 564 734 606 Nunc
752 565 936 606 animum
956 573 1079 620 atque
1098 566 1278 606 animam
1299 565 1392 606 dieo
1412 566 1632 621 conjuncta
1646 567 1779 609 teneri

551 638 667 680 Inter
686 654 742 689 se,
763 647 887 695 atque
906 654 1031 681 unam
1051 647 1242 681 naturam
1263 638 1475 680 consacere
1495 654 1547 680 ex
1567 655 1627 690 se3

549 712 630 754 Sed
651 721 775 769 caput
793 728 879 756 esse
898 715 1028 770 quasi,
1059 721 1100 755 et
1119 713 1324 755 dominari
1345 714 1392 754 in
1414 728 1587 769 corpore
1607 722 1712 766 toto,

407 867 539 900 Ovidius
551 870 666 908 pariter
679 870 818 909 accedat,
833 871 921 911 epist.
935 872 976 903 ix.
989 876 1042 904 61.

433 946 547 977 Nempe,
563 946 611 970 sub
623 946 663 970 his
672 946 785 971 animam
796 942 876 980 pestis
884 949 1011 975 Nemeaea
1021 949 1126 974 lacertis

463 983 561 1009 Edidit.

405 1047 487 1078 Item
511 1047 632 1086 Cicero,
657 1048 772 1088 Philip.
797 1049 849 1080 xii.
867 1053 965 1081 9.-—“
980 1050 1072 1090 cujus
1093 1051 1127 1080 in

401 1103 422 1117 ‘⁸
437 1099 603 1139 complexu
618 1100 748 1131 libenter
762 1106 939 1131 extremum
953 1103 1023 1132 vitoe
1033 1104 1129 1142 spir-2⁸4

401 1158 423 1173 “
437 1160 502 1185 tum
517 1154 700 1185 ediderim.”
734 1154 784 1185 Sic
795 1155 849 1185 alii
865 1155 970 1191 etiam,
987 1165 1044 1185 nec
1058 1165 1128 1185 raro

399 1206 535 1248 quidem.
583 1207 750 1241 Caeterum,
768 1206 920 1246 Virgilius
946 1212 1125 1247 utrumque,

399 1259 509 1289 caloris
524 1269 649 1297 corpora
666 1263 697 1287 et
709 1260 794 1296 aera,
819 1257 862 1288 sic
886 1258 1062 1298 conjunxit,
1086 1257 1126 1287 ad

402 1311 476 1341 AEu.
492 1309 530 1340 iv.
547 1309 599 1339 fin.

428 1402 831 1411 ———-—
839 1391 927 1416 omnis
938 1395 966 1416 et
978 1391 1031 1416 un'a

430 1431 551 1456 Duarum
561 1430 639 1460 calor,
649 1434 734 1462 atque
744 1431 772 1456 in
783 1435 876 1456 ventos
886 1431 943 1456 vita
954 1431 1072 1457 recessit.

399 1501 419 1513 “
435 1495 585 1526 Daabsus
599 1496 689 1525 calor.
737 1494 919 1525 Secundum
934 1505 997 1530 eos,
1013 1495 1067 1535 qui
1078 1493 1125 1524 df-

399 1552 419 1565 ·‘
434 1552 511 1577 cunt
525 1545 663 1576 animam
680 1547 811 1577 calorem
826 1556 902 1577 esse.
935 1546 979 1576 Et
993 1545 1126 1576 dicendo

397 1601 421 1616 ‘⁸
436 1600 472 1629 in
496 1604 707 1635 mutan—eos
730 1597 879 1638 sequitur,
907 1597 962 1638 qui
986 1597 1125 1627 animam

397 1653 421 1669 ‘⁴
436 1652 537 1680 aerem
563 1649 705 1680 dicunt-'¹
754 1649 880 1680 Servius
899 1649 933 1679 in
963 1658 1125 1679 commen-

396 1700 483 1730 tariis
496 1699 624 1730 ibidem.

442 1753 515 1784 Ver.
534 1757 602 1784 124.
624 1755 788 1793 relinquit:
808 1753 848 1783 V.
863 1752 910 1783 ed.
929 1759 970 1783 Π.
985 1754 1123 1793 reliquit,-

397 1805 566 1846 eleganter,
587 1809 626 1834 ut
646 1814 696 1834 res
719 1803 855 1843 perfecta
880 1810 1021 1843 tempore
1046 1814 1125 1843 prae-

396 1856 488 1887 terito
497 1855 653 1886 efficacius
662 1854 869 1895 significetur:
889 1855 929 1886 de
939 1854 1002 1896 qua
1013 1865 1125 1885 venus-

396 1911 459 1937 tate
473 1915 532 1936 nos
546 1905 669 1945 egimus
683 1904 716 1934 in
739 1905 812 1934 Silv‘.
832 1905 907 1936 Crit.
930 1911 1001 1935 sect.
1017 1905 1079 1935 viii.
1095 1910 1126 1935 et

397 1956 525 1994 alicubi,
551 1955 612 1986 nisi
633 1955 784 1994 fallimur,
812 1956 845 1985 in
865 1956 915 1986 his
929 1956 1124 1987 animadver-

396 2007 545 2038 sionibus.

441 2060 522 2091 Ibid.
551 2071 616 2092 ossa
641 2062 799 2100 relinquit.
849 2059 1014 2101 Virgilius,
1048 2060 1125 2090 AEn.

395 2113 439 2143 iii.
454 2115 527 2144 501.

435 2179 557 2211 Deriguit
567 2180 624 2204 visu
635 2179 662 2203 in
674 2179 780 2205 medio:
798 2179 867 2204 calor
877 2187 931 2204 ossa
943 2180 1055 2212 reliquit:

394 2237 414 2268 i.
430 2246 456 2267 e.
478 2238 581 2268 vitalis
596 2239 690 2276 vigor,
713 2236 801 2278 quasi
815 2236 924 2267 mortis
938 2236 1054 2277 frigora
1068 2247 1119 2267 ac-

394 2288 564 2320 cessissent.
592 2288 688 2319 Viam
701 2289 876 2320 Maeonides
887 2294 1120 2326 monstraverat,

397 2339 434 2370 Il.
452 2346 491 2371 M.
505 2343 578 2371 386.

433 2417 548 2444 Kmaec'
568 2416 610 2450 αφ’
631 2418 722 2448 ι’νῷκλσ
740 2423 832 2453 τυργυ·
851 2419 935 2443 Λ1Π1Ξ
955 2416 977 2443 δ’
996 2417 1121 2443 ΟΣΊἝΑ

549 2467 685 2491 ΘΥΜΟΣ.

437 2532 509 2563 Ver.
528 2534 599 2564 125.
621 2534 724 2563 onmia
743 2535 891 2572 Corporm
914 2536 936 2550 “
951 2542 1022 2573 quae
1036 2531 1117 2562 scili-

394 2588 415 2603 “
432 2584 500 2614 cet”
528 2584 589 2626 (uti
616 2594 685 2615 vere
707 2584 784 2615 vidit
815 2584 998 2624 Creechius)
1026 2588 1048 2602 ‘⁴
1065 2594 1120 2623 per

393 2639 416 2654 “
432 2641 518 2665 artus
533 2635 853 2674 distribuuntur‚.n0n
868 2636 966 2676 aequis
979 2635 1119 2666 muneri-

394 2690 417 2706 “
433 2687 492 2717 bus
503 2686 612 2727 fungi;
623 2687 677 2718 sed
688 2687 859 2728 majoribus
868 2698 934 2718 esse
942 2687 1119 2725 virtutibus,

393 2743 415 2758 “
427 2745 521 2779 atque
529 2739 709 2776 efficaciora,
719 2740 804 2770 venti
813 2746 844 2770 et
853 2739 973 2779 vaporis
981 2749 1119 2779 corpora.

394 2793 418 2831 ⁴}
433 2800 497 2829 prae
527 2789 596 2820 aliis
616 2791 762 2821 omnibus
784 2790 1119 2832 quibuslibet.·‘—Cae-

393 2847 506 2877 terum,
524 2851 579 2881 pro
592 2851 698 2882 neque,
716 2848 749 2873 Δ.
766 2853 839 2874 nec:
857 2849 887 2874 et
902 2843 1007 2874 statim
1023 2841 1119 2873 vind.

395 2904 522 2932 vapores.

1105 2956 1127 2983 5

1214 873 1289 904 Ver.
1312 876 1382 903 128.
1405 874 1526 904 Semina
1542 881 1661 903 curare.
1695 871 1748 902 De
1762 872 1820 902 hac
1834 871 1912 911 ele-1

1170 924 1277 965 gantia
1291 923 1426 961 dicendi,
1442 923 1510 953 vide
1527 933 1584 953 nos
1598 922 1637 952 ad
1653 923 1690 953 iv.
1709 926 1790 954 246:
1805 929 1836 953 et
1852 912 1912 966 ¹⁰⁵4}

1170 987 1222 1007 cos
1238 977 1281 1007 ibi
1296 976 1414 1006 citatos,
1911 969 1912 1017 1

1213 1035 1291 1065 Ver.
1318 1038 1387 1066 129.
1413 1036 1469 1065 Est
1496 1036 1611 1073 igitur:
1635 1034 1655 1063 i.
1677 1044 1701 1064 e.
1726 1036 1750 1052 “
1766 1026 1912 1072 Animafl'

1173 1089 1194 1104 “
1210 1097 1280 1127 quae
1294 1087 1497 1117 moribundos
1513 1093 1598 1117 artus
1619 1086 1743 1122 deserit,
1760 1085 1839 1116 nihil
1854 1092 1902 1116 est

1173 1141 1195 1156 “
1211 1138 1309 1176 aliud,
1325 1149 1419 1178 quam
1435 1143 1546 1168 ventus
1560 1144 1591 1168 et
1607 1137 1721 1169 mlor.”
1763 1138 1901 1169 Rectum

1172 1190 1286 1228 fuerat,
1312 1193 1334 1208 ‘⁸
1350 1192 1431 1230 quod
1452 1189 1605 1220 deserit:’‘
1638 1201 1674 1220 ca
1698 1189 1815 1220 scilicet
1841 1201 1902 1228 res,

1169 1252 1240 1283 quae
1255 1242 1533 1278 deserit—Porro,
1560 1243 1643 1273 calor
1664 1253 1702 1273 ac
1721 1248 1825 1273 ventus
1846 1252 1902 1282 per

1170 1293 1368 1334 hendyadem
1392 1293 1516 1330 dicitur,
1543 1303 1600 1333 pro
1629 1300 1734 1324 ventus
1758 1295 1898 1325 calidus:

1170 1344 1239 1375 vide
1254 1350 1361 1374 notata
1375 1344 1415 1374 ad
1429 1354 1490 1374 ver.
1505 1348 1555 1376 96.

1215 1404 1296 1435 Ibid.
1318 1411 1422 1435 ventus
1437 1407 1547 1435 vitalis.
1585 1404 1684 1443 Hinc,
1701 1405 1821 1444 opinor,
1836 1405 1898 1435 Ar-

1170 1455 1282 1486 nobius
1297 1455 1442 1496 castigari
1458 1455 1558 1491 debet,
1584 1455 1636 1486 lib.
1654 1456 1672 1486 i.
1700 1466 1730 1495 p.
1750 1459 1797 1487 17.
1821 1461 1842 1474 “
1858 1456 1899 1488 Et

1172 1512 1194 1527 “
1210 1508 1268 1538 hoc
1285 1506 1351 1538 fieri
1369 1506 1423 1548 qui
1439 1513 1548 1546 potest,
1565 1517 1638 1538 cum
1652 1507 1683 1538 in
1696 1507 1818 1538 mundo
1829 1518 1899 1548 pro·

1170 1563 1193 1578 “
1209 1559 1361 1590 fiteamini
1384 1570 1437 1589 eos
1465 1566 1564 1596 natos,
1589 1565 1736 1600 certoque
1759 1566 1899 1600 tempore

1171 1614 1194 1630 “
1210 1617 1329 1643 ventum
1354 1611 1519 1650 arripuisse
1550 1612 1668 1642 vitalem
1677 1611 1715 1641 ?’'
1736 1617 1772 1641 ut
1795 1610 1898 1654 paullo

1173 1673 1281 1703 supra:
1309 1665 1331 1681 ‘¹
1349 1661 1450 1703 Cujus
1464 1666 1518 1694 αὲν
1533 1662 1601 1700 iste,
1617 1671 1712 1702 quem
1722 1663 1812 1694 vitale·
1825 1662 1898 1693 reci-

1172 1717 1201 1732 “'
1211 1713 1345 1753 procatis
1359 1715 1470 1753 spiritu
1479 1713 1520 1743 ?''
1537 1712 1658 1754 Vulgo,
1673 1724 1803 1745 sensum.
1825 1713 1897 1745 Jam

1170 1775 1242 1795 vero
1271 1767 1440 1805 arripuisse
1469 1765 1551 1795 valet
1579 1767 1732 1796 hausisse.-
1758 1765 1896 1796 conferas

1173 1815 1394 1852 Chudhmum,
1425 1817 1459 1846 in
1487 1816 1593 1847 Rufin.
1618 1816 1638 1846 i.
1667 1820 1738 1848 207.
1765 1817 1797 1848 ii.
1829 1820 1882 1848 121

1169 1878 1243 1899 cum
1274 1868 1314 1904 Q.
1346 1867 1468 1905 Curtio,
1500 1878 1527 1898 v.
1551 1870 1580 1899 5.
1606 1870 1653 1899 19.
1685 1866 1726 1898 ad
1755 1867 1787 1899 ii.
1810 1872 1890 1900 1058

1168 1919 1303 1950 laudato.
1350 1918 1545 1960 Exquisitior
1560 1917 1684 1949 dicendi
1697 1919 1777 1950 ratio
1793 1920 1895 1950 statim

1168 1970 1303 2001 librariis
1330 1969 1556 2000 indoctioribus
1582 1969 1766 2008 imponeret.
1812 1970 1893 2001 Hine

1168 2027 1225 2059 est,
1257 2021 1342 2062 quod
1373 2031 1436 2051 non
1466 2020 1562 2051 aliam
1584 2020 1742 2051 medelam
1773 2022 1893 2053 Avianc

1167 2071 1376 2103 adhibendam
1402 2071 1478 2102 olim
1501 2072 1754 2108 existimaverim,
1778 2073 1810 2102 in
1837 2073 1893 2104 fab.

1165 2124 1206 2154 ix.
1229 2127 1277 2154 14.
1299 2123 1340 2154 de
1355 2123 1523 2153 viatoribus
1537 2123 1571 2153 in
1588 2133 1693 2154 ursam
1710 2123 1892 2155 offendenti·

1164 2178 1238 2207 bus:

1180 2260 1348 2290 verum-ubi
1360 2263 1490 2286 concreto
1501 2260 1640 2293 riguerunt
1653 2260 1778 2286 membra
1786 2260 1886 2287 timore

1211 2301 1279 2325 Nam
1291 2300 1384 2325 solitus
1395 2299 1471 2324 venti
1483 2299 1597 2331 liquerat
1607 2305 1664 2324 ossa
1673 2299 1742 2324 calor
1751 2308 1797 2324 .·-

1166 2371 1186 2402 i.
1201 2382 1227 2402 e.
1249 2375 1304 2403 αὲν
1317 2374 1449 2410 calidus,
1467 2381 1530 2412 quo
1544 2381 1657 2411 corpus
1667 2371 1840 2408 animam-3
1862 2382 1889 2402 u·

1166 2423 1362 2464 intelligatur
1383 2423 1524 2463 junctim
1539 2422 1653 2459 efferri,
1669 2422 1754 2463 quod
1768 2422 1888 2453 discret·

1164 2474 1268 2513 posuit
1291 2474 1469 2512 Lucretius,
1492 2475 1575 2505 calor
1596 2485 1634 2505 ae
1653 2480 1758 2505 ventus
1773 2473 1888 2504 scilicet

1163 2526 1263 2562 Libri,
1291 2527 1416 2556 mentis:
1444 2536 1548 2566 neque
1562 2525 1611 2556 vel
1627 2536 1664 2557 ea
1679 2525 1771 2556 lectio
1785 2531 1884 2556 temer

1165 2576 1346 2607 damnanda
1361 2584 1415 2607 est.
1448 2577 1569 2608 Saltem
1579 2577 1647 2608 sinc
1658 2586 1802 2607 successu
1817 2577 1885 2608 Can

1164 2627 1344 2668 negieterus
1358 2628 1463 2659 locum
1481 2629 1632 2659 tentabat.

1207 2680 1282 2711 Ver.
1302 2684 1370 2711 152.
1385 2683 1496 2712 redde:
1517 2681 1553 2712 P.
1567 2680 1883 2711 reaia—harmonia?

1164 2732 1205 2762 V.
1221 2731 1270 2763 ed.
1284 2735 1484 2763 harmoniam.

1207 2791 1282 2822 Ver.
1315 2795 1385 2823 155.
1421 2793 1560 2823 Nomen:
1601 2799 1642 2823 Π.
1673 2793 1881 2823 Μιηὶιιε.-α

1163 2845 1323 2883 organico:
1345 2843 1391 2873 M.
1407 2845 1448 2873 ad
1463 2844 1773 2884 organicos.—salm.·
1802 2841 1882 2872 Vin'

1163 2894 1206 2926 V.
1221 2893 1269 2926 ed.
1288 2901 1327 2926 n.
1345 2899 1379 2927 Σ.
1398 2901 1442 2926 Ω.
1466 2897 1558 2931 ,ςαῐιο;
1585 2896 1622 2927 B.
1642 2901 1677 2927 Δ.
1703 2897 1831 2930 saluam,-
1855 2893 1882 2924 ir
