1912 3292
460 217 691 266 LIBER
743 215 1098 263 TERTIUS.

1431 224 1520 266 115

174 350 230 390 Et
248 350 355 391 mala
374 354 521 389 cuncta
538 346 698 386 animus
717 345 883 402 contegi
901 344 1086 403 fungitur
1105 347 1202 402 ejus.

30 473 32 475 ‚
63 427 85 464 7
92 427 143 465 35
177 424 260 474 Sed
280 432 415 464 tamen
435 420 514 461 hiis
533 427 620 461 esto
640 435 766 476 quam
785 421 844 462 vis
864 420 996 462 facere
1015 421 1114 462 utile
1134 436 1299 476 corpus,

171 497 298 546 Quod
318 495 507 544 subeant;
540 504 597 545 at,
620 494 700 551 qua
721 496 893 550 possint,
917 496 984 537 via
1003 496 1114 537 nulla
1133 496 1311 537 videtur:

177 569 309 612 Haud
327 569 454 625 igitur
473 568 630 610 faciunt
649 569 798 610 animae
819 570 895 610 sibi
916 585 1106 625 corpora,
1138 579 1179 611 et
1198 578 1324 611 artus.

170 643 260 684 Nec
279 650 419 683 tamen
439 651 512 692 est,
545 642 616 699 qui
637 658 731 685 cum
752 644 939 699 perfectis
960 645 1220 686 insinuentur

61 797 176 828 Amissis,
189 799 220 822 ut
229 797 314 827 fama,
325 797 418 829 apibus
428 797 573 829 morboque,
582 799 714 831 fameque.

801 811 895 841 quem
910 800 1006 838 idem,
1024 800 1100 831 ibid.
1120 805 1147 831 2.
1167 803 1236 832 175.
1252 806 1351 840 vocat,
1367 808 1460 833 morte
1475 814 1526 834 sun

71 859 146 890 Ver.
164 860 234 889 753.
256 858 374 898 etfine:
400 856 442 886 sic
458 867 568 887 omnes
581 856 666 893 libri3
687 857 755 897 qui-
795 852 922 892 premet.-
950 859 985 882 ut
1001 853 1094 883 mirer
1120 853 1350 883 Ruhnkenium
1369 854 1528 884 affirman-

31 913 87 944 bus
100 921 156 950 pro
170 919 258 940 more
269 908 388 948 spretis,
401 909 535 939 editores
553 919 591 939 ex
607 909 755 939 emenda-

29 964 114 995 tione
129 961 276 993 Lambini
288 961 331 991 sic
345 961 447 991 solent
461 961 606 992 exhibere
620 972 753 991 versum:

59 1032 162 1062 Corpus
173 1029 245 1055 enim
255 1029 341 1062 magis
352 1029 392 1054 his
403 1029 474 1054 vitiis
483 1029 568 1061 adfine
580 1030 693 1054 laborat.

30 1094 78 1124 At
91 1094 175 1135 quali
189 1095 320 1125 demum
332 1093 580 1126 constructione?
606 1094 756 1130 Quamvis

30 1145 117 1176 enim
138 1148 233 1186 proba
258 1146 298 1175 sit
325 1151 355 1176 et
376 1146 503 1186 elegans
523 1145 651 1181 locutio,
674 1147 756 1176 vitiis

30 1199 152 1240 adflne;
178 1197 204 1227 si
226 1197 324 1227 dicas:
352 1200 373 1215 “
392 1197 514 1236 Corpus
537 1196 634 1234 enim,
660 1197 762 1237 magis

30 1252 51 1266 “
68 1248 171 1278 adfine
185 1248 234 1278 his
249 1248 342 1286 vitiis,
365 1247 518 1285 laborat;’‘
540 1247 621 1277 illud
644 1249 760 1278 laborat

32 1299 225 1339 ineptissime
240 1299 373 1329 caudam
388 1299 494 1336 trahit,
515 1305 546 1328 et
569 1309 634 1328 non
655 1300 759 1337 habet,

31 1360 69 1382 ex
84 1360 146 1390 quo
161 1350 303 1389 pendeat.
349 1350 406 1379 Sin
421 1359 528 1379 rursus
550 1349 594 1378 ita
608 1349 757 1379 constitu-

29 1411 64 1431 as
76 1400 194 1431 locum:
227 1404 248 1419 “
267 1401 388 1439 Corpus
408 1400 493 1430 enim
515 1400 617 1440 magis
641 1400 760 1430 laborat

31 1451 117 1482 “his
130 1452 243 1488 vitiis;'’
262 1451 349 1492 quid,
373 1450 506 1483 malum!
534 1462 608 1482 cum
636 1465 677 1492 τῳ
702 1454 758 1482 ad-

22 1504 92 1545 fine
117 1501 230 1534 facias?
258 1502 440 1533 Reddamus
465 1503 563 1543 igitur
587 1503 757 1533 inventori-

30 1555 88 1585 bus
118 1555 185 1595 ejus
212 1555 293 1585 hanc
328 1553 478 1585 bellulam
515 1555 756 1592 divinationem;

30 1617 112 1648 quae,
135 1615 294 1648 uteunque
319 1606 359 1637 ad
374 1606 513 1646 primum
533 1607 686 1637 intuitum
700 1617 757 1637 no-

32 1659 79 1689 bis
92 1659 225 1689 arridere
247 1660 350 1698 possit,
374 1659 511 1698 penitius
533 1659 674 1699 inspecta
696 1665 757 1689 sta-

31 1710 149 1740 tionem
170 1720 260 1740 suam
274 1711 354 1740 tueri
375 1711 498 1750 nequit:
526 1717 556 1740 et
571 1710 756 1750 exemplari·

32 1772 88 1791 um
113 1761 264 1800 scriptura
281 1763 419 1792 contenti
444 1762 551 1792 simus.
596 1764 677 1793 Fz'ne
701 1772 757 1791 au-

37 1818 102 1842 tem
126 1812 209 1842 valet
231 1820 339 1848 morte‚·
371 1817 465 1853 atque
495 1812 659 1842 efficaciter
685 1812 760 1842 facit

29 1875 104 1895 sane
119 1864 160 1894 ad
174 1865 272 1904 po'etae
287 1870 519 1904 argumentum.
536 1868 558 1882 “
573 1864 694 1903 Corpus
705 1864 762 1894 sci-

33 1920 56 1935 “
72 1915 143 1946 licet
173 1926 237 1946 non
266 1916 466 1946 solummodo
494 1916 543 1946 his
575 1915 763 1950 infortuniis,

562 1968 701 2005 Tacitus,
726 1974 762 1999 ut

29 2018 114 2056 alibi,
130 2019 173 2048 sic
187 2028 259 2048 ann.
279 2018 318 2048 iv.
337 2022 385 2050 19.
401 2018 522 2049 fin.—“
541 2018 636 2049 Silius
655 2019 760 2049 immi-

31 2072 55 2089 “
70 2075 198 2099 nentem
227 2069 461 2099 damnationem
492 2069 667 2100 voluntario
689 2072 760 2111 fine

33 1971 56 1987 “
73 1967 127 1998 sed
147 1969 203 1998 leto
227 1967 347 1998 laborat
368 1969 519 2007 insuper.''

32 2124 54 2140 ·‘
67 2121 246 2161 praeverfit.”
275 2120 416 2151 Velleius
432 2121 626 2160 Paterculus,
642 2121 675 2152 ii.
688 2125 758 2152 125.

29 2175 126 2203 5.-“
142 2182 199 2202 nec
214 2172 383 2213 quicquam
403 2173 472 2214 jam
487 2173 526 2203 de
541 2176 624 2216 fine,
647 2173 672 2203 si
698 2174 762 2203 fata

31 2227 53 2243 ‘⁴
69 2229 242 2263 poscerent,
265 2226 443 2255 recusans:’'
473 2224 513 2255 ad
535 2235 629 2265 quem
654 2224 761 2255 locum

32 2275 182 2315 perlegas,
207 2285 278 2316 quae
301 2285 439 2315 magnus
455 2275 667 2306 Ruhnkenius
686 2286 761 2308 con·

191 2325 406 2357 Tertullianus
420 2333 530 2358 contra
556 2328 668 2357 Gnost.
694 2338 760 2367 cap.

32 2376 143 2408 xi.—“
159 2377 185 2406 si
210 2377 314 2408 bestiis
324 2380 502 2420 finiendus,
528 2389 614 2408 ursas
638 2385 760 2418 septen-

29 2325 145 2357 tulerit.

33 2431 57 2447 “
73 2428 134 2458 trio
155 2428 346 2460 emittet—.''
560 2430 655 2460 Herc.
695 2430 759 2460 OEt.

36 2482 126 2511 1479.

393 2430 521 2468 Seneca,

61 2563 103 2589 Nil
113 2565 252 2596 querimur
263 2564 348 2589 ultra:
368 2565 458 2590 decuit
471 2566 629 2597 huncfinem
640 2565 707 2596 dari,

63 2605 102 2629 Ne
113 2604 171 2636 quis
180 2608 312 2636 superstes
325 2605 443 2629 Herculis
453 2605 541 2629 victor
551 2605 629 2630 foret.

26 2677 200 2720 juvenalis,
222 2685 279 2710 sat.
296 2690 325 2710 x.
343 2683 413 2710 163.

62 2745 144 2773 Finem
153 2747 258 2778 animae,
274 2754 337 2779 quae
349 2755 390 2772 res
401 2747 531 2772 humanas
542 2748 651 2772 miscuit
659 2748 735 2778 olim,

64 2787 121 2811 Non
131 2787 221 2819 gladii,
232 2795 286 2813 non
298 2795 364 2813 saxa
375 2789 490 2819 dabunt,
502 2795 556 2814 non
568 2788 691 2814 tela——.

36 2843 197 2884 Horatius,
222 2846 308 2886 epist.
323 2847 354 2878 ii.
374 2851 400 2878 l.
417 2851 465 2878 12.
490 2847 530 2878 de
547 2850 694 2880 Hercule.-

93 2920 229 2953 Comperit
239 2922 366 2949 invidiam
378 2925 552 2957 tupremofine
563 2926 683 2951 domari:

801 914 877 945 tem,
904 918 936 937 se
952 918 1015 937 non
1030 909 1143 938 habere
1158 908 1358 938 vetustiorem
1376 920 1434 939 suo
1449 911 1528 941 Vel-

801 958 860 988 leio
876 965 1046 994 auctorem,
1077 959 1131 998 qui
1146 961 1259 1000 finem,
1282 969 1338 998 pro
1354 962 1425 1002 fine
1448 964 1527 997 vnce,

801 1010 863 1039 sive
878 1016 982 1047 morte,
999 1009 1120 1040 dixerit.
1156 1010 1382 1049 Quintilianus,
1399 1011 1528 1043 declam.

799 1061 837 1090 iv.
857 1065 903 1092 lo.
934 1065 957 1079 “
974 1061 1139 1091 Faciamus
1160 1062 1263 1100 potius
1281 1061 1320 1092 de
1333 1064 1404 1103 fine
1428 1073 1530 1093 reme-

801 1117 823 1131 “
838 1113 938 1149 dium,
954 1113 993 1143 de
1008 1114 1188 1143 necessitate
1202 1113 1424 1144 solatium—.‘’
1439 1117 1485 1145 At
1499 1121 1532 1145 at

804 1175 861 1194 nos
876 1165 971 1194 etiam
988 1165 1082 1194 finem
1098 1164 1259 1194 faciamus.

849 1215 920 1245 Ver.
937 1218 1009 1245 754.
1032 1221 1160 1245 czmcta:
1193 1215 1236 1244 sic
1261 1214 1344 1244 solus
1369 1222 1410 1244 Π.
1436 1226 1531 1255 quem

804 1266 908 1295 statim
922 1271 1047 1295 secutus
1061 1275 1146 1303 sum,
1167 1275 1266 1305 quum
1286 1264 1412 1305 vulgata
1436 1265 1531 1296 lectio

802 1319 899 1346 multa
925 1322 1064 1346 mentem
1086 1316 1146 1346 loci
1173 1326 1238 1346 non
1259 1316 1441 1356 adimpleat,
1464 1318 1530 1348 imo

802 1369 943 1399 videatur
957 1369 1060 1408 potius
1073 1368 1294 1400 contradicere.
1323 1369 1410 1405 Quin
1423 1370 1529 1409 etiam,

803 1420 1072 1450 animadversione
1087 1419 1184 1461 digna
1205 1425 1251 1450 est
1265 1421 1422 1461 antiquior
1436 1422 1531 1461 scrip-

802 1477 884 1509 tura,
900 1478 1006 1502 concta
1022 1471 1150 1510 scilicet,
1165 1472 1224 1501 hoc
1239 1472 1346 1503 codice
1361 1480 1532 1504 servata.—

801 1527 942 1555 am'mus:
968 1525 1008 1555 V.
1026 1524 1073 1554 ed.
1092 1531 1134 1555 n.
1151 1527 1459 1566 am'mis.—contagi.·
1489 1527 1533 1556 sic

800 1577 977 1607 Lambinus
998 1577 1198 1616 probabiliter
1217 1579 1366 1617 reposuit,
1389 1588 1445 1617 pro
1460 1590 1531 1609 con-

801 1634 882 1668 tage,
911 1628 1062 1658 librorum
1091 1628 1236 1658 omnium
1267 1636 1378 1668 praeter
1409 1630 1445 1660 P.
1477 1630 1530 1659 ille

803 1687 908 1711 autem
923 1681 977 1711 dat
998 1684 1139 1721 contagia
1147 1698 1157 1718 ,·
1182 1682 1265 1722 quod
1287 1693 1341 1721 per
1362 1684 1530 1722 appositio-

801 1743 875 1761 nem
887 1732 1017 1768 dictum,
1033 1735 1115 1762 mala
1128 1735 1224 1763 multa
1238 1744 1362 1773 nempe,
1378 1745 1447 1774 quae
1457 1741 1531 1765 sunt

802 1785 943 1822 contagia
973 1783 1050 1823 ejus,
1077 1783 1165 1813 nullo
1195 1783 1290 1814 modo
1319 1785 1530 1823 spernendum

802 1834 995 1874 judicamus,
1009 1834 1144 1874 vulgatae
1153 1840 1257 1864 tamen
1274 1835 1432 1875 scriptura?
1448 1843 1531 1875 post-

806 1886 995 1916 habendum.
1041 1886 1102 1916 Sed
1133 1897 1174 1916 an
1203 1887 1322 1917 dederit
1352 1888 1529 1927 Lucretius,

807 1945 931 1978 contage
955 1950 983 1976 e,
1007 1938 1055 1968 vel
1077 1939 1134 1969 em?
1162 1939 1246 1969 unde
1272 1940 1363 1970 facile
1387 1943 1530 1980 absorpta

805 1999 884 2023 esset
898 1993 1082 2032 praepositio.
1128 1993 1167 2023 Id
1193 1992 1317 2024 edicant
1337 1995 1401 2025 alii.
1444 1996 1533 2026 Voce

804 2050 944 2084 conteges
959 2049 1062 2073 noster
1075 2043 1148 2074 alibi
1164 2055 1240 2074 usus
1254 2051 1308 2081 est,
1335 2045 1374 2076 iv.
1396 2049 1469 2078 537.
1492 2048 1531 2079 vi.

805 2099 876 2127 279.
893 2099 985 2126 1241.
1001 2102 1032 2126 et
1047 2096 1217 2132 Arnobius,
1233 2096 1284 2127 lib.
1302 2097 1350 2128 vii.
1375 2099 1533 2130 Lambino

804 2147 1003 2178 citantez—“
1027 2147 1111 2178 Lues
1133 2148 1453 2186 infestas—continua
1475 2161 1530 2190 po-

806 2202 827 2216 “
845 2199 956 2238 pulum
979 2205 1104 2239 contage
1129 2199 1528 2242 conficiens.''—-fangicur:

804 2253 1079 2295 Vind.ficngicus;
1101 2255 1141 2284 V.
1156 2255 1203 2285 ed.
1209 2257 1358 2297 fingitur.

848 2306 929 2337 Ibid.
945 2305 1203 2346 malafungz'mr:
1228 2308 1247 2338 i.
1263 2319 1288 2337 e.
1305 2308 1436 2347 patitur3
1461 2315 1496 2339 ut
1511 2310 1532 2339 i.

805 2360 876 2388 444.
908 2358 959 2388 Sic
974 2358 1117 2396 Plautus,
1135 2360 1290 2390 Menaech.
1307 2360 1328 2390 i.
1346 2364 1375 2390 4.
1391 2364 1420 2392 5.
1436 2361 1530 2391 etiam

804 2418 878 2454 cum
892 2415 1002 2450 quarto
1017 2419 1103 2448 casu,
1126 2410 1207 2440 sicut
1221 2411 1311 2450 po‘e'ta
1327 2418 1441 2442 noster:

817 2491 883 2514 Nam
895 2491 1023 2522 parasitus
1034 2495 1098 2516 octo
1109 2492 1253 2516 hominum
1271 2499 1364 2516 munus
1375 2492 1529 2524 facilesum

906 2534 977 2562 gitur
987 2540 996 2555 .-

801 2610 831 2634 et
852 2603 995 2634 similiter
1012 2605 1153 2644 Amphit.
1181 2606 1212 2635 ii.
1229 2610 1258 2635 2.
1277 2609 1346 2637 197.
1370 2606 1529 2646 Justinus,

799 2655 862 2686 xix.
880 2659 907 2686 1.
924 2659 951 2686 1.
980 2659 1002 2674 ‘⁴
1021 2657 1130 2697 Mago,
1150 2657 1457 2697 Carthaginiensium
1468 2659 1528 2689 im-

801 2710 823 2726 “
839 2711 1096 2748 perator,—dz'em
1100 2709 1266 2749 fungitur,
1282 2709 1397 2740 relictis
1407 2709 1530 2742 duobus

800 2763 822 2778 “
839 2760 940 2790 filiis.''
976 2760 1052 2790 Alia
1065 2760 1209 2800 exempla
1227 2762 1360 2801 reperias
1374 2762 1406 2792 in
1424 2762 1531 2793 lexicis

799 2811 991 2852 vulgaribus,
1007 2818 1038 2842 et
1053 2811 1161 2842 Nonio
1177 2812 1339 2849 Marcello,
1364 2813 1405 2844 ix.
1418 2817 1446 2844 4.
1459 2819 1490 2844 et
1499 2815 1530 2857 5,

841 2864 915 2894 Ver.
932 2866 1003 2895 735.
1026 2870 1129 2894 tamen
1145 2866 1224 2896 hiis:
1251 2869 1286 2897 A.
1308 2867 1355 2897 llis
1369 2871 1528 2897 tamen.—

786 2916 908 2955 facere:
939 2917 978 2947 V.
995 2915 1157 2958 edjizcile.
