<?xml version="1.0" encoding="UTF-8"?>
<!DOCTYPE html PUBLIC "-//W3C//DTD XHTML 1.0 Transitional//EN"
    "http://www.w3.org/TR/xhtml1/DTD/xhtml1-transitional.dtd">
<html xmlns="http://www.w3.org/1999/xhtml" xml:lang="en" lang="en">
 <head>
  <title>
</title>
<meta http-equiv="Content-Type" content="text/html;charset=utf-8" />
  <meta name='ocr-system' content='tesseract 3.04.00' />
  <meta name='ocr-capabilities' content='ocr_page ocr_carea ocr_par ocr_line ocrx_word'/>
</head>
<body>
  <div class='ocr_page' id='page_1' title='image "./tlucretiicarider02lucruoft_0219.png"; bbox 0 0 1912 3292; ppageno 0'>
   <div class='ocr_carea' id='block_1_1' title="bbox 476 208 1113 258">
    <p class='ocr_par' dir='ltr' id='par_1_1' title="bbox 476 208 1113 258">
     <span class='ocr_line' id='line_1_1' title="bbox 476 208 1113 258; baseline 0.005 -3"><span class='ocrx_word' id='word_1_1' title='bbox 476 208 709 256; x_wconf 89' lang='lat' dir='ltr'>LIBER</span> <span class='ocrx_word' id='word_1_2' title='bbox 759 208 1113 258; x_wconf 87' lang='lat' dir='ltr'><strong>TERTIUS.</strong></span> 
     </span>
    </p>
   </div>
   <div class='ocr_carea' id='block_1_2' title="bbox 1455 226 1544 267">
    <p class='ocr_par' dir='ltr' id='par_1_2' title="bbox 1455 226 1544 267">
     <span class='ocr_line' id='line_1_2' title="bbox 1455 226 1544 267; baseline 0.034 -2"><span class='ocrx_word' id='word_1_3' title='bbox 1455 226 1544 267; x_wconf 79' lang='lat'>163</span> 
     </span>
    </p>
   </div>
   <div class='ocr_carea' id='block_1_3' title="bbox 73 337 1472 541">
    <p class='ocr_par' dir='ltr' id='par_1_3' title="bbox 73 337 1472 541">
     <span class='ocr_line' id='line_1_3' title="bbox 73 337 1472 399; baseline 0.013 -28"><span class='ocrx_word' id='word_1_4' title='bbox 73 338 154 378; x_wconf 78' lang='grc'>970</span> <span class='ocrx_word' id='word_1_5' title='bbox 188 342 218 364; x_wconf 83' lang='lat'><strong>“</strong></span> <span class='ocrx_word' id='word_1_6' title='bbox 242 337 340 388; x_wconf 84' lang='lat' dir='ltr'>Sed,</span> <span class='ocrx_word' id='word_1_7' title='bbox 361 337 456 394; x_wconf 85' lang='lat' dir='ltr'>quia</span> <span class='ocrx_word' id='word_1_8' title='bbox 475 351 635 391; x_wconf 86' lang='lat' dir='ltr'><strong>semper</strong></span> <span class='ocrx_word' id='word_1_9' title='bbox 653 350 762 387; x_wconf 87' lang='lat' dir='ltr'>aves,</span> <span class='ocrx_word' id='word_1_10' title='bbox 785 337 898 393; x_wconf 92' lang='lat' dir='ltr'>quod</span> <span class='ocrx_word' id='word_1_11' title='bbox 917 338 1045 390; x_wconf 86' lang='lat' dir='ltr'>abest,</span> <span class='ocrx_word' id='word_1_12' title='bbox 1060 344 1290 395; x_wconf 69' lang='lat' dir='ltr'>praesentia</span> <span class='ocrx_word' id='word_1_13' title='bbox 1310 348 1472 399; x_wconf 82' lang='lat' dir='ltr'>temnis,</span> 
     </span>
     <span class='ocr_line' id='line_1_4' title="bbox 186 408 1216 469; baseline 0.006 -17"><span class='ocrx_word' id='word_1_14' title='bbox 186 418 216 438; x_wconf 89' lang='lat'><strong>“</strong></span> <span class='ocrx_word' id='word_1_15' title='bbox 239 410 470 467; x_wconf 83' lang='lat' dir='ltr'>Inperfecta</span> <span class='ocrx_word' id='word_1_16' title='bbox 487 408 562 450; x_wconf 88' lang='lat' dir='ltr'>tibi</span> <span class='ocrx_word' id='word_1_17' title='bbox 583 409 717 452; x_wconf 85' lang='lat' dir='ltr'>elabsa</span> <span class='ocrx_word' id='word_1_18' title='bbox 737 418 812 462; x_wconf 90' lang='lat' dir='ltr'>est,</span> <span class='ocrx_word' id='word_1_19' title='bbox 834 412 1092 469; x_wconf 84' lang='lat' dir='ltr'>ingrataque,</span> <span class='ocrx_word' id='word_1_20' title='bbox 1113 416 1216 467; x_wconf 86' lang='lat' dir='ltr'>vita;</span> 
     </span>
     <span class='ocr_line' id='line_1_5' title="bbox 185 483 1252 541; baseline 0.006 -15"><span class='ocrx_word' id='word_1_21' title='bbox 185 490 216 512; x_wconf 86' lang='lat'><strong>“</strong></span> <span class='ocrx_word' id='word_1_22' title='bbox 241 485 298 526; x_wconf 92' lang='lat' dir='ltr'>Et</span> <span class='ocrx_word' id='word_1_23' title='bbox 316 498 392 525; x_wconf 91' lang='lat' dir='ltr'>nec</span> <span class='ocrx_word' id='word_1_24' title='bbox 410 483 597 538; x_wconf 86' lang='lat' dir='ltr'>opinanti</span> <span class='ocrx_word' id='word_1_25' title='bbox 617 499 729 526; x_wconf 92' lang='lat' dir='ltr'>mors</span> <span class='ocrx_word' id='word_1_26' title='bbox 748 485 802 526; x_wconf 89' lang='lat' dir='ltr'>ad</span> <span class='ocrx_word' id='word_1_27' title='bbox 823 494 946 541; x_wconf 89' lang='lat' dir='ltr'>caput</span> <span class='ocrx_word' id='word_1_28' title='bbox 966 487 1121 530; x_wconf 81' lang='lat' dir='ltr'>adstitit</span> <span class='ocrx_word' id='word_1_29' title='bbox 1141 499 1252 541; x_wconf 85' lang='lat' dir='ltr'>ante,</span> 
     </span>
    </p>
   </div>
   <div class='ocr_carea' id='block_1_4' title="bbox 34 654 764 852">
    <p class='ocr_par' dir='ltr' id='par_1_4' title="bbox 34 654 764 852">
     <span class='ocr_line' id='line_1_6' title="bbox 35 654 763 695; baseline 0.004 -9"><span class='ocrx_word' id='word_1_30' title='bbox 35 666 192 687; x_wconf 83' lang='lat' dir='ltr'>—marces</span> <span class='ocrx_word' id='word_1_31' title='bbox 200 669 210 685; x_wconf 91' lang='lat'><strong>.·</strong></span> <span class='ocrx_word' id='word_1_32' title='bbox 237 654 279 686; x_wconf 91' lang='lat' dir='ltr'><strong>V.</strong></span> <span class='ocrx_word' id='word_1_33' title='bbox 295 654 343 686; x_wconf 88' lang='lat' dir='ltr'>ed.</span> <span class='ocrx_word' id='word_1_34' title='bbox 358 661 482 695; x_wconf 78' lang='lat' dir='ltr'>matres,</span> <span class='ocrx_word' id='word_1_35' title='bbox 497 657 701 689; x_wconf 83' lang='lat' dir='ltr'>usitatissimo</span> <span class='ocrx_word' id='word_1_36' title='bbox 715 670 763 689; x_wconf 88' lang='lat' dir='ltr'>er-</span> 
     </span>
     <span class='ocr_line' id='line_1_7' title="bbox 37 706 764 746; baseline 0.006 -9"><span class='ocrx_word' id='word_1_37' title='bbox 37 716 114 743; x_wconf 84' lang='lat' dir='ltr'>rore,</span> <span class='ocrx_word' id='word_1_38' title='bbox 138 712 170 737; x_wconf 88' lang='lat' dir='ltr'>et</span> <span class='ocrx_word' id='word_1_39' title='bbox 191 706 385 746; x_wconf 82' lang='lat' dir='ltr'><strong>transpositis</strong></span> <span class='ocrx_word' id='word_1_40' title='bbox 406 707 501 738; x_wconf 81' lang='lat' dir='ltr'>etiam</span> <span class='ocrx_word' id='word_1_41' title='bbox 517 709 694 740; x_wconf 85' lang='lat' dir='ltr'>elementis:</span> <span class='ocrx_word' id='word_1_42' title='bbox 723 717 764 741; x_wconf 89' lang='grc' dir='ltr'>Π.</span> 
     </span>
     <span class='ocr_line' id='line_1_8' title="bbox 34 758 764 802; baseline 0.004 -13"><span class='ocrx_word' id='word_1_43' title='bbox 34 768 180 790; x_wconf 79' lang='lat' dir='ltr'><strong><em>marcens.</em></strong></span> <span class='ocrx_word' id='word_1_44' title='bbox 217 758 327 797; x_wconf 92' lang='lat' dir='ltr'>Porro,</span> <span class='ocrx_word' id='word_1_45' title='bbox 343 764 417 789; x_wconf 88' lang='lat' dir='ltr'>nota</span> <span class='ocrx_word' id='word_1_46' title='bbox 432 759 685 802; x_wconf 78' lang='lat' dir='ltr'>interrogationis</span> <span class='ocrx_word' id='word_1_47' title='bbox 699 772 764 792; x_wconf 87' lang='lat' dir='ltr'>non</span> 
     </span>
     <span class='ocr_line' id='line_1_9' title="bbox 36 808 762 852; baseline 0.004 -12"><span class='ocrx_word' id='word_1_48' title='bbox 36 815 101 842; x_wconf 86' lang='lat' dir='ltr'>erat</span> <span class='ocrx_word' id='word_1_49' title='bbox 129 808 298 839; x_wconf 81' lang='lat' dir='ltr'>editoribus</span> <span class='ocrx_word' id='word_1_50' title='bbox 330 809 371 840; x_wconf 90' lang='lat' dir='ltr'>ad</span> <span class='ocrx_word' id='word_1_51' title='bbox 401 824 434 842; x_wconf 72' lang='lat' dir='ltr'>ero</span> <span class='ocrx_word' id='word_1_52' title='bbox 463 823 580 843; x_wconf 81' lang='lat' dir='ltr'><em>marces</em></span> <span class='ocrx_word' id='word_1_53' title='bbox 609 812 762 852; x_wconf 87' lang='lat' dir='ltr'>ponenda.</span> 
     </span>
    </p>
   </div>
   <div class='ocr_carea' id='block_1_5' title="bbox 809 664 1548 756">
    <p class='ocr_par' dir='ltr' id='par_1_5' title="bbox 809 664 1548 756">
     <span class='ocr_line' id='line_1_10' title="bbox 810 664 1548 707; baseline 0.016 -13"><span class='ocrx_word' id='word_1_54' title='bbox 810 664 987 695; x_wconf 85' lang='lat' dir='ltr'>stituendus</span> <span class='ocrx_word' id='word_1_55' title='bbox 1016 666 1064 702; x_wconf 83' lang='lat' dir='ltr'>sit,</span> <span class='ocrx_word' id='word_1_56' title='bbox 1105 666 1230 699; x_wconf 88' lang='lat' dir='ltr'>duabus</span> <span class='ocrx_word' id='word_1_57' title='bbox 1259 670 1389 702; x_wconf 82' lang='lat' dir='ltr'>vocibus</span> <span class='ocrx_word' id='word_1_58' title='bbox 1414 672 1548 707; x_wconf 78' lang='lat' dir='ltr'>invicem</span> 
     </span>
     <span class='ocr_line' id='line_1_11' title="bbox 809 717 1385 756; baseline 0.016 -10"><span class='ocrx_word' id='word_1_59' title='bbox 809 717 977 748; x_wconf 83' lang='lat' dir='ltr'>stationem.</span> <span class='ocrx_word' id='word_1_60' title='bbox 991 728 1082 748; x_wconf 85' lang='lat' dir='ltr'>suam</span> <span class='ocrx_word' id='word_1_61' title='bbox 1096 723 1364 754; x_wconf 80' lang='lat' dir='ltr'>commutantibus</span> <span class='ocrx_word' id='word_1_62' title='bbox 1378 737 1385 756; x_wconf 90' lang='lat'>:</span> 
     </span>
    </p>
   </div>
   <div class='ocr_carea' id='block_1_6' title="bbox 856 794 1472 834">
    <p class='ocr_par' dir='ltr' id='par_1_6' title="bbox 856 794 1472 834">
     <span class='ocr_line' id='line_1_12' title="bbox 856 794 1472 834; baseline 0.023 -17"><span class='ocrx_word' id='word_1_63' title='bbox 856 794 994 826; x_wconf 59' lang='lat' dir='ltr'>Inperfi&#39;cte</span> <span class='ocrx_word' id='word_1_64' title='bbox 1003 795 1087 821; x_wconf 76' lang='lat' dir='ltr'>elabsa</span> <span class='ocrx_word' id='word_1_65' title='bbox 1098 796 1142 822; x_wconf 84' lang='lat' dir='ltr'>tibi</span> <span class='ocrx_word' id='word_1_66' title='bbox 1153 802 1204 830; x_wconf 88' lang='lat' dir='ltr'>est,</span> <span class='ocrx_word' id='word_1_67' title='bbox 1220 800 1391 834; x_wconf 82' lang='lat' dir='ltr'>ingrataque,</span> <span class='ocrx_word' id='word_1_68' title='bbox 1408 804 1472 832; x_wconf 72' lang='lat' dir='ltr'>vita.</span> 
     </span>
    </p>
   </div>
   <div class='ocr_carea' id='block_1_7' title="bbox 37 859 1489 917">
    <p class='ocr_par' dir='ltr' id='par_1_7' title="bbox 37 859 1489 917">
     <span class='ocr_line' id='line_1_13' title="bbox 37 859 1489 917; baseline 0.018 -31"><span class='ocrx_word' id='word_1_69' title='bbox 37 859 134 897; x_wconf 82' lang='lat' dir='ltr'>Quasi</span> <span class='ocrx_word' id='word_1_70' title='bbox 159 865 264 890; x_wconf 88' lang='lat' dir='ltr'>noster</span> <span class='ocrx_word' id='word_1_71' title='bbox 291 859 428 892; x_wconf 84' lang='lat' dir='ltr'>dixerat:</span> <span class='ocrx_word' id='word_1_72' title='bbox 467 865 489 881; x_wconf 74' lang='lat'>‘⁶</span> <span class='ocrx_word' id='word_1_73' title='bbox 514 863 667 899; x_wconf 79' lang='lat' dir='ltr'>Quamvis</span> <span class='ocrx_word' id='word_1_74' title='bbox 684 865 767 895; x_wconf 82' lang='lat' dir='ltr'>inter</span> <span class='ocrx_word' id='word_1_75' title='bbox 813 867 1001 900; x_wconf 85' lang='lat' dir='ltr'>Venustiora</span> <span class='ocrx_word' id='word_1_76' title='bbox 1016 876 1123 903; x_wconf 84' lang='lat' dir='ltr'>tamen</span> <span class='ocrx_word' id='word_1_77' title='bbox 1139 875 1266 916; x_wconf 89' lang='lat' dir='ltr'>vulgata</span> <span class='ocrx_word' id='word_1_78' title='bbox 1280 880 1489 917; x_wconf 86' lang='lat' dir='ltr'>putabuntur.</span> 
     </span>
    </p>
   </div>
   <div class='ocr_carea' id='block_1_8' title="bbox 0 906 759 1008">
    <p class='ocr_par' dir='ltr' id='par_1_8' title="bbox 0 906 759 1008">
     <span class='ocr_line' id='line_1_14' title="bbox 0 906 758 955; baseline 0.008 -14"><span class='ocrx_word' id='word_1_79' title='bbox 0 913 3 949; x_wconf 64' lang='grc' dir='ltr'><strong>ἰ</strong></span> <span class='ocrx_word' id='word_1_80' title='bbox 31 915 55 931; x_wconf 89' lang='lat'>“</span> <span class='ocrx_word' id='word_1_81' title='bbox 69 921 178 943; x_wconf 88' lang='lat' dir='ltr'>omnes</span> <span class='ocrx_word' id='word_1_82' title='bbox 199 906 270 942; x_wconf 69' lang='lat' dir='ltr'>vitae</span> <span class='ocrx_word' id='word_1_83' title='bbox 293 912 420 944; x_wconf 84' lang='lat' dir='ltr'>delicias</span> <span class='ocrx_word' id='word_1_84' title='bbox 443 920 566 945; x_wconf 86' lang='lat' dir='ltr'>aetatem</span> <span class='ocrx_word' id='word_1_85' title='bbox 588 917 758 955; x_wconf 81' lang='lat' dir='ltr'>provectio-</span> 
     </span>
     <span class='ocr_line' id='line_1_15' title="bbox 32 963 759 1008; baseline 0.008 -15"><span class='ocrx_word' id='word_1_86' title='bbox 32 967 55 982; x_wconf 87' lang='lat'><strong>“</strong></span> <span class='ocrx_word' id='word_1_87' title='bbox 70 973 137 994; x_wconf 87' lang='lat' dir='ltr'>rem</span> <span class='ocrx_word' id='word_1_88' title='bbox 157 969 189 994; x_wconf 88' lang='lat' dir='ltr'>et</span> <span class='ocrx_word' id='word_1_89' title='bbox 209 963 357 995; x_wconf 85' lang='lat' dir='ltr'>inutilem</span> <span class='ocrx_word' id='word_1_90' title='bbox 378 966 529 1007; x_wconf 75' lang='lat' dir='ltr'>attigeris,</span> <span class='ocrx_word' id='word_1_91' title='bbox 551 967 632 998; x_wconf 85' lang='lat' dir='ltr'>nihil</span> <span class='ocrx_word' id='word_1_92' title='bbox 656 969 759 1008; x_wconf 83' lang='lat' dir='ltr'>profe-</span> 
     </span>
    </p>
   </div>
   <div class='ocr_carea' id='block_1_9' title="bbox 0 975 3 1088">
    <p class='ocr_par' dir='ltr' id='par_1_9' title="bbox 0 975 3 1088">
     <span class='ocr_line' id='line_1_16' title="bbox 0 975 3 1088; baseline 0 2204"><span class='ocrx_word' id='word_1_93' title='bbox 0 975 3 1088; x_wconf 95' lang='lat' dir='ltr'> </span> 
     </span>
    </p>
   </div>
   <div class='ocr_carea' id='block_1_10' title="bbox 0 1071 759 1772">
    <p class='ocr_par' dir='ltr' id='par_1_10' title="bbox 0 1071 759 1772">
     <span class='ocr_line' id='line_1_17' title="bbox 0 1071 759 1109; baseline 0.013 -11"><span class='ocrx_word' id='word_1_94' title='bbox 0 1090 1 1095; x_wconf 62' lang='lat'>,</span> <span class='ocrx_word' id='word_1_95' title='bbox 28 1072 52 1087; x_wconf 81' lang='lat'>‘⁸</span> <span class='ocrx_word' id='word_1_96' title='bbox 69 1074 154 1109; x_wconf 82' lang='lat' dir='ltr'>potes</span> <span class='ocrx_word' id='word_1_97' title='bbox 169 1071 276 1101; x_wconf 90' lang='lat' dir='ltr'>animo</span> <span class='ocrx_word' id='word_1_98' title='bbox 291 1078 439 1104; x_wconf 74' lang='lat' dir='ltr'>contento</span> <span class='ocrx_word' id='word_1_99' title='bbox 459 1074 595 1106; x_wconf 77' lang='lat' dir='ltr'>cedere.&#39;&#39;</span> <span class='ocrx_word' id='word_1_100' title='bbox 640 1076 759 1107; x_wconf 82' lang='lat' dir='ltr'>Confer</span> 
     </span>
     <span class='ocr_line' id='line_1_18' title="bbox 0 1123 755 1159; baseline 0.009 -7"><span class='ocrx_word' id='word_1_101' title='bbox 0 1138 1 1152; x_wconf 60' lang='lat' dir='ltr'>l</span> <span class='ocrx_word' id='word_1_102' title='bbox 29 1130 89 1152; x_wconf 83' lang='lat' dir='ltr'>ver.</span> <span class='ocrx_word' id='word_1_103' title='bbox 105 1125 177 1153; x_wconf 88' lang='lat'><strong>959.</strong></span> <span class='ocrx_word' id='word_1_104' title='bbox 204 1123 289 1153; x_wconf 90' lang='lat' dir='ltr'>unde</span> <span class='ocrx_word' id='word_1_105' title='bbox 311 1123 459 1156; x_wconf 83' lang='lat' dir='ltr'>definitur</span> <span class='ocrx_word' id='word_1_106' title='bbox 473 1125 618 1157; x_wconf 87' lang='lat' dir='ltr'>dictionis</span> <span class='ocrx_word' id='word_1_107' title='bbox 632 1138 755 1159; x_wconf 85' lang='lat' dir='ltr'>seusus:</span> 
     </span>
     <span class='ocr_line' id='line_1_19' title="bbox 26 1171 755 1218; baseline 0.014 -17"><span class='ocrx_word' id='word_1_108' title='bbox 26 1171 116 1202; x_wconf 79' lang='lat' dir='ltr'>aliter</span> <span class='ocrx_word' id='word_1_109' title='bbox 129 1172 169 1203; x_wconf 89' lang='lat' dir='ltr'>de</span> <span class='ocrx_word' id='word_1_110' title='bbox 193 1173 255 1205; x_wconf 69' lang='lat' dir='ltr'>alia</span> <span class='ocrx_word' id='word_1_111' title='bbox 280 1174 535 1215; x_wconf 81' lang='lat' dir='ltr'>interpretatione</span> <span class='ocrx_word' id='word_1_112' title='bbox 554 1185 676 1218; x_wconf 87' lang='lat' dir='ltr'>poterat</span> <span class='ocrx_word' id='word_1_113' title='bbox 697 1180 755 1210; x_wconf 84' lang='lat' dir='ltr'>ali-</span> 
     </span>
     <span class='ocr_line' id='line_1_20' title="bbox 25 1224 755 1271; baseline 0.014 -18"><span class='ocrx_word' id='word_1_114' title='bbox 25 1224 97 1263; x_wconf 89' lang='lat' dir='ltr'>quis</span> <span class='ocrx_word' id='word_1_115' title='bbox 111 1225 256 1266; x_wconf 84' lang='lat' dir='ltr'>cogitare,</span> <span class='ocrx_word' id='word_1_116' title='bbox 282 1226 323 1257; x_wconf 85' lang='lat' dir='ltr'>ad</span> <span class='ocrx_word' id='word_1_117' title='bbox 344 1228 507 1260; x_wconf 89' lang='lat' dir='ltr'>notionem</span> <span class='ocrx_word' id='word_1_118' title='bbox 525 1230 656 1271; x_wconf 89' lang='lat' dir='ltr'>hujusce</span> <span class='ocrx_word' id='word_1_119' title='bbox 671 1233 755 1263; x_wconf 79' lang='lat' dir='ltr'>verbi</span> 
     </span>
     <span class='ocr_line' id='line_1_21' title="bbox 24 1274 755 1318; baseline 0.014 -14"><span class='ocrx_word' id='word_1_120' title='bbox 24 1274 58 1304; x_wconf 87' lang='lat' dir='ltr'>in</span> <span class='ocrx_word' id='word_1_121' title='bbox 77 1276 229 1313; x_wconf 86' lang='lat' dir='ltr'>Arnobio,</span> <span class='ocrx_word' id='word_1_122' title='bbox 253 1277 305 1308; x_wconf 88' lang='lat' dir='ltr'>lib.</span> <span class='ocrx_word' id='word_1_123' title='bbox 331 1278 364 1309; x_wconf 79' lang='lat' dir='ltr'>ii.</span> <span class='ocrx_word' id='word_1_124' title='bbox 390 1290 420 1318; x_wconf 92' lang='lat' dir='ltr'>p.</span> <span class='ocrx_word' id='word_1_125' title='bbox 447 1284 498 1311; x_wconf 82' lang='lat'><strong>64.</strong></span> <span class='ocrx_word' id='word_1_126' title='bbox 530 1285 553 1300; x_wconf 89' lang='lat'><strong>“</strong></span> <span class='ocrx_word' id='word_1_127' title='bbox 570 1282 621 1312; x_wconf 93' lang='lat' dir='ltr'>Ne</span> <span class='ocrx_word' id='word_1_128' title='bbox 634 1284 755 1315; x_wconf 81' lang='lat' dir='ltr'>deliciis</span> 
     </span>
     <span class='ocr_line' id='line_1_22' title="bbox 24 1328 752 1368; baseline 0.011 -12"><span class='ocrx_word' id='word_1_129' title='bbox 24 1328 46 1343; x_wconf 91' lang='lat'><strong><em>“</em></strong></span> <span class='ocrx_word' id='word_1_130' title='bbox 62 1333 206 1363; x_wconf 85' lang='lat' dir='ltr'>marceat,</span> <span class='ocrx_word' id='word_1_131' title='bbox 223 1333 254 1358; x_wconf 90' lang='lat' dir='ltr'>et</span> <span class='ocrx_word' id='word_1_132' title='bbox 264 1336 481 1368; x_wconf 84' lang='lat' dir='ltr'>corrumpatur</span> <span class='ocrx_word' id='word_1_133' title='bbox 493 1331 692 1364; x_wconf 86' lang='lat' dir='ltr'>mollitudine</span> <span class='ocrx_word' id='word_1_134' title='bbox 707 1334 752 1363; x_wconf 82' lang='lat' dir='ltr'>vi-</span> 
     </span>
     <span class='ocr_line' id='line_1_23' title="bbox 24 1378 752 1415; baseline 0.012 -8"><span class='ocrx_word' id='word_1_135' title='bbox 24 1380 47 1396; x_wconf 89' lang='lat'><strong>“</strong></span> <span class='ocrx_word' id='word_1_136' title='bbox 62 1378 209 1409; x_wconf 87' lang='lat' dir='ltr'>tiorum.”</span> <span class='ocrx_word' id='word_1_137' title='bbox 238 1379 282 1409; x_wconf 92' lang='lat' dir='ltr'>Et</span> <span class='ocrx_word' id='word_1_138' title='bbox 295 1390 370 1410; x_wconf 88' lang='lat' dir='ltr'>sane</span> <span class='ocrx_word' id='word_1_139' title='bbox 384 1391 450 1412; x_wconf 89' lang='lat' dir='ltr'>non</span> <span class='ocrx_word' id='word_1_140' title='bbox 464 1381 651 1414; x_wconf 87' lang='lat' dir='ltr'>inconcinne</span> <span class='ocrx_word' id='word_1_141' title='bbox 666 1395 752 1415; x_wconf 91' lang='lat' dir='ltr'>com-</span> 
     </span>
     <span class='ocr_line' id='line_1_24' title="bbox 22 1428 751 1474; baseline 0.014 -15"><span class='ocrx_word' id='word_1_142' title='bbox 22 1428 164 1468; x_wconf 78' lang='lat' dir='ltr'>plectaris</span> <span class='ocrx_word' id='word_1_143' title='bbox 189 1436 355 1473; x_wconf 83' lang='lat' dir='ltr'>utramque</span> <span class='ocrx_word' id='word_1_144' title='bbox 380 1434 554 1474; x_wconf 87' lang='lat' dir='ltr'>notionem,</span> <span class='ocrx_word' id='word_1_145' title='bbox 585 1437 629 1467; x_wconf 87' lang='lat' dir='ltr'>sic</span> <span class='ocrx_word' id='word_1_146' title='bbox 652 1437 751 1469; x_wconf 88' lang='lat' dir='ltr'>inter-</span> 
     </span>
     <span class='ocr_line' id='line_1_25' title="bbox 23 1481 753 1527; baseline 0.012 -16"><span class='ocrx_word' id='word_1_147' title='bbox 23 1481 185 1521; x_wconf 81' lang='lat' dir='ltr'>pretando:</span> <span class='ocrx_word' id='word_1_148' title='bbox 214 1486 236 1501; x_wconf 86' lang='lat'><strong><em>“</em></strong></span> <span class='ocrx_word' id='word_1_149' title='bbox 252 1483 342 1515; x_wconf 88' lang='lat' dir='ltr'>Inter</span> <span class='ocrx_word' id='word_1_150' title='bbox 356 1484 482 1517; x_wconf 86' lang='lat' dir='ltr'>delicias</span> <span class='ocrx_word' id='word_1_151' title='bbox 496 1497 607 1519; x_wconf 89' lang='lat' dir='ltr'>omnes</span> <span class='ocrx_word' id='word_1_152' title='bbox 622 1489 705 1527; x_wconf 83' lang='lat' dir='ltr'>vitae,</span> <span class='ocrx_word' id='word_1_153' title='bbox 722 1496 753 1520; x_wconf 89' lang='lat' dir='ltr'>et</span> 
     </span>
     <span class='ocr_line' id='line_1_26' title="bbox 19 1535 753 1582; baseline 0.014 -20"><span class='ocrx_word' id='word_1_154' title='bbox 19 1535 43 1551; x_wconf 89' lang='lat'>“</span> <span class='ocrx_word' id='word_1_155' title='bbox 57 1538 182 1564; x_wconf 88' lang='lat' dir='ltr'>aetatem</span> <span class='ocrx_word' id='word_1_156' title='bbox 197 1536 433 1576; x_wconf 84' lang='lat' dir='ltr'>provectiorem,</span> <span class='ocrx_word' id='word_1_157' title='bbox 451 1541 596 1570; x_wconf 84' lang='lat' dir='ltr'>marces.”</span> <span class='ocrx_word' id='word_1_158' title='bbox 639 1540 753 1582; x_wconf 85' lang='lat' dir='ltr'>Longe</span> 
     </span>
     <span class='ocr_line' id='line_1_27' title="bbox 21 1585 752 1631; baseline 0.015 -18"><span class='ocrx_word' id='word_1_159' title='bbox 21 1589 126 1615; x_wconf 89' lang='lat' dir='ltr'>tamen</span> <span class='ocrx_word' id='word_1_160' title='bbox 155 1585 291 1624; x_wconf 87' lang='lat' dir='ltr'>priorem</span> <span class='ocrx_word' id='word_1_161' title='bbox 320 1589 548 1628; x_wconf 84' lang='lat' dir='ltr'>expositionem</span> <span class='ocrx_word' id='word_1_162' title='bbox 576 1592 752 1631; x_wconf 84' lang='lat' dir='ltr'>praeferam.</span> 
     </span>
     <span class='ocr_line' id='line_1_28' title="bbox 21 1635 750 1676; baseline 0.015 -11"><span class='ocrx_word' id='word_1_163' title='bbox 21 1635 110 1667; x_wconf 87' lang='lat' dir='ltr'>Hinc</span> <span class='ocrx_word' id='word_1_164' title='bbox 123 1637 241 1669; x_wconf 81' lang='lat' dir='ltr'>interea</span> <span class='ocrx_word' id='word_1_165' title='bbox 255 1639 348 1671; x_wconf 89' lang='lat' dir='ltr'>liceat</span> <span class='ocrx_word' id='word_1_166' title='bbox 358 1642 525 1674; x_wconf 87' lang='lat' dir='ltr'>emendare</span> <span class='ocrx_word' id='word_1_167' title='bbox 539 1654 644 1675; x_wconf 87' lang='lat' dir='ltr'>versus</span> <span class='ocrx_word' id='word_1_168' title='bbox 658 1656 750 1676; x_wconf 87' lang='lat' dir='ltr'>orna-</span> 
     </span>
     <span class='ocr_line' id='line_1_29' title="bbox 21 1688 751 1738; baseline 0.015 -20"><span class='ocrx_word' id='word_1_169' title='bbox 21 1688 154 1720; x_wconf 84' lang='lat' dir='ltr'>tissimos</span> <span class='ocrx_word' id='word_1_170' title='bbox 168 1691 336 1723; x_wconf 88' lang='lat' dir='ltr'>Prudentii</span> <span class='ocrx_word' id='word_1_171' title='bbox 350 1693 392 1724; x_wconf 86' lang='lat' dir='ltr'>de</span> <span class='ocrx_word' id='word_1_172' title='bbox 407 1695 566 1735; x_wconf 61' lang='lat' dir='ltr'>Luxata-id,</span> <span class='ocrx_word' id='word_1_173' title='bbox 589 1699 751 1738; x_wconf 90' lang='lat' dir='ltr'>psychom.</span> 
     </span>
     <span class='ocr_line' id='line_1_30' title="bbox 22 1743 101 1772; baseline 0.025 -2"><span class='ocrx_word' id='word_1_174' title='bbox 22 1743 101 1772; x_wconf 73' lang='lat'><strong>516.</strong></span> 
     </span>
    </p>
   </div>
   <div class='ocr_carea' id='block_1_11' title="bbox 34 1834 742 1957">
    <p class='ocr_par' dir='ltr' id='par_1_11' title="bbox 34 1834 742 1957">
     <span class='ocr_line' id='line_1_31' title="bbox 36 1834 721 1877; baseline 0.022 -19"><span class='ocrx_word' id='word_1_175' title='bbox 36 1834 78 1859; x_wconf 84' lang='lat' dir='ltr'>Ad</span> <span class='ocrx_word' id='word_1_176' title='bbox 90 1838 155 1860; x_wconf 88' lang='lat' dir='ltr'>tunc</span> <span class='ocrx_word' id='word_1_177' title='bbox 167 1837 325 1869; x_wconf 79' lang='lat' dir='ltr'>pervigilem</span> <span class='ocrx_word' id='word_1_178' title='bbox 336 1842 462 1867; x_wconf 81' lang='lat' dir='ltr'>ructabat</span> <span class='ocrx_word' id='word_1_179' title='bbox 473 1844 590 1870; x_wconf 71' lang='lat' dir='ltr'>marcida</span> <span class='ocrx_word' id='word_1_180' title='bbox 600 1852 721 1877; x_wconf 77' lang='lat' dir='ltr'>coenam,</span> 
     </span>
     <span class='ocr_line' id='line_1_32' title="bbox 34 1874 742 1916; baseline 0.023 -19"><span class='ocrx_word' id='word_1_181' title='bbox 34 1874 87 1898; x_wconf 88' lang='lat' dir='ltr'>Sub</span> <span class='ocrx_word' id='word_1_182' title='bbox 98 1874 200 1906; x_wconf 83' lang='lat' dir='ltr'>lucem,</span> <span class='ocrx_word' id='word_1_183' title='bbox 210 1877 263 1909; x_wconf 70' lang='lat' dir='ltr'>qud</span> <span class='ocrx_word' id='word_1_184' title='bbox 273 1878 357 1910; x_wconf 84' lang='lat' dir='ltr'>forte,</span> <span class='ocrx_word' id='word_1_185' title='bbox 370 1881 463 1911; x_wconf 85' lang='lat' dir='ltr'>jacens</span> <span class='ocrx_word' id='word_1_186' title='bbox 473 1884 508 1908; x_wconf 88' lang='lat' dir='ltr'>ad</span> <span class='ocrx_word' id='word_1_187' title='bbox 517 1884 632 1916; x_wconf 82' lang='lat' dir='ltr'>fercula,</span> <span class='ocrx_word' id='word_1_188' title='bbox 648 1894 742 1913; x_wconf 83' lang='lat' dir='ltr'>raucos</span> 
     </span>
     <span class='ocr_line' id='line_1_33' title="bbox 34 1914 725 1957; baseline 0.022 -19"><span class='ocrx_word' id='word_1_189' title='bbox 34 1914 163 1940; x_wconf 77' lang='lat' dir='ltr'>Audierat</span> <span class='ocrx_word' id='word_1_190' title='bbox 173 1916 253 1942; x_wconf 82' lang='lat' dir='ltr'>lituos</span> <span class='ocrx_word' id='word_1_191' title='bbox 259 1927 268 1948; x_wconf 73' lang='lat' dir='ltr'>i</span> <span class='ocrx_word' id='word_1_192' title='bbox 285 1923 369 1951; x_wconf 88' lang='lat' dir='ltr'>atque</span> <span class='ocrx_word' id='word_1_193' title='bbox 379 1921 452 1952; x_wconf 86' lang='lat' dir='ltr'>inde,</span> <span class='ocrx_word' id='word_1_194' title='bbox 470 1926 591 1956; x_wconf 87' lang='lat' dir='ltr'>tepentia</span> <span class='ocrx_word' id='word_1_195' title='bbox 602 1926 725 1957; x_wconf 78' lang='lat' dir='ltr'>linquens</span> 
     </span>
    </p>
   </div>
   <div class='ocr_carea' id='block_1_12' title="bbox 33 1955 681 2029">
    <p class='ocr_par' dir='ltr' id='par_1_12' title="bbox 33 1955 681 2029">
     <span class='ocr_line' id='line_1_34' title="bbox 34 1955 681 1998; baseline 0.023 -20"><span class='ocrx_word' id='word_1_196' title='bbox 34 1955 142 1986; x_wconf 83' lang='lat' dir='ltr'>Pocula,</span> <span class='ocrx_word' id='word_1_197' title='bbox 158 1956 271 1988; x_wconf 79' lang='lat' dir='ltr'>lapsanti</span> <span class='ocrx_word' id='word_1_198' title='bbox 281 1966 329 1990; x_wconf 87' lang='lat' dir='ltr'>per</span> <span class='ocrx_word' id='word_1_199' title='bbox 340 1961 402 1986; x_wconf 86' lang='lat' dir='ltr'>vina</span> <span class='ocrx_word' id='word_1_200' title='bbox 413 1966 442 1987; x_wconf 89' lang='lat' dir='ltr'>et</span> <span class='ocrx_word' id='word_1_201' title='bbox 453 1963 570 1990; x_wconf 82' lang='lat' dir='ltr'>balsama</span> <span class='ocrx_word' id='word_1_202' title='bbox 581 1972 681 1998; x_wconf 81' lang='lat' dir='ltr'>gressu,</span> 
     </span>
     <span class='ocr_line' id='line_1_35' title="bbox 33 1993 584 2029; baseline 0.02 -11"><span class='ocrx_word' id='word_1_203' title='bbox 33 1993 111 2020; x_wconf 83' lang='lat' dir='ltr'>Ebria</span> <span class='ocrx_word' id='word_1_204' title='bbox 120 1995 228 2021; x_wconf 85' lang='lat' dir='ltr'>calcatis</span> <span class='ocrx_word' id='word_1_205' title='bbox 239 1997 273 2022; x_wconf 91' lang='lat' dir='ltr'>ad</span> <span class='ocrx_word' id='word_1_206' title='bbox 285 1999 385 2024; x_wconf 84' lang='lat' dir='ltr'>bellum</span> <span class='ocrx_word' id='word_1_207' title='bbox 398 2001 507 2027; x_wconf 81' lang='lat' dir='ltr'>floribus</span> <span class='ocrx_word' id='word_1_208' title='bbox 518 2004 584 2029; x_wconf 89' lang='lat' dir='ltr'>ibat.</span> 
     </span>
    </p>
   </div>
   <div class='ocr_carea' id='block_1_13' title="bbox 14 2084 748 2330">
    <p class='ocr_par' dir='ltr' id='par_1_13' title="bbox 14 2084 748 2330">
     <span class='ocr_line' id='line_1_36' title="bbox 20 2084 748 2136; baseline 0.025 -22"><span class='ocrx_word' id='word_1_209' title='bbox 20 2084 87 2120; x_wconf 70' lang='lat' dir='ltr'>Qud</span> <span class='ocrx_word' id='word_1_210' title='bbox 109 2087 237 2127; x_wconf 83' lang='lat' dir='ltr'>scilicet,</span> <span class='ocrx_word' id='word_1_211' title='bbox 261 2092 330 2122; x_wconf 77' lang='lat' dir='ltr'>uhi:</span> <span class='ocrx_word' id='word_1_212' title='bbox 355 2093 439 2129; x_wconf 84' lang='lat' dir='ltr'>editi,</span> <span class='ocrx_word' id='word_1_213' title='bbox 462 2099 547 2136; x_wconf 82' lang='lat' dir='ltr'>quia.</span> <span class='ocrx_word' id='word_1_214' title='bbox 592 2098 664 2129; x_wconf 80' lang='lat' dir='ltr'>Has</span> <span class='ocrx_word' id='word_1_215' title='bbox 691 2111 748 2132; x_wconf 90' lang='lat' dir='ltr'>au-</span> 
     </span>
     <span class='ocr_line' id='line_1_37' title="bbox 16 2139 746 2190; baseline 0.026 -25"><span class='ocrx_word' id='word_1_216' title='bbox 16 2141 80 2166; x_wconf 86' lang='lat' dir='ltr'>tem</span> <span class='ocrx_word' id='word_1_217' title='bbox 100 2139 227 2169; x_wconf 84' lang='lat' dir='ltr'>voculas</span> <span class='ocrx_word' id='word_1_218' title='bbox 250 2141 284 2171; x_wconf 93' lang='lat' dir='ltr'>in</span> <span class='ocrx_word' id='word_1_219' title='bbox 310 2144 430 2183; x_wconf 84' lang='lat' dir='ltr'>scriptis</span> <span class='ocrx_word' id='word_1_220' title='bbox 454 2157 536 2187; x_wconf 83' lang='lat' dir='ltr'>saepe</span> <span class='ocrx_word' id='word_1_221' title='bbox 564 2153 746 2190; x_wconf 87' lang='lat' dir='ltr'>permutari,</span> 
     </span>
     <span class='ocr_line' id='line_1_38' title="bbox 14 2188 745 2242; baseline 0.026 -25"><span class='ocrx_word' id='word_1_222' title='bbox 14 2188 121 2220; x_wconf 89' lang='lat' dir='ltr'>multis</span> <span class='ocrx_word' id='word_1_223' title='bbox 137 2193 287 2232; x_wconf 83' lang='lat' dir='ltr'>exemplis</span> <span class='ocrx_word' id='word_1_224' title='bbox 302 2195 582 2232; x_wconf 83' lang='lat' dir='ltr'>Drakenborchius</span> <span class='ocrx_word' id='word_1_225' title='bbox 595 2210 745 2242; x_wconf 85' lang='lat' dir='ltr'>praestan-</span> 
     </span>
     <span class='ocr_line' id='line_1_39' title="bbox 14 2239 746 2287; baseline 0.02 -18"><span class='ocrx_word' id='word_1_226' title='bbox 14 2239 152 2272; x_wconf 88' lang='lat' dir='ltr'>tissimus</span> <span class='ocrx_word' id='word_1_227' title='bbox 167 2242 282 2281; x_wconf 81' lang='lat' dir='ltr'>docuit,</span> <span class='ocrx_word' id='word_1_228' title='bbox 305 2246 345 2277; x_wconf 83' lang='lat' dir='ltr'>ad</span> <span class='ocrx_word' id='word_1_229' title='bbox 370 2248 439 2279; x_wconf 79' lang='lat' dir='ltr'>Liv.</span> <span class='ocrx_word' id='word_1_230' title='bbox 469 2251 509 2281; x_wconf 87' lang='lat' dir='ltr'>xl.</span> <span class='ocrx_word' id='word_1_231' title='bbox 532 2256 584 2285; x_wconf 75' lang='lat'><strong>29.</strong></span> <span class='ocrx_word' id='word_1_232' title='bbox 601 2257 630 2285; x_wconf 86' lang='grc'>8.</span> <span class='ocrx_word' id='word_1_233' title='bbox 653 2261 684 2285; x_wconf 88' lang='lat' dir='ltr'>et</span> <span class='ocrx_word' id='word_1_234' title='bbox 698 2266 746 2287; x_wconf 83' lang='lat' dir='ltr'>re.</span> 
     </span>
     <span class='ocr_line' id='line_1_40' title="bbox 18 2293 309 2330; baseline 0.024 -7"><span class='ocrx_word' id='word_1_235' title='bbox 18 2293 92 2324; x_wconf 87' lang='lat' dir='ltr'>deas</span> <span class='ocrx_word' id='word_1_236' title='bbox 105 2295 146 2325; x_wconf 89' lang='lat' dir='ltr'>ad</span> <span class='ocrx_word' id='word_1_237' title='bbox 160 2306 222 2327; x_wconf 87' lang='lat' dir='ltr'>ver.</span> <span class='ocrx_word' id='word_1_238' title='bbox 238 2302 309 2330; x_wconf 84' lang='lat'><strong>491.</strong></span> 
     </span>
    </p>
   </div>
   <div class='ocr_carea' id='block_1_14' title="bbox 63 2356 748 2408">
    <p class='ocr_par' dir='ltr' id='par_1_14' title="bbox 63 2356 748 2408">
     <span class='ocr_line' id='line_1_41' title="bbox 63 2356 748 2408; baseline 0.026 -22"><span class='ocrx_word' id='word_1_239' title='bbox 63 2356 135 2388; x_wconf 88' lang='lat' dir='ltr'>Ver.</span> <span class='ocrx_word' id='word_1_240' title='bbox 163 2362 235 2391; x_wconf 80' lang='lat'><strong>970.</strong></span> <span class='ocrx_word' id='word_1_241' title='bbox 264 2373 349 2395; x_wconf 86' lang='lat' dir='ltr'>aves:</span> <span class='ocrx_word' id='word_1_242' title='bbox 377 2365 416 2396; x_wconf 90' lang='lat' dir='ltr'>V.</span> <span class='ocrx_word' id='word_1_243' title='bbox 447 2367 495 2398; x_wconf 88' lang='lat' dir='ltr'>ed.</span> <span class='ocrx_word' id='word_1_244' title='bbox 527 2375 561 2400; x_wconf 88' lang='grc' dir='ltr'>Σ.</span> <span class='ocrx_word' id='word_1_245' title='bbox 586 2371 673 2408; x_wconf 65' lang='lat' dir='ltr'>arbes,-</span> <span class='ocrx_word' id='word_1_246' title='bbox 708 2380 748 2404; x_wconf 90' lang='grc' dir='ltr'>Π.</span> 
     </span>
    </p>
   </div>
   <div class='ocr_carea' id='block_1_15' title="bbox 11 2407 751 2762">
    <p class='ocr_par' dir='ltr' id='par_1_15' title="bbox 17 2407 751 2544">
     <span class='ocr_line' id='line_1_42' title="bbox 17 2407 749 2456; baseline 0.026 -20"><span class='ocrx_word' id='word_1_247' title='bbox 17 2407 114 2445; x_wconf 68' lang='grc' dir='ltr'><em>αόεεις</em></span> <span class='ocrx_word' id='word_1_248' title='bbox 139 2410 288 2451; x_wconf 86' lang='lat' dir='ltr'>confusis,</span> <span class='ocrx_word' id='word_1_249' title='bbox 311 2421 346 2445; x_wconf 92' lang='lat' dir='ltr'>ut</span> <span class='ocrx_word' id='word_1_250' title='bbox 362 2418 488 2456; x_wconf 86' lang='lat' dir='ltr'>passim,</span> <span class='ocrx_word' id='word_1_251' title='bbox 511 2421 528 2450; x_wconf 87' lang='lat' dir='ltr'>b</span> <span class='ocrx_word' id='word_1_252' title='bbox 551 2427 582 2452; x_wconf 91' lang='lat' dir='ltr'>et</span> <span class='ocrx_word' id='word_1_253' title='bbox 602 2434 620 2453; x_wconf 89' lang='lat' dir='ltr'><em>v</em></span> <span class='ocrx_word' id='word_1_254' title='bbox 640 2423 749 2455; x_wconf 82' lang='lat' dir='ltr'>literis.</span> 
     </span>
     <span class='ocr_line' id='line_1_43' title="bbox 21 2457 751 2511; baseline 0.027 -24"><span class='ocrx_word' id='word_1_255' title='bbox 21 2457 73 2489; x_wconf 90' lang='lat' dir='ltr'>Sic</span> <span class='ocrx_word' id='word_1_256' title='bbox 98 2459 134 2490; x_wconf 88' lang='lat' dir='ltr'>in</span> <span class='ocrx_word' id='word_1_257' title='bbox 162 2461 291 2494; x_wconf 86' lang='lat' dir='ltr'>Gruteri</span> <span class='ocrx_word' id='word_1_258' title='bbox 306 2465 457 2509; x_wconf 84' lang='lat' dir='ltr'>inscriptt,</span> <span class='ocrx_word' id='word_1_259' title='bbox 480 2471 500 2502; x_wconf 82' lang='lat' dir='ltr'>i.</span> <span class='ocrx_word' id='word_1_260' title='bbox 516 2482 544 2511; x_wconf 86' lang='lat' dir='ltr'>p.</span> <span class='ocrx_word' id='word_1_261' title='bbox 561 2476 612 2504; x_wconf 77' lang='lat'>35.</span> <span class='ocrx_word' id='word_1_262' title='bbox 643 2477 666 2493; x_wconf 72' lang='lat'>‘⁶</span> <span class='ocrx_word' id='word_1_263' title='bbox 685 2475 751 2506; x_wconf 91' lang='lat' dir='ltr'>Soli</span> 
     </span>
     <span class='ocr_line' id='line_1_44' title="bbox 21 2512 207 2544; baseline 0.027 -4"><span class='ocrx_word' id='word_1_264' title='bbox 21 2512 46 2528; x_wconf 87' lang='lat'><strong><em>“</em></strong></span> <span class='ocrx_word' id='word_1_265' title='bbox 63 2512 207 2544; x_wconf 80' lang='lat' dir='ltr'>inbicto.”</span> 
     </span>
    </p>

    <p class='ocr_par' dir='ltr' id='par_1_16' title="bbox 11 2569 748 2762">
     <span class='ocr_line' id='line_1_45' title="bbox 58 2569 748 2624; baseline 0.032 -25"><span class='ocrx_word' id='word_1_266' title='bbox 58 2569 139 2602; x_wconf 78' lang='lat' dir='ltr'>Ibid.</span> <span class='ocrx_word' id='word_1_267' title='bbox 163 2572 379 2610; x_wconf 80' lang='lat' dir='ltr'>Democritus:</span> <span class='ocrx_word' id='word_1_268' title='bbox 406 2586 558 2624; x_wconf 77' lang='grc' dir='ltr'><em>Ανοημονες</em></span> <span class='ocrx_word' id='word_1_269' title='bbox 576 2599 631 2617; x_wconf 70' lang='grc' dir='ltr'>των</span> <span class='ocrx_word' id='word_1_270' title='bbox 645 2601 748 2620; x_wconf 65' lang='lat' dir='ltr'>amov-</span> 
     </span>
     <span class='ocr_line' id='line_1_46' title="bbox 15 2628 746 2682; baseline 0.031 -31"><span class='ocrx_word' id='word_1_271' title='bbox 15 2632 70 2652; x_wconf 59' lang='grc'>90,</span> <span class='ocrx_word' id='word_1_272' title='bbox 85 2636 240 2665; x_wconf 61' lang='grc' dir='ltr'>θρεγθνταί·</span> <span class='ocrx_word' id='word_1_273' title='bbox 258 2641 299 2659; x_wconf 66' lang='lat' dir='ltr'>⁸?oe</span> <span class='ocrx_word' id='word_1_274' title='bbox 314 2628 341 2661; x_wconf 67' lang='grc' dir='ltr'>δε</span> <span class='ocrx_word' id='word_1_275' title='bbox 359 2644 510 2675; x_wconf 52' lang='grc' dir='ltr'>παρξόνφκ,</span> <span class='ocrx_word' id='word_1_276' title='bbox 538 2651 588 2668; x_wconf 61' lang='grc' dir='ltr'>καί</span> <span class='ocrx_word' id='word_1_277' title='bbox 604 2650 746 2682; x_wconf 53' lang='grc' dir='ltr'><em>παρῳχη-</em></span> 
     </span>
     <span class='ocr_line' id='line_1_47' title="bbox 11 2676 744 2730; baseline 0.031 -27"><span class='ocrx_word' id='word_1_278' title='bbox 11 2684 97 2711; x_wconf 64' lang='lat' dir='ltr'>petron·</span> <span class='ocrx_word' id='word_1_279' title='bbox 138 2676 352 2725; x_wconf 63' lang='grc' dir='ltr'>κερδαλεωτερκ</span> <span class='ocrx_word' id='word_1_280' title='bbox 399 2698 491 2724; x_wconf 70' lang='grc' dir='ltr'>ξαντα,</span> <span class='ocrx_word' id='word_1_281' title='bbox 540 2690 744 2730; x_wconf 64' lang='grc' dir='ltr'>αμαλδυνεσιν.</span> 
     </span>
     <span class='ocr_line' id='line_1_48' title="bbox 16 2723 243 2762; baseline 0.044 -9"><span class='ocrx_word' id='word_1_282' title='bbox 16 2723 243 2762; x_wconf 69' lang='lat' dir='ltr'>Brun-tems.</span> 
     </span>
    </p>
   </div>
   <div class='ocr_carea' id='block_1_16' title="bbox 1 2788 743 2945">
    <p class='ocr_par' dir='ltr' id='par_1_17' title="bbox 1 2788 743 2945">
     <span class='ocr_line' id='line_1_49' title="bbox 56 2788 743 2841; baseline 0.032 -22"><span class='ocrx_word' id='word_1_283' title='bbox 56 2788 129 2822; x_wconf 81' lang='lat' dir='ltr'>Ver.</span> <span class='ocrx_word' id='word_1_284' title='bbox 147 2795 218 2825; x_wconf 88' lang='grc'><strong>971.</strong></span> <span class='ocrx_word' id='word_1_285' title='bbox 241 2797 418 2839; x_wconf 61' lang='lat' dir='ltr'>Inperfecta</span> <span class='ocrx_word' id='word_1_286' title='bbox 429 2816 440 2832; x_wconf 90' lang='lat'><strong>.·</strong></span> <span class='ocrx_word' id='word_1_287' title='bbox 468 2803 507 2834; x_wconf 89' lang='lat' dir='ltr'><strong>V.</strong></span> <span class='ocrx_word' id='word_1_288' title='bbox 523 2805 572 2836; x_wconf 81' lang='lat' dir='ltr'>ed.</span> <span class='ocrx_word' id='word_1_289' title='bbox 592 2807 629 2838; x_wconf 88' lang='lat' dir='ltr'><strong>B.</strong></span> <span class='ocrx_word' id='word_1_290' title='bbox 644 2808 682 2840; x_wconf 89' lang='lat' dir='ltr'>L.</span> <span class='ocrx_word' id='word_1_291' title='bbox 697 2810 743 2841; x_wconf 91' lang='lat' dir='ltr'><strong>M.</strong></span> 
     </span>
     <span class='ocr_line' id='line_1_50' title="bbox 12 2841 742 2901; baseline 0.032 -31"><span class='ocrx_word' id='word_1_292' title='bbox 12 2841 161 2874; x_wconf 85' lang='lat' dir='ltr'>maximae</span> <span class='ocrx_word' id='word_1_293' title='bbox 181 2850 375 2882; x_wconf 79' lang='lat' dir='ltr'>auctoritatis</span> <span class='ocrx_word' id='word_1_294' title='bbox 397 2856 598 2896; x_wconf 83' lang='lat' dir='ltr'>exemplaria,</span> <span class='ocrx_word' id='word_1_295' title='bbox 621 2862 742 2901; x_wconf 83' lang='lat' dir='ltr'>Imper-</span> 
     </span>
     <span class='ocr_line' id='line_1_51' title="bbox 1 2890 741 2945; baseline 0.032 -23"><span class='ocrx_word' id='word_1_296' title='bbox 1 2890 106 2930; x_wconf 70' lang='lat' dir='ltr'>ficte:</span> <span class='ocrx_word' id='word_1_297' title='bbox 125 2896 208 2929; x_wconf 84' lang='lat' dir='ltr'>unde</span> <span class='ocrx_word' id='word_1_298' title='bbox 218 2909 323 2933; x_wconf 85' lang='lat' dir='ltr'>versus</span> <span class='ocrx_word' id='word_1_299' title='bbox 338 2904 398 2935; x_wconf 85' lang='lat' dir='ltr'>hoc</span> <span class='ocrx_word' id='word_1_300' title='bbox 413 2907 508 2939; x_wconf 90' lang='lat' dir='ltr'>modo</span> <span class='ocrx_word' id='word_1_301' title='bbox 524 2909 651 2943; x_wconf 84' lang='lat' dir='ltr'>fortasse</span> <span class='ocrx_word' id='word_1_302' title='bbox 667 2924 741 2945; x_wconf 80' lang='lat' dir='ltr'>con-</span> 
     </span>
    </p>
   </div>
   <div class='ocr_carea' id='block_1_17' title="bbox 32 1016 762 1059">
    <p class='ocr_par' dir='ltr' id='par_1_18' title="bbox 32 1016 762 1059">
     <span class='ocr_line' id='line_1_52' title="bbox 32 1016 762 1059; baseline 0.011 -12"><span class='ocrx_word' id='word_1_303' title='bbox 32 1020 54 1035; x_wconf 89' lang='lat'><strong>“</strong></span> <span class='ocrx_word' id='word_1_304' title='bbox 69 1016 149 1054; x_wconf 86' lang='lat' dir='ltr'>cisti,</span> <span class='ocrx_word' id='word_1_305' title='bbox 171 1028 274 1059; x_wconf 88' lang='lat' dir='ltr'>neque</span> <span class='ocrx_word' id='word_1_306' title='bbox 296 1019 346 1050; x_wconf 89' lang='lat' dir='ltr'>vel</span> <span class='ocrx_word' id='word_1_307' title='bbox 369 1021 427 1051; x_wconf 88' lang='lat' dir='ltr'>hac</span> <span class='ocrx_word' id='word_1_308' title='bbox 449 1023 630 1054; x_wconf 84' lang='lat' dir='ltr'>conditione</span> <span class='ocrx_word' id='word_1_309' title='bbox 644 1024 684 1054; x_wconf 89' lang='lat' dir='ltr'>de</span> <span class='ocrx_word' id='word_1_310' title='bbox 697 1025 762 1055; x_wconf 66' lang='lat' dir='ltr'>vita</span> 
     </span>
    </p>
   </div>
   <div class='ocr_carea' id='block_1_18' title="bbox 805 920 1546 1024">
    <p class='ocr_par' dir='ltr' id='par_1_19' title="bbox 805 920 1546 1024">
     <span class='ocr_line' id='line_1_53' title="bbox 848 920 1539 966; baseline 0.023 -17"><span class='ocrx_word' id='word_1_311' title='bbox 848 920 929 951; x_wconf 91' lang='lat' dir='ltr'>Ibid.</span> <span class='ocrx_word' id='word_1_312' title='bbox 952 923 1137 966; x_wconf 79' lang='lat' dir='ltr'>ingrataque</span> <span class='ocrx_word' id='word_1_313' title='bbox 1152 930 1234 959; x_wconf 79' lang='lat' dir='ltr'>vita:</span> <span class='ocrx_word' id='word_1_314' title='bbox 1260 929 1280 960; x_wconf 89' lang='lat' dir='ltr'>i.</span> <span class='ocrx_word' id='word_1_315' title='bbox 1302 941 1328 961; x_wconf 91' lang='lat' dir='ltr'>e.</span> <span class='ocrx_word' id='word_1_316' title='bbox 1351 931 1418 962; x_wconf 87' lang='lat' dir='ltr'>sine</span> <span class='ocrx_word' id='word_1_317' title='bbox 1433 933 1539 965; x_wconf 86' lang='lat' dir='ltr'>fructu</span> 
     </span>
     <span class='ocr_line' id='line_1_54' title="bbox 805 974 1546 1024; baseline 0.023 -22"><span class='ocrx_word' id='word_1_318' title='bbox 805 979 836 1003; x_wconf 89' lang='lat' dir='ltr'>et</span> <span class='ocrx_word' id='word_1_319' title='bbox 850 974 1070 1014; x_wconf 66' lang='lat' dir='ltr'>voluptatibus</span> <span class='ocrx_word' id='word_1_320' title='bbox 1114 979 1282 1021; x_wconf 88' lang='lat' dir='ltr'>Horatius,</span> <span class='ocrx_word' id='word_1_321' title='bbox 1299 984 1387 1024; x_wconf 87' lang='lat' dir='ltr'>epist.</span> <span class='ocrx_word' id='word_1_322' title='bbox 1407 985 1426 1016; x_wconf 84' lang='lat' dir='ltr'>i.</span> <span class='ocrx_word' id='word_1_323' title='bbox 1446 990 1473 1017; x_wconf 86' lang='lat'><strong>1.</strong></span> <span class='ocrx_word' id='word_1_324' title='bbox 1491 990 1546 1019; x_wconf 78' lang='lat'>25.</span> 
     </span>
    </p>
   </div>
   <div class='ocr_carea' id='block_1_19' title="bbox 820 1049 1524 1093">
    <p class='ocr_par' dir='ltr' id='par_1_20' title="bbox 820 1049 1524 1093">
     <span class='ocr_line' id='line_1_55' title="bbox 820 1049 1524 1093; baseline 0.021 -20"><span class='ocrx_word' id='word_1_325' title='bbox 820 1049 861 1074; x_wconf 88' lang='lat' dir='ltr'>Sic</span> <span class='ocrx_word' id='word_1_326' title='bbox 873 1050 941 1074; x_wconf 80' lang='lat' dir='ltr'>mihi</span> <span class='ocrx_word' id='word_1_327' title='bbox 951 1052 1028 1077; x_wconf 85' lang='lat' dir='ltr'>tarda</span> <span class='ocrx_word' id='word_1_328' title='bbox 1038 1053 1138 1085; x_wconf 90' lang='lat' dir='ltr'>fluunt,</span> <span class='ocrx_word' id='word_1_329' title='bbox 1150 1055 1317 1090; x_wconf 82' lang='lat' dir='ltr'>ingrataque,</span> <span class='ocrx_word' id='word_1_330' title='bbox 1328 1062 1524 1093; x_wconf 84' lang='lat' dir='ltr'>tempora—.</span> 
     </span>
    </p>
   </div>
   <div class='ocr_carea' id='block_1_20' title="bbox 798 1107 1539 1550">
    <p class='ocr_par' dir='ltr' id='par_1_21' title="bbox 798 1107 1539 1550">
     <span class='ocr_line' id='line_1_56' title="bbox 806 1107 1539 1152; baseline 0.02 -15"><span class='ocrx_word' id='word_1_331' title='bbox 806 1107 942 1147; x_wconf 86' lang='lat' dir='ltr'>Optime,</span> <span class='ocrx_word' id='word_1_332' title='bbox 971 1117 1002 1141; x_wconf 87' lang='lat' dir='ltr'>et</span> <span class='ocrx_word' id='word_1_333' title='bbox 1016 1111 1057 1142; x_wconf 85' lang='lat' dir='ltr'>ad</span> <span class='ocrx_word' id='word_1_334' title='bbox 1080 1122 1149 1144; x_wconf 86' lang='lat' dir='ltr'>rem</span> <span class='ocrx_word' id='word_1_335' title='bbox 1163 1121 1304 1146; x_wconf 77' lang='lat' dir='ltr'>nostram</span> <span class='ocrx_word' id='word_1_336' title='bbox 1319 1120 1539 1152; x_wconf 83' lang='lat' dir='ltr'>accommoda-</span> 
     </span>
     <span class='ocr_line' id='line_1_57' title="bbox 802 1158 1538 1213; baseline 0.022 -26"><span class='ocrx_word' id='word_1_337' title='bbox 802 1158 928 1196; x_wconf 78' lang='lat' dir='ltr'>tissime,</span> <span class='ocrx_word' id='word_1_338' title='bbox 941 1161 1130 1202; x_wconf 88' lang='lat' dir='ltr'>Eumenius,</span> <span class='ocrx_word' id='word_1_339' title='bbox 1146 1175 1259 1207; x_wconf 82' lang='lat' dir='ltr'>paneg.</span> <span class='ocrx_word' id='word_1_340' title='bbox 1276 1168 1439 1201; x_wconf 85' lang='lat' dir='ltr'>Constant.</span> <span class='ocrx_word' id='word_1_341' title='bbox 1451 1172 1538 1213; x_wconf 79' lang='lat' dir='ltr'>Aug.</span> 
     </span>
     <span class='ocr_line' id='line_1_58' title="bbox 799 1215 1539 1257; baseline 0.022 -17"><span class='ocrx_word' id='word_1_342' title='bbox 799 1217 870 1242; x_wconf 88' lang='lat' dir='ltr'>sect.</span> <span class='ocrx_word' id='word_1_343' title='bbox 888 1215 936 1243; x_wconf 87' lang='lat'><strong>15.</strong></span> <span class='ocrx_word' id='word_1_344' title='bbox 962 1217 984 1232; x_wconf 89' lang='lat'><strong>“</strong></span> <span class='ocrx_word' id='word_1_345' title='bbox 1002 1215 1116 1251; x_wconf 84' lang='lat' dir='ltr'>Nullis,</span> <span class='ocrx_word' id='word_1_346' title='bbox 1139 1223 1175 1247; x_wconf 88' lang='lat' dir='ltr'>ut</span> <span class='ocrx_word' id='word_1_347' title='bbox 1197 1229 1245 1249; x_wconf 85' lang='lat' dir='ltr'>res</span> <span class='ocrx_word' id='word_1_348' title='bbox 1269 1226 1324 1257; x_wconf 86' lang='lat' dir='ltr'>est,</span> <span class='ocrx_word' id='word_1_349' title='bbox 1355 1225 1539 1255; x_wconf 87' lang='lat' dir='ltr'>muneribus</span> 
     </span>
     <span class='ocr_line' id='line_1_59' title="bbox 800 1261 1535 1312; baseline 0.022 -22"><span class='ocrx_word' id='word_1_350' title='bbox 800 1264 822 1279; x_wconf 80' lang='lat'>‘⁴</span> <span class='ocrx_word' id='word_1_351' title='bbox 838 1261 974 1293; x_wconf 75' lang='lat' dir='ltr'>fortunae</span> <span class='ocrx_word' id='word_1_352' title='bbox 995 1265 1172 1304; x_wconf 83' lang='lat' dir='ltr'>explentur,</span> <span class='ocrx_word' id='word_1_353' title='bbox 1196 1279 1332 1309; x_wconf 88' lang='lat' dir='ltr'>quorum</span> <span class='ocrx_word' id='word_1_354' title='bbox 1349 1274 1535 1312; x_wconf 85' lang='lat' dir='ltr'>cupiditates</span> 
     </span>
     <span class='ocr_line' id='line_1_60' title="bbox 801 1313 1538 1362; baseline 0.024 -22"><span class='ocrx_word' id='word_1_355' title='bbox 801 1314 823 1330; x_wconf 73' lang='lat'>‘⁶</span> <span class='ocrx_word' id='word_1_356' title='bbox 836 1313 915 1343; x_wconf 89' lang='lat' dir='ltr'>ratio</span> <span class='ocrx_word' id='word_1_357' title='bbox 930 1324 994 1345; x_wconf 91' lang='lat' dir='ltr'>non</span> <span class='ocrx_word' id='word_1_358' title='bbox 1010 1317 1173 1356; x_wconf 80' lang='lat' dir='ltr'>terminat3</span> <span class='ocrx_word' id='word_1_359' title='bbox 1198 1326 1291 1362; x_wconf 88' lang='lat' dir='ltr'>atque</span> <span class='ocrx_word' id='word_1_360' title='bbox 1322 1323 1366 1354; x_wconf 79' lang='lat' dir='ltr'>ita</span> <span class='ocrx_word' id='word_1_361' title='bbox 1395 1335 1447 1355; x_wconf 87' lang='lat' dir='ltr'>eos</span> <span class='ocrx_word' id='word_1_362' title='bbox 1468 1326 1538 1357; x_wconf 76' lang='lat' dir='ltr'>seli-</span> 
     </span>
     <span class='ocr_line' id='line_1_61' title="bbox 799 1363 1534 1419; baseline 0.024 -27"><span class='ocrx_word' id='word_1_363' title='bbox 799 1366 821 1380; x_wconf 90' lang='lat'><strong>“</strong></span> <span class='ocrx_word' id='word_1_364' title='bbox 837 1363 913 1395; x_wconf 84' lang='lat' dir='ltr'>citas</span> <span class='ocrx_word' id='word_1_365' title='bbox 927 1368 1053 1407; x_wconf 79' lang='lat' dir='ltr'>ingrata</span> <span class='ocrx_word' id='word_1_366' title='bbox 1070 1371 1258 1409; x_wconf 83' lang='lat' dir='ltr'>subterfluit,</span> <span class='ocrx_word' id='word_1_367' title='bbox 1281 1381 1318 1404; x_wconf 91' lang='lat' dir='ltr'>ut</span> <span class='ocrx_word' id='word_1_368' title='bbox 1333 1386 1455 1417; x_wconf 80' lang='lat' dir='ltr'>semper</span> <span class='ocrx_word' id='word_1_369' title='bbox 1469 1379 1534 1419; x_wconf 83' lang='lat' dir='ltr'>ple-</span> 
     </span>
     <span class='ocr_line' id='line_1_62' title="bbox 799 1415 1534 1470; baseline 0.024 -26"><span class='ocrx_word' id='word_1_370' title='bbox 799 1417 822 1432; x_wconf 92' lang='lat'><strong>“</strong></span> <span class='ocrx_word' id='word_1_371' title='bbox 837 1415 870 1445; x_wconf 89' lang='lat' dir='ltr'>ni</span> <span class='ocrx_word' id='word_1_372' title='bbox 895 1427 1032 1457; x_wconf 87' lang='lat' dir='ltr'>sperum,</span> <span class='ocrx_word' id='word_1_373' title='bbox 1057 1422 1147 1452; x_wconf 87' lang='lat' dir='ltr'>vacui</span> <span class='ocrx_word' id='word_1_374' title='bbox 1172 1427 1424 1466; x_wconf 87' lang='lat' dir='ltr'>commodorum,</span> <span class='ocrx_word' id='word_1_375' title='bbox 1454 1441 1534 1470; x_wconf 70' lang='lat' dir='ltr'>prae-</span> 
     </span>
     <span class='ocr_line' id='line_1_63' title="bbox 798 1469 1535 1522; baseline 0.024 -26"><span class='ocrx_word' id='word_1_376' title='bbox 798 1469 821 1484; x_wconf 85' lang='lat'><strong>“</strong></span> <span class='ocrx_word' id='word_1_377' title='bbox 838 1469 977 1501; x_wconf 85' lang='lat' dir='ltr'>sentibus</span> <span class='ocrx_word' id='word_1_378' title='bbox 999 1480 1136 1510; x_wconf 87' lang='lat' dir='ltr'>careant,</span> <span class='ocrx_word' id='word_1_379' title='bbox 1160 1474 1240 1507; x_wconf 92' lang='lat' dir='ltr'>dum</span> <span class='ocrx_word' id='word_1_380' title='bbox 1263 1477 1371 1510; x_wconf 87' lang='lat' dir='ltr'>futura</span> <span class='ocrx_word' id='word_1_381' title='bbox 1392 1491 1535 1522; x_wconf 88' lang='lat' dir='ltr'>prospec-</span> 
     </span>
     <span class='ocr_line' id='line_1_64' title="bbox 800 1520 938 1550; baseline 0.029 -3"><span class='ocrx_word' id='word_1_382' title='bbox 800 1520 821 1536; x_wconf 91' lang='lat'><strong>“</strong></span> <span class='ocrx_word' id='word_1_383' title='bbox 838 1521 938 1550; x_wconf 86' lang='lat' dir='ltr'>tant.’&#39;</span> 
     </span>
    </p>
   </div>
   <div class='ocr_carea' id='block_1_21' title="bbox 799 1571 1532 1661">
    <p class='ocr_par' dir='ltr' id='par_1_22' title="bbox 799 1571 1532 1661">
     <span class='ocr_line' id='line_1_65' title="bbox 842 1571 1532 1621; baseline 0.026 -20"><span class='ocrx_word' id='word_1_384' title='bbox 842 1571 917 1602; x_wconf 82' lang='lat' dir='ltr'>Ver.</span> <span class='ocrx_word' id='word_1_385' title='bbox 937 1577 1007 1606; x_wconf 79' lang='lat'><strong>972.</strong></span> <span class='ocrx_word' id='word_1_386' title='bbox 1024 1577 1186 1617; x_wconf 74' lang='lat' dir='ltr'>opinanti.-</span> <span class='ocrx_word' id='word_1_387' title='bbox 1213 1581 1250 1612; x_wconf 91' lang='lat' dir='ltr'><strong>P.</strong></span> <span class='ocrx_word' id='word_1_388' title='bbox 1264 1582 1295 1613; x_wconf 87' lang='lat' dir='ltr'>V</span> <span class='ocrx_word' id='word_1_389' title='bbox 1296 1582 1364 1615; x_wconf 85' lang='lat' dir='ltr'>ind.</span> <span class='ocrx_word' id='word_1_390' title='bbox 1383 1585 1422 1616; x_wconf 91' lang='lat' dir='ltr'><strong>O.</strong></span> <span class='ocrx_word' id='word_1_391' title='bbox 1443 1592 1483 1619; x_wconf 87' lang='grc' dir='ltr'>Π.</span> <span class='ocrx_word' id='word_1_392' title='bbox 1499 1593 1532 1621; x_wconf 77' lang='grc' dir='ltr'>Σ.</span> 
     </span>
     <span class='ocr_line' id='line_1_66' title="bbox 799 1624 931 1661; baseline 0.03 -10"><span class='ocrx_word' id='word_1_393' title='bbox 799 1624 931 1661; x_wconf 72' lang='grc' dir='ltr'>ορίηαΐῒ.</span> 
     </span>
    </p>
   </div>
   <div class='ocr_carea' id='block_1_22' title="bbox 800 1676 1532 1769">
    <p class='ocr_par' dir='ltr' id='par_1_23' title="bbox 800 1676 1532 1769">
     <span class='ocr_line' id='line_1_67' title="bbox 842 1676 1532 1730; baseline 0.028 -26"><span class='ocrx_word' id='word_1_394' title='bbox 842 1676 926 1707; x_wconf 89' lang='lat' dir='ltr'>Ibid.</span> <span class='ocrx_word' id='word_1_395' title='bbox 942 1680 984 1708; x_wconf 77' lang='lat' dir='ltr'>ad</span> <span class='ocrx_word' id='word_1_396' title='bbox 999 1687 1093 1720; x_wconf 79' lang='lat' dir='ltr'>caput</span> <span class='ocrx_word' id='word_1_397' title='bbox 1108 1685 1240 1716; x_wconf 72' lang='lat' dir='ltr'>adstitit.</span> <span class='ocrx_word' id='word_1_398' title='bbox 1262 1687 1306 1717; x_wconf 81' lang='lat' dir='ltr'>Et</span> <span class='ocrx_word' id='word_1_399' title='bbox 1323 1688 1478 1730; x_wconf 81' lang='lat' dir='ltr'>Virgilius</span> <span class='ocrx_word' id='word_1_400' title='bbox 1493 1692 1532 1722; x_wconf 88' lang='lat' dir='ltr'>si-</span> 
     </span>
     <span class='ocr_line' id='line_1_68' title="bbox 800 1726 1162 1769; baseline 0.033 -14"><span class='ocrx_word' id='word_1_401' title='bbox 800 1726 924 1764; x_wconf 82' lang='lat' dir='ltr'>militer,</span> <span class='ocrx_word' id='word_1_402' title='bbox 947 1740 1017 1769; x_wconf 85' lang='lat' dir='ltr'>geo.</span> <span class='ocrx_word' id='word_1_403' title='bbox 1032 1731 1071 1763; x_wconf 89' lang='lat' dir='ltr'>iv.</span> <span class='ocrx_word' id='word_1_404' title='bbox 1089 1737 1162 1767; x_wconf 83' lang='lat'><strong>319.</strong></span> 
     </span>
    </p>
   </div>
   <div class='ocr_carea' id='block_1_23' title="bbox 816 1794 1506 1837">
    <p class='ocr_par' dir='ltr' id='par_1_24' title="bbox 816 1794 1506 1837">
     <span class='ocr_line' id='line_1_69' title="bbox 816 1794 1506 1837; baseline 0.028 -20"><span class='ocrx_word' id='word_1_405' title='bbox 816 1794 912 1819; x_wconf 74' lang='lat' dir='ltr'>Tristis</span> <span class='ocrx_word' id='word_1_406' title='bbox 921 1796 957 1821; x_wconf 79' lang='lat' dir='ltr'>ad</span> <span class='ocrx_word' id='word_1_407' title='bbox 967 1800 1087 1824; x_wconf 76' lang='lat' dir='ltr'>extremi</span> <span class='ocrx_word' id='word_1_408' title='bbox 1097 1808 1203 1828; x_wconf 87' lang='lat' dir='ltr'>sacrum</span> <span class='ocrx_word' id='word_1_409' title='bbox 1215 1809 1292 1837; x_wconf 79' lang='lat' dir='ltr'>caput</span> <span class='ocrx_word' id='word_1_410' title='bbox 1301 1807 1402 1833; x_wconf 80' lang='lat' dir='ltr'>adstitit</span> <span class='ocrx_word' id='word_1_411' title='bbox 1410 1811 1506 1837; x_wconf 79' lang='lat' dir='ltr'>amnis.</span> 
     </span>
    </p>
   </div>
   <div class='ocr_carea' id='block_1_24' title="bbox 794 1850 1531 2014">
    <p class='ocr_par' dir='ltr' id='par_1_25' title="bbox 794 1850 1531 2014">
     <span class='ocr_line' id='line_1_70' title="bbox 797 1850 1531 1909; baseline 0.029 -29"><span class='ocrx_word' id='word_1_412' title='bbox 797 1850 916 1883; x_wconf 82' lang='lat' dir='ltr'>Versus</span> <span class='ocrx_word' id='word_1_413' title='bbox 931 1856 1027 1886; x_wconf 87' lang='lat' dir='ltr'>etiam</span> <span class='ocrx_word' id='word_1_414' title='bbox 1042 1858 1189 1897; x_wconf 89' lang='lat' dir='ltr'>pulchros</span> <span class='ocrx_word' id='word_1_415' title='bbox 1203 1863 1380 1902; x_wconf 84' lang='lat' dir='ltr'>Juvenalis,</span> <span class='ocrx_word' id='word_1_416' title='bbox 1397 1873 1428 1898; x_wconf 89' lang='lat' dir='ltr'>et</span> <span class='ocrx_word' id='word_1_417' title='bbox 1443 1879 1531 1909; x_wconf 86' lang='lat' dir='ltr'>egre-</span> 
     </span>
     <span class='ocr_line' id='line_1_71' title="bbox 794 1902 1530 1953; baseline 0.031 -23"><span class='ocrx_word' id='word_1_418' title='bbox 794 1902 846 1942; x_wconf 87' lang='lat' dir='ltr'>gie</span> <span class='ocrx_word' id='word_1_419' title='bbox 862 1913 1009 1945; x_wconf 82' lang='lat' dir='ltr'>moratos,</span> <span class='ocrx_word' id='word_1_420' title='bbox 1026 1918 1084 1939; x_wconf 88' lang='lat' dir='ltr'>nec</span> <span class='ocrx_word' id='word_1_421' title='bbox 1102 1911 1251 1944; x_wconf 86' lang='lat' dir='ltr'>Lucretio</span> <span class='ocrx_word' id='word_1_422' title='bbox 1263 1915 1450 1950; x_wconf 86' lang='lat' dir='ltr'>illustrando</span> <span class='ocrx_word' id='word_1_423' title='bbox 1464 1932 1530 1953; x_wconf 88' lang='lat' dir='ltr'>nou</span> 
     </span>
     <span class='ocr_line' id='line_1_72' title="bbox 796 1954 1531 2014; baseline 0.03 -31"><span class='ocrx_word' id='word_1_424' title='bbox 796 1954 938 1994; x_wconf 88' lang='lat' dir='ltr'>impense</span> <span class='ocrx_word' id='word_1_425' title='bbox 948 1962 1142 2002; x_wconf 88' lang='lat' dir='ltr'>commodos,</span> <span class='ocrx_word' id='word_1_426' title='bbox 1155 1965 1402 2008; x_wconf 86' lang='lat' dir='ltr'>admovebimus,</span> <span class='ocrx_word' id='word_1_427' title='bbox 1417 1979 1454 2003; x_wconf 86' lang='lat' dir='ltr'>ut</span> <span class='ocrx_word' id='word_1_428' title='bbox 1465 1976 1531 2014; x_wconf 85' lang='lat' dir='ltr'>pri-</span> 
     </span>
    </p>
   </div>
   <div class='ocr_carea' id='block_1_25' title="bbox 796 2005 1529 2088">
    <p class='ocr_par' dir='ltr' id='par_1_26' title="bbox 796 2005 1529 2088">
     <span class='ocr_line' id='line_1_73' title="bbox 796 2005 1529 2058; baseline 0.033 -24"><span class='ocrx_word' id='word_1_429' title='bbox 796 2015 831 2034; x_wconf 92' lang='lat' dir='ltr'>or</span> <span class='ocrx_word' id='word_1_430' title='bbox 845 2005 967 2039; x_wconf 86' lang='lat' dir='ltr'>dudum</span> <span class='ocrx_word' id='word_1_431' title='bbox 983 2010 1067 2043; x_wconf 86' lang='lat' dir='ltr'>Pius.</span> <span class='ocrx_word' id='word_1_432' title='bbox 1112 2014 1246 2057; x_wconf 84' lang='lat' dir='ltr'>Legitur</span> <span class='ocrx_word' id='word_1_433' title='bbox 1259 2018 1346 2051; x_wconf 87' lang='lat' dir='ltr'>locus</span> <span class='ocrx_word' id='word_1_434' title='bbox 1369 2023 1404 2053; x_wconf 89' lang='lat' dir='ltr'>in</span> <span class='ocrx_word' id='word_1_435' title='bbox 1420 2031 1474 2056; x_wconf 86' lang='lat' dir='ltr'>sat.</span> <span class='ocrx_word' id='word_1_436' title='bbox 1489 2027 1529 2058; x_wconf 85' lang='lat' dir='ltr'>ix.</span> 
     </span>
     <span class='ocr_line' id='line_1_74' title="bbox 797 2058 871 2088; baseline 0.054 -3"><span class='ocrx_word' id='word_1_437' title='bbox 797 2058 809 2085; x_wconf 89' lang='lat'>1</span> <span class='ocrx_word' id='word_1_438' title='bbox 820 2060 871 2088; x_wconf 76' lang='lat'>25.</span> 
     </span>
    </p>
   </div>
   <div class='ocr_carea' id='block_1_26' title="bbox 808 2130 1527 2207">
    <p class='ocr_par' dir='ltr' id='par_1_27' title="bbox 808 2130 1527 2207">
     <span class='ocr_line' id='line_1_75' title="bbox 808 2130 1527 2184; baseline 0.033 -31"><span class='ocrx_word' id='word_1_439' title='bbox 808 2130 884 2156; x_wconf 83' lang='lat' dir='ltr'>Nunc</span> <span class='ocrx_word' id='word_1_440' title='bbox 895 2132 963 2158; x_wconf 87' lang='lat' dir='ltr'>mihi</span> <span class='ocrx_word' id='word_1_441' title='bbox 973 2136 1039 2166; x_wconf 79' lang='lat' dir='ltr'>quid</span> <span class='ocrx_word' id='word_1_442' title='bbox 1054 2140 1148 2165; x_wconf 72' lang='lat' dir='ltr'>suades</span> <span class='ocrx_word' id='word_1_443' title='bbox 1164 2146 1224 2173; x_wconf 87' lang='lat' dir='ltr'>post</span> <span class='ocrx_word' id='word_1_444' title='bbox 1236 2144 1369 2172; x_wconf 84' lang='lat' dir='ltr'>damnum</span> <span class='ocrx_word' id='word_1_445' title='bbox 1386 2151 1527 2184; x_wconf 69' lang='lat' dir='ltr'>temporis,</span> 
     </span>
     <span class='ocr_line' id='line_1_76' title="bbox 904 2177 1001 2207; baseline 0.031 -9"><span class='ocrx_word' id='word_1_446' title='bbox 904 2177 932 2198; x_wconf 77' lang='lat' dir='ltr'>et</span> <span class='ocrx_word' id='word_1_447' title='bbox 943 2181 1001 2207; x_wconf 68' lang='lat' dir='ltr'>spes</span> 
     </span>
    </p>
   </div>
   <div class='ocr_carea' id='block_1_27' title="bbox 805 2210 1447 2257">
    <p class='ocr_par' dir='ltr' id='par_1_28' title="bbox 805 2210 1447 2257">
     <span class='ocr_line' id='line_1_77' title="bbox 805 2210 1447 2257; baseline 0.036 -24"><span class='ocrx_word' id='word_1_448' title='bbox 805 2210 953 2243; x_wconf 80' lang='lat' dir='ltr'>Deceptas?</span> <span class='ocrx_word' id='word_1_449' title='bbox 973 2216 1093 2243; x_wconf 85' lang='lat' dir='ltr'>Festinat</span> <span class='ocrx_word' id='word_1_450' title='bbox 1106 2221 1180 2246; x_wconf 88' lang='lat' dir='ltr'>enim</span> <span class='ocrx_word' id='word_1_451' title='bbox 1191 2223 1345 2257; x_wconf 85' lang='lat' dir='ltr'>decurrere,</span> <span class='ocrx_word' id='word_1_452' title='bbox 1364 2229 1447 2256; x_wconf 78' lang='lat' dir='ltr'>velox</span> 
     </span>
    </p>
   </div>
   <div class='ocr_carea' id='block_1_28' title="bbox 805 2250 1509 2298">
    <p class='ocr_par' dir='ltr' id='par_1_29' title="bbox 805 2250 1509 2298">
     <span class='ocr_line' id='line_1_78' title="bbox 805 2250 1509 2298; baseline 0.036 -25"><span class='ocrx_word' id='word_1_453' title='bbox 805 2250 950 2284; x_wconf 62' lang='lat' dir='ltr'>flosculus,</span> <span class='ocrx_word' id='word_1_454' title='bbox 967 2262 1091 2288; x_wconf 81' lang='lat' dir='ltr'>angustae</span> <span class='ocrx_word' id='word_1_455' title='bbox 1102 2262 1263 2295; x_wconf 65' lang='lat' dir='ltr'>miseraeque</span> <span class='ocrx_word' id='word_1_456' title='bbox 1275 2267 1430 2295; x_wconf 86' lang='lat' dir='ltr'>brevissima</span> <span class='ocrx_word' id='word_1_457' title='bbox 1441 2272 1509 2298; x_wconf 81' lang='lat' dir='ltr'>vitae</span> 
     </span>
    </p>
   </div>
   <div class='ocr_carea' id='block_1_29' title="bbox 804 2291 1521 2366">
    <p class='ocr_par' dir='ltr' id='par_1_30' title="bbox 804 2291 1521 2366">
     <span class='ocr_line' id='line_1_79' title="bbox 804 2291 1521 2345; baseline 0.036 -32"><span class='ocrx_word' id='word_1_458' title='bbox 804 2291 908 2317; x_wconf 70' lang='lat' dir='ltr'>portio:</span> <span class='ocrx_word' id='word_1_459' title='bbox 925 2294 991 2321; x_wconf 88' lang='lat' dir='ltr'>dum</span> <span class='ocrx_word' id='word_1_460' title='bbox 1003 2297 1125 2332; x_wconf 83' lang='lat' dir='ltr'>bibimus,</span> <span class='ocrx_word' id='word_1_461' title='bbox 1136 2303 1204 2329; x_wconf 88' lang='lat' dir='ltr'>dum</span> <span class='ocrx_word' id='word_1_462' title='bbox 1215 2310 1296 2338; x_wconf 83' lang='lat' dir='ltr'>serta,</span> <span class='ocrx_word' id='word_1_463' title='bbox 1308 2315 1461 2343; x_wconf 78' lang='lat' dir='ltr'>unguenta,</span> <span class='ocrx_word' id='word_1_464' title='bbox 1472 2321 1521 2345; x_wconf 78' lang='lat' dir='ltr'>pu·</span> 
     </span>
     <span class='ocr_line' id='line_1_80' title="bbox 904 2333 977 2366; baseline 0.014 -7"><span class='ocrx_word' id='word_1_465' title='bbox 904 2333 977 2366; x_wconf 65' lang='lat' dir='ltr'>tellas,</span> 
     </span>
    </p>
   </div>
   <div class='ocr_carea' id='block_1_30' title="bbox 808 2375 1439 2418">
    <p class='ocr_par' dir='ltr' id='par_1_31' title="bbox 808 2375 1439 2418">
     <span class='ocr_line' id='line_1_81' title="bbox 808 2375 1439 2418; baseline 0.035 -21"><span class='ocrx_word' id='word_1_466' title='bbox 808 2375 954 2408; x_wconf 73' lang='lat' dir='ltr'>poscimus,</span> <span class='ocrx_word' id='word_1_467' title='bbox 971 2379 1075 2413; x_wconf 82' lang='lat' dir='ltr'>obrepit</span> <span class='ocrx_word' id='word_1_468' title='bbox 1090 2389 1145 2409; x_wconf 91' lang='lat' dir='ltr'>non</span> <span class='ocrx_word' id='word_1_469' title='bbox 1156 2386 1295 2415; x_wconf 82' lang='lat' dir='ltr'>intellecta</span> <span class='ocrx_word' id='word_1_470' title='bbox 1306 2396 1439 2418; x_wconf 79' lang='lat' dir='ltr'>senectus,</span> 
     </span>
    </p>
   </div>
   <div class='ocr_carea' id='block_1_31' title="bbox 789 2445 1524 2873">
    <p class='ocr_par' dir='ltr' id='par_1_32' title="bbox 792 2445 1524 2641">
     <span class='ocr_line' id='line_1_82' title="bbox 796 2445 1524 2506; baseline 0.036 -32"><span class='ocrx_word' id='word_1_471' title='bbox 796 2445 847 2476; x_wconf 87' lang='lat' dir='ltr'>Ita</span> <span class='ocrx_word' id='word_1_472' title='bbox 862 2447 948 2480; x_wconf 70' lang='lat' dir='ltr'>locus</span> <span class='ocrx_word' id='word_1_473' title='bbox 969 2451 1028 2484; x_wconf 86' lang='lat' dir='ltr'>iste</span> <span class='ocrx_word' id='word_1_474' title='bbox 1049 2454 1202 2500; x_wconf 86' lang='lat' dir='ltr'>distingui</span> <span class='ocrx_word' id='word_1_475' title='bbox 1218 2461 1312 2494; x_wconf 89' lang='lat' dir='ltr'>debet</span> <span class='ocrx_word' id='word_1_476' title='bbox 1321 2476 1330 2502; x_wconf 81' lang='lat'><em>3</em></span> <span class='ocrx_word' id='word_1_477' title='bbox 1346 2475 1449 2506; x_wconf 91' lang='lat' dir='ltr'>neque</span> <span class='ocrx_word' id='word_1_478' title='bbox 1467 2468 1524 2499; x_wconf 83' lang='lat' dir='ltr'>ali·</span> 
     </span>
     <span class='ocr_line' id='line_1_83' title="bbox 793 2498 1524 2561; baseline 0.036 -34"><span class='ocrx_word' id='word_1_479' title='bbox 793 2498 838 2529; x_wconf 93' lang='lat' dir='ltr'>ud</span> <span class='ocrx_word' id='word_1_480' title='bbox 852 2500 1031 2536; x_wconf 84' lang='lat' dir='ltr'>volebamus</span> <span class='ocrx_word' id='word_1_481' title='bbox 1056 2518 1157 2550; x_wconf 86' lang='lat' dir='ltr'>nuper</span> <span class='ocrx_word' id='word_1_482' title='bbox 1171 2510 1221 2544; x_wconf 82' lang='lat' dir='ltr'>&#39;ad</span> <span class='ocrx_word' id='word_1_483' title='bbox 1250 2515 1323 2547; x_wconf 83' lang='lat' dir='ltr'>silv.</span> <span class='ocrx_word' id='word_1_484' title='bbox 1351 2517 1427 2550; x_wconf 84' lang='lat' dir='ltr'>Crit.</span> <span class='ocrx_word' id='word_1_485' title='bbox 1443 2530 1470 2553; x_wconf 89' lang='lat' dir='ltr'><strong>v.</strong></span> <span class='ocrx_word' id='word_1_486' title='bbox 1495 2533 1524 2561; x_wconf 88' lang='lat' dir='ltr'>p.</span> 
     </span>
     <span class='ocr_line' id='line_1_84' title="bbox 797 2552 1523 2607; baseline 0.034 -29"><span class='ocrx_word' id='word_1_487' title='bbox 797 2552 865 2581; x_wconf 84' lang='lat'><strong>155.</strong></span> <span class='ocrx_word' id='word_1_488' title='bbox 887 2554 940 2584; x_wconf 87' lang='lat' dir='ltr'>sed</span> <span class='ocrx_word' id='word_1_489' title='bbox 964 2566 1020 2588; x_wconf 87' lang='lat' dir='ltr'>nos</span> <span class='ocrx_word' id='word_1_490' title='bbox 1035 2569 1202 2600; x_wconf 87' lang='lat' dir='ltr'>operarum</span> <span class='ocrx_word' id='word_1_491' title='bbox 1225 2566 1418 2607; x_wconf 85' lang='lat' dir='ltr'>negligentia</span> <span class='ocrx_word' id='word_1_492' title='bbox 1433 2570 1523 2603; x_wconf 87' lang='lat' dir='ltr'>dece-</span> 
     </span>
     <span class='ocr_line' id='line_1_85' title="bbox 792 2602 846 2641; baseline 0.056 -11"><span class='ocrx_word' id='word_1_493' title='bbox 792 2602 846 2641; x_wconf 87' lang='lat' dir='ltr'>pit.</span> 
     </span>
    </p>

    <p class='ocr_par' dir='ltr' id='par_1_33' title="bbox 789 2656 1521 2873">
     <span class='ocr_line' id='line_1_86' title="bbox 836 2656 1518 2710; baseline 0.035 -24"><span class='ocrx_word' id='word_1_494' title='bbox 836 2656 909 2689; x_wconf 85' lang='lat' dir='ltr'>Ver.</span> <span class='ocrx_word' id='word_1_495' title='bbox 927 2663 996 2693; x_wconf 76' lang='lat'><strong>975.</strong></span> <span class='ocrx_word' id='word_1_496' title='bbox 1013 2676 1067 2696; x_wconf 85' lang='lat' dir='ltr'>ac:</span> <span class='ocrx_word' id='word_1_497' title='bbox 1096 2674 1137 2699; x_wconf 86' lang='lat'>11.</span> <span class='ocrx_word' id='word_1_498' title='bbox 1151 2674 1387 2706; x_wconf 77' lang='lat' dir='ltr'>ec.—discedere</span> <span class='ocrx_word' id='word_1_499' title='bbox 1398 2688 1499 2710; x_wconf 83' lang='lat' dir='ltr'>rerum</span> <span class='ocrx_word' id='word_1_500' title='bbox 1507 2693 1518 2710; x_wconf 86' lang='lat'><strong>.-</strong></span> 
     </span>
     <span class='ocr_line' id='line_1_87' title="bbox 793 2711 1520 2770; baseline 0.036 -33"><span class='ocrx_word' id='word_1_501' title='bbox 793 2713 828 2738; x_wconf 88' lang='grc' dir='ltr'>Δ.</span> <span class='ocrx_word' id='word_1_502' title='bbox 851 2711 1022 2746; x_wconf 77' lang='lat' dir='ltr'>discernere</span> <span class='ocrx_word' id='word_1_503' title='bbox 1037 2729 1158 2756; x_wconf 82' lang='lat' dir='ltr'>verum,-</span> <span class='ocrx_word' id='word_1_504' title='bbox 1185 2724 1271 2756; x_wconf 88' lang='lat' dir='ltr'>haud</span> <span class='ocrx_word' id='word_1_505' title='bbox 1291 2726 1420 2767; x_wconf 53' lang='lat' dir='ltr'>illepide</span> <span class='ocrx_word' id='word_1_506' title='bbox 1435 2739 1520 2770; x_wconf 88' lang='lat' dir='ltr'>pror-</span> 
     </span>
     <span class='ocr_line' id='line_1_88' title="bbox 790 2763 1521 2814; baseline 0.037 -26"><span class='ocrx_word' id='word_1_507' title='bbox 790 2769 843 2790; x_wconf 84' lang='lat' dir='ltr'>sus</span> <span class='ocrx_word' id='word_1_508' title='bbox 857 2763 1060 2799; x_wconf 84' lang='lat' dir='ltr'>aberratione.</span> <span class='ocrx_word' id='word_1_509' title='bbox 1088 2771 1257 2813; x_wconf 86' lang='lat' dir='ltr'>Caeterum‚</span> <span class='ocrx_word' id='word_1_510' title='bbox 1274 2778 1410 2811; x_wconf 87' lang='lat' dir='ltr'>similem</span> <span class='ocrx_word' id='word_1_511' title='bbox 1421 2787 1521 2814; x_wconf 81' lang='lat' dir='ltr'>trans-</span> 
     </span>
     <span class='ocr_line' id='line_1_89' title="bbox 789 2810 1520 2873; baseline 0.038 -34"><span class='ocrx_word' id='word_1_512' title='bbox 789 2810 952 2852; x_wconf 86' lang='lat' dir='ltr'>lationem,</span> <span class='ocrx_word' id='word_1_513' title='bbox 975 2828 993 2848; x_wconf 87' lang='lat' dir='ltr'>a</span> <span class='ocrx_word' id='word_1_514' title='bbox 1008 2824 1142 2854; x_wconf 74' lang='lat' dir='ltr'>convivio</span> <span class='ocrx_word' id='word_1_515' title='bbox 1159 2835 1329 2870; x_wconf 86' lang='lat' dir='ltr'>sumptam,</span> <span class='ocrx_word' id='word_1_516' title='bbox 1353 2831 1520 2873; x_wconf 76' lang='lat' dir='ltr'>Horatius,</span> 
     </span>
    </p>
   </div>
   <div class='ocr_carea' id='block_1_32' title="bbox 786 2865 1519 2958">
    <p class='ocr_par' dir='ltr' id='par_1_34' title="bbox 786 2865 1519 2958">
     <span class='ocr_line' id='line_1_90' title="bbox 788 2865 1519 2917; baseline 0.038 -25"><span class='ocrx_word' id='word_1_517' title='bbox 788 2873 845 2893; x_wconf 87' lang='lat' dir='ltr'>nec</span> <span class='ocrx_word' id='word_1_518' title='bbox 860 2865 1016 2901; x_wconf 85' lang='lat' dir='ltr'>Lambiuo</span> <span class='ocrx_word' id='word_1_519' title='bbox 1029 2877 1212 2916; x_wconf 83' lang='lat' dir='ltr'>praeteritus,</span> <span class='ocrx_word' id='word_1_520' title='bbox 1227 2880 1358 2915; x_wconf 86' lang='lat' dir='ltr'>feliciter</span> <span class='ocrx_word' id='word_1_521' title='bbox 1369 2886 1519 2917; x_wconf 65' lang='lat' dir='ltr'>tractavit.</span> 
     </span>
     <span class='ocr_line' id='line_1_91' title="bbox 786 2914 1157 2958; baseline 0.04 -14"><span class='ocrx_word' id='word_1_522' title='bbox 786 2914 825 2946; x_wconf 82' lang='lat' dir='ltr'>atl</span> <span class='ocrx_word' id='word_1_523' title='bbox 842 2917 927 2957; x_wconf 86' lang='lat' dir='ltr'>epist.</span> <span class='ocrx_word' id='word_1_524' title='bbox 941 2920 972 2951; x_wconf 85' lang='lat' dir='ltr'>ii.</span> <span class='ocrx_word' id='word_1_525' title='bbox 994 2927 1020 2954; x_wconf 70' lang='grc' dir='ltr'>Ω.</span> <span class='ocrx_word' id='word_1_526' title='bbox 1039 2924 1135 2958; x_wconf 83' lang='lat' dir='ltr'>finem</span> <span class='ocrx_word' id='word_1_527' title='bbox 1153 2942 1157 2946; x_wconf 92' lang='lat'>·</span> 
     </span>
    </p>
   </div>
  </div>
 </body>
</html>
