1912 3292
329 207 423 247 314

819 193 880 242 T.
927 191 1311 243 LUCRETII

358 333 442 369 640
473 327 692 383 Tantaque
709 326 755 368 in
773 325 853 368 hiis
871 327 994 368 rebus
1012 326 1207 368 distantia
1227 324 1503 380 differitasque
1522 332 1597 375 est,

475 402 552 453 Ut,
573 400 686 457 quod
705 400 793 442 aliis
812 401 926 442 cibus
947 409 1021 451 est,
1051 400 1138 442 aliis
1159 399 1247 441 fuat
1267 414 1360 440 acre
1380 413 1597 440 venenum.

475 476 551 518 Est
570 475 722 531 itaque,
744 483 791 516 ut
811 489 990 529 serpens,
1012 474 1192 515 hominis
1213 487 1306 529 quae
1326 482 1435 514 tacta
1455 472 1602 521 salivis,

463 549 677 604 *Disperit,
700 564 747 591 ac
768 563 852 591 sese
872 547 1115 589 mandando
1136 546 1302 588 conficit
1322 547 1421 601 ipsa.

475 622 698 672 Praeterea,
721 622 841 663 nobis
860 630 1069 662 veratrum
1090 629 1149 662 est
1170 635 1263 662 acre
1284 635 1508 670 venenum3

361 702 442 738 645
476 697 535 737 At
555 696 688 750 capris
708 695 864 749 adipes,
887 702 927 734 et
947 693 1241 743 coturnicibus,
1264 701 1399 750 auget.

333 861 396 882 non
413 848 543 880 ulterius
557 847 744 885 auscultem,
760 852 797 878 ut
811 846 1065 888 antiquissimum

332 903 468 943 poetam,
503 906 612 930 contra
641 899 793 929 librorum
821 899 1066 938 praecellentium

333 954 486 985 unanime
510 951 736 987 testimonium,
762 951 795 981 in
821 951 881 982 hoc
901 951 1067 992 naufragio

335 1012 476 1037 veterum
492 1004 666 1040 literarum,
690 1008 722 1033 et
736 1002 873 1033 desuetae
887 1002 1006 1043 linguae
1021 1008 1066 1033 te-

335 1057 450 1093 nebris,
466 1056 669 1092 exvarbitratu
684 1065 756 1084 meo
772 1053 966 1094 interpolem.
989 1057 1011 1072 “
1024 1054 1070 1084 At

335 1112 358 1127 ‘⁸
373 1107 517 1147 exemplo
546 1113 629 1138 caret
658 1107 914 1136 membranarum
944 1105 1068 1136 lectio.’'

339 1159 512 1191 Obtundis:
530 1158 675 1198 analogia
686 1168 750 1188 non
761 1163 928 1198 repugnat,
938 1163 969 1186 et
981 1166 1069 1197 mag-

336 1222 379 1243 na
406 1221 494 1252 seges
522 1216 568 1240 est
597 1209 816 1250 hujuscemodi
845 1207 1069 1239 vocabulorum

336 1270 498 1303 λεγομενων
514 1263 598 1300 ἅπαξ
613 1262 647 1291 in
663 1261 819 1291 Lucretio.
855 1260 955 1290 Aliud
980 1270 1068 1300 rege-

337 1313 400 1346 ris?
426 1320 463 1348 Ες
482 1327 618 1356 κορακας.

382 1375 456 1406 Ver.
471 1379 544 1406 640.
571 1377 621 1405 in:
651 1375 738 1404 abest
754 1373 793 1402 V.
810 1372 859 1403 ed.
878 1373 914 1402 Β.
930 1379 971 1403 Π.
993 1376 1072 1403 Σ.-

337 1429 441 1459 νεόιιε;
470 1432 505 1458 Δ.
521 1425 827 1467 cibus—differitas:
856 1424 895 1454 V.
912 1423 959 1454 ed.
982 1423 1070 1465 ‹liffe-

337 1486 549 1519 remus-..que
561 1478 646 1509 deest
664 1484 705 1508 Π.
730 1476 818 1507 Nihil
834 1476 932 1506 variat
949 1475 1072 1506 Nonius

340 1533 520 1568 Marcellus,
522 1541 567 1576 gi
585 1535 659 1563 207.

386 1585 466 1616 Ibid.
490 1585 650 1625 differitas.
683 1583 772 1613 Hinc
789 1581 960 1617 Arnobius,
976 1581 1028 1611 vii.
1043 1592 1072 1620 p.

341 1641 414 1668 228.
438 1640 460 1655 “
478 1634 641 1675 Quidquid
653 1640 760 1664 autem
774 1633 854 1671 potis
869 1639 915 1662 est
929 1642 1073 1662 caussam

342 1692 365 1709 “
381 1687 567 1719 calamitatis
604 1685 811 1720 inferre‚—-ab
849 1683 913 1713 Dei
945 1683 1074 1713 nomine

342 1741 366 1758 ‘⁶
381 1737 564 1779 longissima
581 1736 672 1766 debet
683 1735 848 1777 differitate
865 1734 1006 1774 seponi.”
1030 1735 1074 1764 Et

341 1790 386 1821 sic
401 1790 474 1820 alibi
489 1789 560 1828 plus
575 1787 682 1817 semel.

387 1841 459 1871 Ver.
477 1843 550 1871 641.
577 1841 634 1870 Ut.-
656 1845 699 1869 Ω.
713 1836 897 1878 lla—suat:
917 1835 1013 1866 Vind.
1027 1835 1074 1866 M.

345 1899 382 1925 Δ.
399 1893 522 1934 2.fissl;
542 1890 668 1930 Ousun·

391 1950 474 1981 Ibid.
485 1950 574 1991 fuat.
598 1948 764 1989 Virgilius,
783 1947 860 1978 AEn.
875 1957 904 1977 x.
923 1950 992 1978 108.

344 2034 426 2062 Tros,
443 2031 603 2061 Rutulusve,
614 2031 692 2062 suae,
709 2029 782 2054 nullo
797 2028 950 2054 discrimine
961 2028 1075 2052 habebo.

350 2103 402 2134 Sic
414 2102 548 2133 Plautus
564 2102 742 2141 saepissime,
759 2106 790 2130 et
807 2099 858 2129 alii
876 2099 1074 2140 antiquiores:

346 2156 419 2186 vide
443 2155 597 2192 Nonium,
621 2155 652 2184 ii.
667 2157 740 2184 530.
768 2153 928 2183 Arnobius
949 2152 1077 2191 insuper

347 2208 406 2237 hos
422 2207 561 2237 Lucretii
587 2216 692 2236 versus
718 2204 751 2234 in
777 2204 886 2234 animo
907 2203 1017 2233 habuit
1038 2202 1078 2232 ad

348 2257 404 2288 lib.
420 2258 473 2288 vii.
496 2268 524 2296 p.
542 2260 613 2287 234.
641 2260 663 2274 “
682 2256 798 2285 Nonne
824 2254 889 2284 fieri
915 2254 997 2293 potis
1022 2259 1078 2289 est,

350 2311 373 2327 “
392 2314 438 2346 ut,
451 2319 521 2349 quae
536 2308 622 2338 vobis
636 2307 771 2337 afferunt
786 2305 989 2344 voluptatem,
1005 2314 1080 2335 con-

351 2362 375 2378 “
390 2366 438 2390 tra
459 2359 521 2389 illis
541 2369 649 2399 aspera
669 2360 833 2389 videantur
856 2363 887 2386 et
908 2358 1010 2387 tristia
1021 2357 1082 2385 ‚9—

352 2414 376 2430 “
395 2412 448 2442 An
466 2421 529 2442 non
546 2410 684 2452 quotidie
700 2411 861 2444 cernimus,
877 2415 908 2438 et
922 2409 1004 2438 inter
1014 2407 1080 2438 ani-

351 2465 375 2481 “
391 2463 513 2492 mantia
528 2463 616 2492 terris
630 2469 708 2498 orta,
731 2471 797 2491 esse
818 2462 889 2490 aliis
910 2459 1019 2490 eadem
1035 2458 1083 2489 vel

353 2517 376 2533 “
392 2526 502 2545 ancara
532 2514 580 2544 vel
609 2515 732 2549 dulcia;
757 2512 912 2553 morttfira
939 2514 986 2542 his
1011 2522 1082 2547 esse,

352 2569 377 2584 “
394 2577 464 2606 quae
484 2566 546 2596 illis
563 2572 636 2596 nata
651 2566 684 2595 in
701 2565 871 2604 perniciem
887 2574 951 2594 non
967 2562 1081 2594 sunt?”

355 2624 387 2647 et
400 2629 482 2658 seqq.
500 2618 673 2657 Appositus
695 2623 741 2647 est
762 2617 858 2646 ctiam
875 2615 1021 2646 Alcimus
1038 2616 1083 2645 A-

356 2669 449 2706 vitus,
479 2669 513 2699 in
538 2679 609 2710 gen.
633 2669 654 2699 i.
676 2672 745 2700 116.
769 2667 807 2698 de
836 2669 968 2698 marinis
997 2668 1086 2707 aquis

358 2719 502 2759 loquens:

373 2800 474 2830 Edidit,
485 2805 511 2826 et
523 2803 569 2833 qui
579 2803 677 2827 horum
689 2807 830 2828 conservat
841 2809 964 2834 corpora,
976 2801 1071 2826 nostris

373 2839 536 2871 Corporibus
548 2845 627 2866 nocet
639 2842 682 2866 iste
694 2842 791 2873 liquor,
803 2841 924 2874 genitalis
935 2840 1046 2865 alumnis

372 2882 487 2908 Piscibus
493 2891 502 2913 3
519 2883 573 2915 ipsa
584 2885 666 2910 etiam
679 2889 759 2911 terrae
772 2886 818 2918 qui
827 2885 950 2918 germina
961 2884 1057 2910 nutrit.

1112 848 1162 878 Sic
1176 847 1362 888 legendum:
1389 847 1496 889 vulgo,
1520 849 1583 887 ipse
1599 853 1630 878 et
1644 849 1796 879 alumnus.

1152 899 1230 929 Ver.
1254 903 1325 929 642.
1360 899 1450 929 Nihil
1481 909 1545 929 esse
1574 906 1674 938 potest
1702 900 1841 930 faciliore

1111 949 1282 987 intellectu,
1312 956 1406 990 atque
1435 950 1603 989 explicatu,
1639 961 1735 991 quam
1767 957 1842 982 sunt

1111 1003 1242 1042 hujusce
1277 1001 1384 1032 versus
1425 1011 1533 1032 sensus
1569 1008 1600 1031 et
1637 1003 1839 1035 constructio:

1113 1057 1136 1072 “
1153 1054 1211 1084 Est
1226 1053 1338 1094 itaque,
1351 1059 1386 1083 ut
1403 1053 1481 1094 (ubi,
1495 1052 1543 1083 vel
1555 1053 1696 1094 quando)
1709 1063 1844 1092 serpens,

1113 1108 1135 1123 “
1152 1115 1222 1146 quae
1237 1109 1320 1134 tacta
1333 1111 1376 1135 esc
1391 1103 1495 1134 salivis
1510 1103 1659 1142 hominis,
1682 1103 1841 1143 disperit.”

1116 1155 1344 1195 Contempleris
1366 1155 1463 1196 igitur
1485 1165 1604 1186 novum
1625 1161 1718 1196 atque
1732 1154 1846 1196 ingens

1114 1207 1236 1238 facinus
1267 1206 1424 1237 editorum
1453 1206 1676 1245 recentiorum,
1705 1206 1749 1236 sic
1777 1215 1845 1237 cor-

1113 1262 1344 1301 rumpentium:

1113 1336 1158 1360 Est
1170 1333 1265 1368 utiquc,
1276 1338 1308 1360 ut
1317 1341 1423 1367 serpens
1435 1334 1551 1359 hominis
1562 1336 1676 1358 contacta
1685 1332 1845 1358 salivis—.

1117 1398 1200 1428 Sane
1214 1398 1294 1428 illud
1316 1400 1420 1438 utique
1443 1397 1536 1427 estin
1560 1396 1658 1427 Vind.
1675 1401 1710 1427 Δ.
1730 1401 1761 1426 et
1775 1407 1847 1427 con-

1115 1455 1197 1480 tacta
1221 1449 1255 1479 in
1270 1449 1366 1479 Vind.
1392 1455 1433 1479 Π.
1459 1447 1515 1478 sed
1541 1447 1575 1478 in
1592 1447 1849 1478 vindobonensis

1116 1500 1230 1532 codicis
1245 1501 1411 1531 collatione
1427 1500 1490 1538 hic,
1513 1505 1551 1530 ut
1565 1510 1646 1539 saepe
1665 1499 1753 1537 alias,
1776 1498 1849 1529 dili-

1116 1552 1256 1592 gentiam
1273 1552 1398 1582 editoris
1420 1561 1484 1582 non
1499 1551 1643 1582 dubitem
1665 1560 1850 1591 coarguere;

1117 1610 1149 1633 et
1162 1605 1362 1634 membranas
1375 1613 1464 1634 meas
1474 1613 1540 1633 esse
1555 1602 1738 1633 vetustiores
1753 1601 1854 1632 nimis
1911 1596 1912 1622 3

1117 1655 1238 1685 vellem.
1289 1655 1409 1692 Cicero,
1449 1654 1566 1694 Philip.
1598 1654 1660 1685 viii.
1692 1659 1721 1686 9.
1751 1653 1850 1684 fin.—

1119 1710 1142 1724 “
1156 1712 1198 1737 est
1214 1706 1300 1736 enim
1310 1706 1378 1745 jam
1392 1715 1504 1740 annus,
1521 1711 1553 1736 ut
1571 1705 1730 1744 repulsam
1746 1704 1850 1735 tulit.''

1163 1760 1247 1791 Ibid.
1272 1761 1324 1790 De
1338 1761 1396 1790 hac
1416 1769 1451 1789 re
1469 1758 1605 1795 Plinius,
1629 1765 1691 1789 nat.
1712 1759 1785 1789 hist.
1800 1758 1853 1789 vii.

1118 1816 1148 1843 2.
1165 1821 1260 1852 quem
1275 1811 1383 1842 locum
1393 1810 1570 1841 Lambinus
1584 1809 1680 1840 etiam
1695 1808 1856 1840 excitavit:

1123 1867 1145 1883 “
1162 1864 1207 1895 Et
1231 1870 1337 1894 tamen
1361 1863 1509 1894 omnibus
1536 1861 1719 1893 hominibus
1745 1867 1856 1892 contra

1123 1919 1146 1934 ‘⁶
1161 1920 1321 1955 serpentes
1351 1915 1432 1945 inest
1461 1923 1633 1945 venenum:
1673 1912 1853 1953 feruntque,

1124 1970 1146 1985 “
1163 1967 1240 1997 ictas
1253 1965 1362 2004 saliva,
1386 1972 1424 1997 ut
1449 1965 1595 1996 ferventis
1616 1974 1706 2005 aquae
1727 1970 1853 1995 contae-

1123 2021 1145 2035 “
1161 2024 1241 2055 tum,
1264 2017 1404 2058 fugere.’'
1450 2017 1558 2053 Quem
1573 2016 1680 2046 locum
1695 2014 1754 2045 viri
1769 2015 1854 2046 docti

1120 2068 1235 2099 frustra
1249 2068 1412 2098 solicitant.
1458 2067 1557 2097 Plura
1576 2066 1752 2098 volentibus
1767 2066 1855 2097 Har-

1122 2119 1257 2150 duinum
1286 2118 1553 2151 commendamus
1604 2117 1759 2148 Nicandri
1788 2128 1856 2148 ver·

1120 2170 1268 2208 siculum,
1291 2180 1384 2211 quem
1401 2169 1507 2200 attulit
1522 2169 1651 2208 ibidem,
1680 2168 1799 2200 interea
1813 2169 1858 2200 sic

1122 2222 1356 2253 rescribendum
1384 2227 1509 2261 putem:
1544 2228 1688 2252 Πολλακι
1715 2235 1767 2252 και
1797 2222 1857 2263 epo-

1125 2288 1193 2306 τεων
1213 2282 1319 2306 σιαλων
1343 2275 1512 2317 ὑποετρεσαν
1526 2276 1677 2304 ‘OPMHNz
1704 2272 1724 2303 i.
1740 2283 1767 2303 e.
1793 2275 1854 2304 t‘e'm

1124 2331 1155 2356 et
1186 2325 1369 2356 efficaciam:
1410 2325 1518 2366 vulgo,
1549 2324 1642 2364 οδμην.
1685 2324 1798 2354 Exstat
1820 2323 1856 2354 in

1126 2378 1268 2408 Theriac.
1297 2381 1349 2408 86.
1389 2377 1550 2408 Glossator
1578 2382 1681 2407 vetus:
1718 2378 1858 2418 “‘Oppaem

1127 2433 1150 2448 “
1167 2429 1338 2470 impetus:'’
1363 2434 1399 2459 ut
1413 2429 1573 2459 multoties
1590 2429 1760 2459 Homerus.
1800 2427 1857 2458 In-

1127 2486 1219 2516 terea,
1252 2490 1316 2510 non
1346 2479 1463 2520 injuria
1494 2479 1704 2519 suspicionem
1734 2488 1859 2508 movere

1127 2539 1225 2572 potest
1249 2543 1400 2563 numerus
1421 2532 1635 2563 multitudinis
1653 2532 1687 2562 in
1701 2533 1805 2563 salivis
1819 2530 1860 2561 de

1128 2594 1193 2614 uno
1207 2584 1345 2619 homine,
1361 2590 1474 2624 praeter
1487 2583 1746 2614 consuetudinem
1761 2581 1858 2620 scrip-

1129 2641 1232 2665 torum
1263 2636 1343 2665 hanc
1376 2645 1443 2665 rem
1470 2634 1688 2670 tractantium3
1716 2633 1795 2663 adeo
1824 2638 1861 2662 ut

1129 2692 1253 2724 recepta
1281 2686 1373 2716 lectio
1394 2686 1522 2716 fortasse
1551 2685 1592 2715 sit
1619 2683 1859 2724 compendiariae

1131 2736 1309 2775 scriptionis
1324 2736 1513 2776 corruptela:

1263 2814 1293 2834 ut
1305 2816 1420 2841 serpens,
1431 2808 1547 2834 hominis
1558 2813 1620 2840 quae
1632 2811 1705 2833 tacta
1715 2808 1843 2833 san-vase.-

1130 2883 1187 2913 pro
1201 2872 1297 2906 saliva
1319 2879 1361 2905 est
1369 2888 1380 2912 ;
1404 2872 1488 2904 unde
1509 2874 1633 2912 salivas,
1657 2878 1696 2909 et,
1719 2871 1861 2914 legitimo
