1912 3292
328 192 389 233 26

477 317 609 374 quue
627 317 704 359 sibi
723 317 856 359 solum
875 332 950 373 per
969 332 1012 358 se
1031 317 1152 372 sapit,
1174 324 1216 358 et
1236 316 1312 358 sibi
1331 317 1500 374 gaudet,

476 392 619 441 Quom
638 407 773 448 neque
792 407 856 434 res
871 393 1068 442 animam,
1085 407 1220 447 neque
1235 406 1399 446 corpuS,
1423 399 1641 435 comnovet
1656 393 1752 437 una.

478 466 550 518 Et,
571 468 687 524 quasi
706 482 833 524 quom
853 475 992 524 caput,
1013 474 1086 508 aut
1105 466 1260 517 oculus,
1284 474 1471 509 tentante
1489 467 1647 519 dolore,

479 541 669 584 Laeditur
687 543 732 584 in
751 543 889 594 nobis,
909 557 994 584 non
1017 541 1133 583 omni
1152 541 1466 583 concruciamur

369 621 448 657 150
481 615 688 672 Corpore3
721 617 778 659 sic
797 618 959 658 animus
979 631 1066 658 non
1086 630 1314 671 numquam
1333 615 1498 658 laeditur
1517 616 1619 672 ipse,

479 690 726 748 Laetitifique
745 692 872 750 viget,
895 706 1023 748 quom
1043 698 1194 733 caetera
1212 705 1308 747 pars
1328 691 1485 732 animai·

559 853 689 880 magnam
699 848 745 874 cui
754 851 860 875 mentem
870 847 1035 881 animumque

367 886 456 911 Delius
466 886 577 919 inspirat
587 891 704 913 vates—.

339 950 368 982 S.
385 949 517 988 Paulus,
548 953 559 980 1
581 951 689 982 Thess.
704 962 734 982 v.
751 955 898 983 25.--και
914 953 1068 995 ὗλοκληραυ

337 1001 413 1041 §aar
429 1015 462 1032 ‘ro
480 1007 666 1040 HNETMA,
693 1015 745 1034 και
767 1003 785 1036 ἦ
806 1009 938 1041 ΨΤΧΗ,
965 1017 1016 1034 και
1033 1017 1068 1034 το

335 1064 433 1092 eom,
459 1065 624 1092 αμεμπτως
654 1066 680 1084 εν
703 1067 740 1096 τῃ
771 1066 898 1096 παρεσιᾳ
922 1066 960 1086 ⁴78
989 1068 1068 1098 xvpm

335 1106 414 1146 ‘hp-m
430 1112 499 1139 lnce
513 1113 624 1149 Xpm‘ru
639 1109 774 1150 τῆρκάειη.
820 1108 904 1138 Redi
926 1108 1009 1139 dicta
1029 1107 1070 1139 ad

338 1159 357 1189 i.
374 1162 426 1190 75.

381 1211 456 1242 Ver.
477 1214 546 1242 141.
571 1211 678 1251 Ipsius
693 1211 824 1251 Epicuri
839 1222 928 1243 voces
939 1219 1072 1244 exornat

339 1263 521 1304 dilatatque,
537 1263 622 1303 apud
639 1264 820 1305 Diogenem
836 1264 1014 1304 La'e‘rtium,
1041 1276 1070 1297 x.

340 1321 391 1349 66.
403 1322 571 1347 exstantes:
592 1331 643 1348 και
655 1331 690 1349 το
699 1331 751 1358 μεν
759 1331 850 1352 amns
863 1319 931 1360 (της
945 1319 1068 1360 ψυχῆς)

340 1378 450 1411 αλωγον
476 1384 553 1409 mm,
579 1372 592 1402 ὃ
612 1385 655 1413 τῳ
669 1379 764 1413 λαις-ῳ
786 1378 1071 1405 ΠΑΡΕΣΠΑΡΤΑῙ

339 1435 466 1462 nuptam·
483 1435 517 1453 σο
530 1421 558 1453 δε
574 1429 702 1462 λογικον,
719 1424 732 1454 ὅ
747 1437 774 1455 εν
788 1436 830 1465 τῳ
841 1426 963 1467 Scopam·
977 1426 1012 1460 ὣς
1023 1425 1072 1459 δη-

340 1482 389 1506 λον
407 1487 438 1505 εκ
462 1487 494 1505 τε
519 1488 574 1505 *νων
597 1476 687 1515 φοξων
710 1490 760 1507 xou
787 1490 840 1511 ‘tm
867 1490 974 1520 χωρας.
1021 1477 1073 1508 Sic

338 1525 467 1556 fortasse
495 1526 704 1557 scribendum.
749 1527 837 1559 Libri
869 1528 966 1559 MSS.
996 1528 1073 1559 dant

339 1577 530 1617 corruptelas
546 1581 716 1621 παρεςαθρει,
733 1581 922 1623 παρεςαρθρει.
957 1587 1071 1623 Παρεσ-

340 1642 461 1672 erup-raa·
477 1631 617 1661 dissitum
633 1637 674 1662 est
680 1647 691 1668 ,·
709 1631 757 1662 uti
768 1637 873 1662 noster
883 1632 989 1663 statim
1004 1632 1070 1664 Lu-

339 1682 464 1719 cretius,
480 1691 541 1712 ver.
560 1686 630 1714 144.

381 1742 458 1773 Ver.
476 1745 547 1772 142.
569 1744 699 1773 exsultat
714 1744 815 1774 em‘m:
843 1750 883 1774 Π.
898 1745 1002 1775 eoeulat
1015 1755 1068 1776 ne-

337 1804 405 1835 que.
431 1793 479 1823 M.
493 1795 627 1824 exsultet.

383 1843 465 1875 Ibid.
498 1846 629 1875 exsultat
652 1855 759 1884 pavor.
804 1845 969 1877 Horumce
1006 1857 1071 1878 non

342 1895 511 1926 immemor
526 1894 695 1935 Virgilius,
711 1896 752 1926 ad
767 1906 835 1937 geo.
850 1897 895 1928 iii.
915 1900 985 1929 105.

751 1978 964 2011 exsultantiaque
981 1979 1071 2005 haurit

370 2016 450 2042 Corda
459 2020 549 2049 pavor
559 2016 675 2048 pulsans.

342 2082 444 2112 Pavor·
472 2086 590 2118 autem,
618 2080 652 2110 ni
680 2079 784 2119 fallor,
810 2091 830 2111 a
845 2084 955 2122 pnvz'o;
986 2083 1072 2124 quod

336 2133 437 2172 pulso,
453 2131 501 2161 vel
507 2131 592 2173 serio
600 2145 610 2162 :
637 2137 668 2162 et
683 2138 728 2162 est
743 2132 922 2172 trepidatio,
937 2144 993 2164 seu
1005 2135 1070 2174 pal-

341 2182 452 2224 pitatio
466 2182 626 2223 quaedam;
650 2183 732 2213 inter
747 2190 869 2214 metum
885 2190 916 2214 et
930 2184 1073 2216 laetitiam

341 2234 485 2266 medium
506 2234 635 2275 aliquid,
661 2241 692 2265 et
706 2235 831 2277 utrique
845 2237 972 2268 affectui
986 2248 1071 2269 com-

342 2296 448 2318 mune.
488 2286 661 2326 Appositus
672 2293 718 2317 est
735 2287 843 2327 Silius,
859 2288 900 2320 ad
917 2289 998 2321 Pun.
1007 2290 1070 2321 xvi.

342 2342 413 2370 432.

374 2420 418 2449 Et,
429 2419 457 2443 ni
467 2425 587 2444 successu
599 2419 683 2444 nimio
694 2419 806 2452 Iaetoque
812 2424 916 2453 pavore

371 2460 492 2485 Proditus
503 2459 592 2493 elapso
601 2459 673 2485 foret
686 2460 757 2486 inter
769 2463 850 2486 verba
861 2461 979 2494 flagello,

373 2501 470 2525 Forsan
479 2504 606 2526 sacrasset
617 2500 752 2533 Zephyro,
763 2508 828 2533 quas
840 2506 963 2534 voverat,
973 2510 1039 2528 aras.

346 2571 385 2602 In
401 2573 503 2611 primo
521 2583 611 2604 versu
633 2573 804 2614 legendum
826 2580 915 2614 puto,
937 2577 1053 2608 nimius
1059 2591 1071 2613 ‚-

344 2628 381 2653 ut
392 2624 563 2663 expeditior
578 2626 767 2657 constructio
781 2633 954 2658 enascatur.
988 2628 1075 2659 Doc-

344 2681 392 2706 tus
405 2683 513 2706 autem
527 2677 685 2709 editorum
698 2679 983 2711 animadversiones
997 2690 1072 2711 con-

344 2727 440 2763 sulas,
462 2728 516 2768 qui
532 2729 644 2768 multa,
667 2731 708 2762 ad
721 2741 789 2762 rem
804 2738 943 2763 nostram
957 2732 1074 2764 facien-

344 2778 396 2814 tia,
423 2788 612 2819 congessere.
655 2781 765 2813 Livius
789 2783 887 2813 etiam
914 2783 1074 2823 appositus

343 2836 400 2866 est,
422 2829 464 2860 ad
485 2840 511 2861 v.
533 2834 587 2862 39.
608 2835 634 2862 1.
658 2836 680 2851 ‘⁶
700 2834 808 2864 Gallos
829 2845 964 2876 quoquc,
988 2835 1074 2867 velut

347 2885 369 2899 “
386 2881 623 2920 obstupefactos,
648 2884 835 2916 miraculum
849 2886 986 2918 victoriae
1007 2892 1073 2919 tam

805 185 868 233 T.
912 183 1294 233 LUCRETII

1111 852 1134 867 “
1149 848 1320 888 repentinae
1338 847 1452 879 tenuit:
1482 852 1515 878 et
1535 849 1599 888 ipso
1620 858 1733 888 pavore
1747 847 1853 881 defixi.

1111 903 1133 918 “
1149 900 1287 939 primum
1313 904 1478 935 steterunt,
1508 898 1595 929 velut
1624 898 1739 939 ignari,
1765 899 1843 941 quid

1111 953 1134 968 “
1149 950 1340 981 accidisset.”
1389 951 1439 981 Sic
1461 950 1680 989 reponendum
1699 950 1764 982 aio:
1790 960 1843 982 co-

1109 1002 1205 1041 dices,
1221 1005 1298 1043 ipsis
1324 1003 1391 1033 sine
1407 1002 1554 1033 efficacia.

1155 1055 1230 1085 Ver.
1255 1058 1323 1086 143.
1358 1056 1514 1086 Laetitiae:
1553 1054 1593 1086 V.
1625 1054 1672 1086 ed.
1704 1056 1846 1088 Laeeitia.

1114 1106 1243 1137 Nomen
1268 1106 1385 1137 scilicet
1407 1106 1441 1137 in
1471 1117 1604 1138 numero
1632 1102 1857 1138 multitudini?

1113 1147 1242 1189 librario
1264 1168 1329 1188 non
1352 1157 1484 1198 placuit:
1510 1158 1554 1188 sic
1579 1163 1687 1188 autem
1703 1157 1857 1202 Plautus‚[
1910 1151 1912 1157 ¹

1114 1209 1230 1240 Pseud.
1250 1209 1282 1240 ii.
1305 1213 1335 1240 4.
1352 1213 1401 1240 14.
1426 1215 1458 1239 et
1480 1209 1720 1249 Havercampus
1741 1206 1862 1241 laudat!

1116 1261 1313 1297 Ciceronem,
1341 1261 1428 1300 epist.
1455 1260 1530 1291 fam.
1554 1261 1586 1291 ii.
1612 1266 1640 1293 9.
1663 1261 1702 1292 de
1722 1260 1798 1293 finn.
1813 1253 1858 1293 ii?

1113 1326 1256 1346 —dmenm
1285 1322 1326 1346 11.
1341 1327 1483 1356 mensque
1487 1331 1499 1352 ‚·
1524 1321 1554 1345 et
1569 1315 1686 1346 omittit
1699 1322 1752 1347 est.
1850 1308 1856 1315 ³

1160 1367 1241 1398 Ibid.
1259 1368 1399 1398 Lcetz'te'oe
1414 1368 1556 1398 mulcent.
1595 1367 1783 1404 Columella,
1796 1369 1848 1400 xii.

1114 1422 1145 1449 2.
1161 1421 1261 1449 4.--“
1277 1425 1452 1458 spectantes
1474 1418 1700 1460 audientesque
1725 1411 1850 1451 loetisstss

1117 1473 1139 1488 “
1155 1468 1206 1500 πιίὶ
1227 1472 1379 1511 voluptate
1397 1469 1663 1510 permulcentur.“
1707 1470 1751 1502 Et
1772 1471 1851 1504 ordo

1115 1526 1176 1552 est:
1203 1525 1225 1540 ‘⁸
1242 1522 1371 1552 Circum
1386 1522 1453 1552 haec
1467 1522 1549 1561 loca,
1570 1521 1688 1553 laetitiae
1707 1514 1865 1558 mulcent'sv

1116 1575 1139 1591 ‘⁴
1154 1584 1220 1611 nos,
1235 1573 1283 1603 vel
1297 1572 1465 1605 homines?
1848 1567 1862 1618 ζῷ’

1159 1624 1234 1655 Ver.
1253 1628 1324 1656 145.
1346 1636 1482 1656 momen:
1508 1624 1545 1655 P.
1562 1624 1603 1654 v.
1624 1624 1672 1655 ed.
1693 1625 1734 1657 Β.
1753 1626 1793 1657 ο.
1810 1622 1863 1664 Ab}

1118 1681 1159 1707 11.
1178 1680 1213 1708 Σ.
1232 1682 1278 1707 Ω.
1292 1687 1418 1713 nomem,-
1436 1681 1476 1713 et,
1492 1675 1634 1717 quamvis
1649 1682 1772 1707 taceant
1786 1677 1834 1709 col

1116 1727 1240 1765 latores,
1267 1738 1378 1759 omnes
1403 1727 1456 1758 alii
1483 1727 1605 1758 codices
1630 1727 1760 1759 fortasse
1785 1728 1868 1761 ῐιοι-Ῑ»

1113 1779 1204 1811 aliter
1233 1790 1342 1810 vocem
1375 1779 1534 1817 exhibent,
1571 1780 1682 1811 scribis
1709 1781 1830 1812 maxim
1838 1775 1863 1807 -ᾆ

1114 1832 1293 1862 obnoxiam.

1160 1883 1242 1914 Ibid.
1273 1894 1406 1914 numen:
1439 1883 1459 1914 i.
1475 1893 1501 1914 e.
1533 1896 1632 1924 νευμα,
1660 1890 1786 1922 nummu
1816 1900 1841 1911 .-

1903 1351 1912 1787 -ηε-εμ-ηει-Ξο.

1115 2040 1156 2071 ad
1170 2040 1190 2071 i.
1209 2043 1278 2070 111.
1295 2045 1439 2070 nostrum
1454 2039 1579 2080 po‘e'tam
1593 2046 1718 2071 secutus
1733 2048 1794 2073 est:

1115 2117 1269 2148 Omniaque
1279 2117 1314 2141 ad
1324 2123 1419 2141 numen
1430 2117 1537 2148 mundi,
1549 2116 1716 2150 faciemque,
1725 2117 1838 2143 moveri.

1117 2184 1208 2215 Hinc
1223 2184 1333 2215 inscite
1347 2185 1540 2224 Eumenius,
1555 2195 1668 2225 paneg.
1686 2185 1828 2216 Consum

1119 2236 1204 2278 Aug.
1232 2241 1304 2267 sect.
1326 2239 1375 2266 14.
1399 2236 1425 2266 si
1450 2235 1537 2267 locus
1562 2235 1604 2266 sit
1631 2236 1846 2276 incorruptus:

1117 2291 1140 2306 “
1157 2288 1209 2319 De
1219 2299 1283 2329 quo
1295 2299 1355 2329 ego
1365 2299 1462 2329 quem
1472 2288 1513 2319 ad
1523 2287 1657 2318 modum
1666 2287 1781 2327 dicam,
1791 2287 1830 2320 ad
1846 2295 1851 2302 ’

1118 2343 1141 2359 “
1157 2341 1220 2371 huc
1231 2340 1330 2371 ferme
1341 2340 1464 2379 dubito,
1473 2346 1504 2370 et
1512 2339 1551 2371 de
1561 2346 1640 2371 nutu
1652 2342 1791 2372 numinis
1803 2346 1836 2371 tu
1849 2356 1854 2367 ν

1120 2396 1142 2412 “
1158 2399 1303 2433 exspecto
1317 2392 1511 2424 consilium.”
1551 2392 1606 2423 An
1621 2391 1718 2431 dedit,
1736 2397 1756 2410 ‘⁴
1767 2398 1850 2424 πιοιιι

1117 2448 1141 2463 “
1157 2443 1335 2476 numinis?”
1360 2444 1423 2475 Sed
1438 2443 1587 2475 defendet
1604 2441 1760 2481 Catullus,
1775 2443 1819 2475 lxi
1842 2462 1844 2464 -

1117 2501 1191 2528 204.

1181 2564 1281 2591 Adnuit
1292 2565 1396 2591 invicto
1406 2566 1552 2592 coelestum
1561 2565 1666 2591 numine
1676 2567 1780 2591 rector:
1839 2571 1847 2597 ¹«

1119 2627 1180 2658 nisi
1202 2628 1374 2670 legendum
1398 2629 1462 2660 illic
1478 2629 1603 2671 Adfixit.
1650 2628 1785 2660 Credam
1821 2643 1825 2654 2
1844 2622 1851 2645 ’-

1116 2690 1192 2710 men
1221 2680 1408 2720 Apuleium,
1436 2686 1509 2711 met.
1528 2680 1570 2711 xi.
1597 2680 1665 2710 init.
1689 2679 1764 2710 hinc
1807 2693 1839 2705 ϊ

1117 2732 1366 2770 emendandum,
1389 2742 1488 2772 quum
1503 2731 1688 2762 Lucretium
1708 2730 1796 2761 videa

1118 2783 1236 2814 imitari
1256 2784 1296 2815 ad
1317 2784 1337 2815 i.
1356 2787 1472 2814 15.-“
1488 2793 1546 2814 nec
1568 2789 1692 2814 tantum
1714 2781 1820 2822 pecui
1835 2790 1850 2806 Α

1118 2839 1141 2855 “
1156 2841 1188 2866 et
1203 2835 1313 2872 ferina,
1335 2845 1444 2866 verum
1459 2834 1601 2865 inanima
1615 2834 1719 2870 etiam,
1742 2831 1839 2864 divin·

1118 2892 1142 2909 “
1157 2887 1226 2929 ejus
1254 2887 1386 2919 lumin1s
1416 2887 1618 2928 numinisque
1646 2892 1725 2918 unta
1755 2895 1808 2921 ve
