1912 3292
507 259 743 308 LIBER
792 258 1183 316 QUARTUS.

1447 268 1542 310 323

188 389 430 447 Refrigescit
449 389 560 430 enim
581 389 789 430 contando
808 389 930 444 plaga
949 402 1024 442 per
1043 403 1182 439 auras;

184 463 274 506 Nec
295 463 424 506 calida
442 462 495 503 ad
517 477 681 503 sensum
701 462 944 511 decurrunt,
966 463 1113 503 nuntia
1132 478 1284 505 rerum.

187 538 340 580 Errant
357 550 468 590 saepe
487 550 608 577 canes
627 536 782 591 itaque,
804 543 845 577 et
863 536 1033 593 vestigia
1052 546 1257 591 quaerunt.

72 613 154 653 710

243 612 331 652 Nec
350 618 489 651 tamen
508 609 588 652 hoc
610 611 704 652 solis
723 611 769 651 in
789 611 1001 660 odoribus,
1024 618 1147 666 atque
1167 624 1360 664 saporum

186 685 236 726 In
256 698 422 741 genere,
445 692 519 726 est:
552 684 623 726 sed
643 685 743 726 item
764 684 916 740 species
936 698 1092 734 rerum,
1115 691 1238 740 atque
1258 683 1428 734 colores,

183 759 284 800 Non
303 759 361 800 ita
379 759 631 800 conveniunt
650 759 704 800 ad
724 774 863 800 sensus
884 758 1075 800 omnibus
1095 773 1254 808 omneS,

186 832 248 874 Ut
266 847 352 874 non
373 834 454 874 sint
473 833 561 874 aliis
581 833 772 888 quaedam
791 834 923 891 magis
943 833 1054 874 acria
1072 832 1179 873 visis.

185 905 308 955 Quur
327 908 451 948 etiam
471 908 639 964 gaflum,
661 916 827 949 noctem
847 906 1163 961 explodentibus
1184 905 1271 956 alis,

71 981 153 1020 715
185 980 396 1022 Auroram
417 981 524 1023 clara
546 989 789 1022 consuetum
810 996 909 1022 voce
929 995 1092 1031 vocare,

44 1157 81 1183 ut
103 1151 215 1183 odores
244 1152 362 1184 scilicet
382 1153 456 1184 hinc
485 1153 526 1184 ad
548 1164 620 1193 apes
649 1153 776 1194 longius

45 1203 275 1242 permittantur,
292 1211 324 1235 et
337 1215 389 1235 eas
405 1205 445 1236 ad
461 1205 627 1236 stationem
642 1212 761 1236 vocent.

86 1256 163 1286 Ver.
180 1258 252 1287 702.
274 1268 334 1288 esse
356 1256 442 1287 deest
463 1257 505 1288 V.
527 1257 769 1289 ‹ed—creatum.-

44 1307 82 1338 P.
98 1307 195 1338 Vind.
212 1307 252 1339 V.
270 1308 318 1339 ed.
336 1309 375 1339 Ο.
391 1309 429 1339 L.
449 1309 496 1339 M.
514 1316 555 1340 Π.
573 1314 607 1341 Σ.
626 1316 671 1341 Ω.
686 1321 772 1341 crea-

43 1366 106 1390 tam
115 1375 126 1395 ;
153 1365 190 1390 ut
203 1360 356 1390 referatur
370 1360 450 1391 forte
466 1361 507 1391 ad
521 1364 593 1399 vim,
610 1361 659 1392 vel
663 1362 772 1403 facul-

44 1418 146 1447 talem,
162 1411 327 1442 odorandi:
347 1422 422 1442 nam
432 1412 512 1442 nihil
524 1413 678 1452 praecessit
693 1424 772 1453 prae-

47 1467 96 1493 ter
124 1465 196 1494 odor
227 1464 261 1493 in
290 1474 407 1504 genere
436 1464 612 1495 masculino
618 1477 627 1503 ;
651 1471 682 1495 et
712 1465 775 1495 alio

44 1513 142 1545 fuisse
155 1514 288 1546 subinde
301 1525 428 1556 genere,
447 1526 514 1546 non
530 1515 616 1557 quivi
631 1516 774 1556 reperire,

46 1565 161 1606 passim
176 1566 292 1597 frustra
303 1566 486 1608 disquirens.

89 1618 166 1649 Ver.
191 1620 262 1650 705.
285 1630 378 1660 quam
404 1632 475 1651 vor:
501 1620 539 1650 Β.
569 1631 661 1660 quam
694 1631 772 1655 nore,-

46 1668 199 1700 editiones
219 1680 414 1707 communes,
441 1673 522 1707 voci;
547 1681 584 1701 ex
608 1671 775 1702 audacissi-

46 1719 100 1750 ma
115 1721 263 1751 Lambini
278 1721 529 1761 interpolatione,
546 1722 700 1761 patienter
711 1722 776 1752 edi-

45 1771 166 1802 toribus
179 1771 316 1811 recepta,
328 1778 359 1803 et
370 1773 513 1803 certatim
525 1772 713 1809 collaudata,
726 1783 780 1812 per

47 1823 204 1853 inscitiam
219 1830 312 1863 atque
327 1823 530 1862 supinitatem
542 1823 635 1863 plane
644 1823 778 1854 incredi-

46 1873 359 1914 bilem.-quom'am:
386 1874 422 1905 P.
448 1874 486 1904 V.
513 1874 560 1905 ed.
583 1886 778 1915 quanquam;

46 1937 111 1958 non
127 1928 259 1958 omnino
273 1927 366 1964 male,
390 1938 490 1968 quum
505 1929 606 1968 major
620 1928 667 1959 vis
682 1929 779 1959 videri

48 1978 145 2018 possit
154 1979 326 2019 majoribus
337 1979 498 2018 particulis
507 1979 689 2020 contingere
700 1992 706 2009 :
725 1980 779 2010 sed

49 2032 164 2063 melius
177 2039 309 2072 receptae
324 2033 404 2071 voci,
431 2040 478 2063 tot
503 2034 592 2064 libris
618 2045 778 2065 commen-

50 2083 143 2122 datae,
159 2083 401 2115 adhaerebimus:
426 2091 466 2114 Π.
481 2096 563 2123 cum,
579 2086 597 2115 i.
614 2096 640 2115 e.
656 2088 736 2126 qftm.

94 2135 170 2166 Ver.
188 2137 259 2166 704.
275 2134 358 2176 qud.-
378 2135 418 2166 P.
431 2136 472 2165 V.
485 2135 532 2166 ed.
546 2137 582 2166 B.
599 2147 672 2176 quo;
694 2146 782 2176 aeque

50 2188 139 2219 bene.
187 2186 306 2216 Similis
320 2192 366 2217 est
380 2186 511 2218 varietas
530 2187 570 2218 ad
594 2187 687 2218 Ovid.
706 2193 780 2218 met.

95 2291 178 2322 Ibid.
201 2302 254 2322 vox
269 2293 444 2332 sonitusque
455 2292 616 2332 feruntur.
662 2291 780 2323 Simili-

53 2348 100 2373 ter
117 2343 323 2379 Mantuanus,
341 2343 416 2373 AEn.
432 2343 474 2373 iii.
493 2347 544 2374 40.

297 2412 325 2435 et
336 2416 396 2435 vox
407 2410 511 2436 reddita
513 2411 605 2442 fertur
615 2410 649 2435 ad
659 2411 740 2435 auris.

54 2468 121 2499 Ubi
136 2469 258 2499 reddita
274 2477 330 2507 pro
345 2470 430 2504 (lata,
451 2469 632 2498 observante
657 2467 778 2498 Servio:

55 2519 146 2549 sicuti
169 2518 328 2549 multoties
350 2519 526 2550 Lucretius,
571 2520 651 2550 Mox
675 2526 717 2550 Π.
738 2521 782 2550 lo-

55 2576 168 2601 catam.

101 2621 174 2652 Ver.
192 2624 263 2653 707.
286 2624 453 2653 conlaudo:
473 2623 516 2653 sic
532 2629 572 2654 Π.
590 2628 621 2652 et
639 2629 683 2653 Ω.
695 2633 783 2654 conc-

56 2675 150 2705 tando
158 2688 167 2708 ;
194 2672 317 2714 reliqui,
345 2676 534 2705 cunctando:
561 2674 668 2705 redeas
684 2673 724 2704 ad
739 2673 783 2705 iii.

60 2728 110 2757 67.
128 2729 198 2757 193.

103 2777 176 2808 Ver.
193 2780 266 2809 708.
290 2779 410 2808 calida:
438 2784 479 2808 Π.
496 2779 783 2809 calida-sensum.-

60 2827 96 2858 P.
107 2828 146 2858 V.
157 2828 204 2859 ed.
216 2829 252 2859 B.
262 2832 600 2860 sensus.—decurrunt.·
617 2830 666 2860 M.
678 2831 788 2860 decurr-

60 2882 210 2910 truncate.
321 2884 325 2888 ’

819 1154 936 1184 scilicet
951 1153 1166 1188 variationem,
1195 1151 1257 1192 qua
1275 1151 1376 1182 Graeci
1391 1151 1546 1182 delectau-

818 1211 881 1243 tur‚
909 1211 940 1235 et
955 1205 1079 1234 animus
1101 1203 1223 1234 lectoris
1244 1203 1387 1242 jucunde
1410 1203 1547 1233 reficitur

819 1263 911 1297 atque
938 1256 1104 1292 excitatur;
1129 1259 1234 1284 nostro
1257 1254 1398 1293 superius
1424 1254 1546 1283 adhibi-

817 1313 892 1343 tam,
911 1306 945 1336 in
960 1306 981 1336 i.
1000 1309 1050 1336 87.
1074 1305 1163 1335 Hinc
1178 1314 1234 1343 pro
1250 1304 1457 1334 inscitissimis
1482 1314 1545 1334 non

817 1357 959 1389 dubitem
973 1358 1099 1394 habere,
1111 1355 1165 1396 qui
1181 1356 1278 1385 MSS.
1293 1355 1459 1385 lectionem
1475 1355 1547 1386 soli-

818 1409 914 1441 citent
926 1409 966 1439 ad
983 1408 1170 1446 Horatium,
1186 1406 1238 1437 od.
1256 1406 1277 1438 i.
1296 1410 1348 1437 54.
1369 1410 1418 1437 15.

1078 1497 1155 1522 Valet
1165 1497 1217 1521 ima
1228 1496 1342 1520 summis

881 1540 1004 1567 Mutare3
1021 1540 1049 1561 et
1060 1537 1182 1568 insignem
1193 1536 1323 1560 adtenuat
1334 1535 1408 1565 deus,

881 1577 991 1602 Obscura
1003 1582 1171 1607 promens—.

823 1664 1066 1696 Odiosissimum
1087 1673 1161 1693 vero
1186 1668 1232 1693 est
1250 1662 1436 1703 jactabundi
1461 1663 1550 1693 Cun-

821 1716 988 1756 ninghami
1004 1721 1176 1752 tentamen,
1192 1716 1328 1754 insignia
1334 1730 1344 1750 ‚·
1369 1714 1453 1754 quod
1467 1714 1552 1745 dolet

822 1770 845 1800 J
847 1778 945 1799 anum
961 1767 1112 1808 suffragio
1126 1777 1183 1796 suo
1198 1766 1368 1796 donavisse.

866 1829 941 1859 Ver.
969 1830 1041 1859 710.
1071 1838 1226 1867 saporum:
1265 1826 1362 1856 Vind.
1395 1837 1532 1866 soporum
1539 1840 1550 1862 ,-

824 1882 862 1912 Β.
878 1882 1012 1921 saporis:
1038 1884 1070 1910 et
1084 1879 1225 1915 inferius,
1241 1888 1301 1909 ver.
1318 1881 1390 1909 715.
1413 1877 1498 1908 idem
1513 1878 1553 1908 B.

823 1935 872 1964 sz't.

865 1993 940 2023 Ver.
973 1994 1044 2023 714.
1080 1994 1184 2026 Quzcr:
1210 2001 1321 2021 omnes
1351 1990 1421 2021 libri
1455 1993 1552 2031 Quin,

823 2049 952 2083 excepto
968 2044 1016 2073 M.
1031 2043 1086 2083 qui
1100 2044 1194 2073 habet
1207 2044 1288 2078 Qum·
1306 2041 1390 2072 unde
1399 2052 1457 2072 nos
1466 2053 1554 2083 mag.

824 2105 901 2125 nam
915 2095 980 2124 vim
1002 2100 1034 2124 et
1054 2094 1244 2134 elegantiam
1269 2094 1337 2124 loco
1361 2095 1553 2133 comparavi-

824 2157 912 2177 mus:
939 2146 1008 2177 vide
1032 2146 1072 2177 ad
1097 2157 1160 2176 ver.
1186 2149 1259 2176 812.
1284 2149 1307 2164 “
1325 2145 1486 2181 Quidnam
1509 2152 1555 2177 est

827 2202 850 2218 “
865 2209 994 2237 caussae,
1020 2200 1060 2229 ob
1075 2209 1170 2239 quam
1186 2198 1234 2228 vel
1250 2197 1349 2237 rapidi
1367 2197 1473 2229 leones
1490 2209 1555 2229 non

829 2254 851 2270 “
867 2250 972 2280 valent
994 2253 1087 2281 etiam
1112 2252 1230 2290 gallum
1245 2256 1353 2280 contra
1367 2249 1466 2280 stare?
1493 2250 1552 2279 Ni·

827 2305 849 2321 “
866 2302 984 2332 mirum
999 2301 1146 2342 quia-.”
1179 2301 1291 2339 Sentis,
1308 2301 1429 2339 opinor,
1445 2300 1554 2330 lectio-

824 2353 874 2384 nis
883 2359 996 2384 nostrae
1005 2359 1198 2384 venustatem
1207 2353 1359 2393 majorem
1368 2358 1399 2382 et
1411 2362 1554 2385 acumen.

825 2412 998 2436 —noctem:
1026 2406 1063 2436 P.
1080 2412 1164 2436 nocte
1169 2421 1180 2442 ‚·
1198 2406 1239 2435 V.
1255 2404 1302 2434 ed.
1317 2405 1421 2434 nodem
1430 2419 1441 2439 ;
1458 2403 1556 2434 literis

828 2468 844 2488 c
860 2463 891 2486 et
905 2463 916 2487 ι
932 2455 1343 2496 coalitis.--e2·pl0dentibus.·
1372 2454 1411 2483 V.
1438 2453 1486 2484 ed.
1513 2460 1554 2485 Π.

827 2510 1091 2549 σψῖαπάθηιίὂηες
1132 2509 1179 2538 Μ.
1211 2507 1474 2547 εψῖεηάεηιίὁαες
1511 2512 1556 2536 Ω.

827 2562 1080 2600 εωραηιίεηείόαες
1108 2559 1227 2599 reliqui,
1243 2558 1502 2597 eaqzlaudentz'bus,
1517 2556 1559 2587 ad

828 2612 1084 2652 orthographiam
1128 2610 1350 2640 recentiorum:
1397 2607 1450 2638 sed
1487 2618 1558 2638 vera

830 2664 980 2703 scriptura
994 2664 1028 2694 in
1043 2663 1186 2703 margine
1200 2661 1300 2701 posita
1315 2666 1380 2691 erat
1403 2660 1558 2690 membra-

833 2726 945 2746 narum
962 2708 996 2746 Δ.
1014 2714 1192 2749 Diomedes,
1210 2713 1248 2743 de
1264 2718 1338 2742 orat.
1351 2712 1403 2742 lib.
1414 2712 1434 2742 i.
1446 2721 1475 2751 p.
1485 2714 1558 2742 578.

834 2770 856 2786 “
874 2769 994 2798 Plaude
1010 2766 1154 2807 frequens
1169 2772 1215 2796 est
1229 2764 1313 2804 apud
1327 2771 1444 2795 veteres
1459 2765 1561 2803 plotlo.

834 2822 855 2838 “
875 2818 984 2849 Cicero
999 2817 1038 2848 de
1052 2816 1230 2858 gloria—W
1246 2816 1337 2856 cujus
1346 2815 1561 2856 fragmentum

833 2871 1036 2911 depravatum
1052 2875 1105 2900 est.
1152 2869 1311 2900 Glossator
1327 2874 1426 2898 vetus=
1447 2871 1469 2886 “
1488 2869 1561 2898 Plo-

106 2929 187 2961 Ibid.
217 2933 320 2964 calida
350 2934 530 2965 decurrunt:
567 2942 622 2972 per
657 2931 791 2963 eandem
836 2925 858 2941 “
874 2925 920 2959 ‘¹⁰’
945 2934 1056 2964 npwem.
1093 2922 1260 2961 C⁰m1²l⁰d⁰²
1285 2932 1460 2962 συγκροτεῖν·
1496 2919 1562 2950 Ex*
