1912 3292
30 1129 123 1164 puto;
145 1136 203 1157 nee
216 1128 400 1169 rejecissem,
424 1131 449 1162 si
464 1133 586 1166 codices
601 1136 654 1167 alii
670 1148 754 1170 com-

29 1179 216 1216 probassent.

28 1227 187 1271 Denique,
213 1233 275 1263 huc
289 1233 473 1267 Lactantius
494 1239 675 1272 referendus
697 1250 752 1282 est,

27 1283 70 1314 ad
83 1284 136 1315 vii.
153 1288 181 1316 7.
214 1289 236 1304 “
252 1287 340 1328 Ergo
365 1289 522 1329 Epicurus
547 1295 669 1331 erravit,
699 1298 754 1336 qui

27 1337 51 1353 “
66 1335 229 1374 poetarum
243 1337 276 1367 id
293 1339 433 1379 (nempe,
448 1344 530 1373 sedes
545 1344 676 1386 inseras)
689 1357 753 1378 esse

26 1389 49 1406 “
65 1386 252 1427 figmentum
277 1392 412 1429 putavit3
435 1399 468 1423 et
487 1394 557 1425 illas
577 1396 753 1430 inferorum

6 1474 8 1480 λ
26 1440 49 1456 “
63 1448 182 1478 poenas,
209 1451 280 1481 quae
303 1442 456 1484 ferantur,
482 1446 517 1477 in
532 1449 591 1479 hac
608 1460 674 1482 esse
689 1452 751 1483 vita

5 1521 7 1529 ¹
23 1491 46 1509 “
60 1489 280 1531 interpretatus
293 1494 370 1525 ὅθ’

63 1542 138 1574 Ver.
172 1547 241 1576 993.
278 1545 354 1578 Hoc
390 1548 525 1581 Tantalo
561 1553 749 1594 supplicium

4 1628 9 1635 Ἰ,
21 1594 177 1630 Pindarus
191 1599 343 1641 attribuit,
361 1603 413 1635 01.
427 1604 450 1636 i.
468 1609 518 1637 92.

5 1648 7 1650 Ι
340 1677 404 1702 κορῳ
418 1667 443 1694 δ’
464 1668 514 1696 ἕλει

134 1709 210 1737 Aron
221 1710 360 1746 ὖτεροτλον,

96 1755 159 1781 Tar
171 1756 193 1782 oi
204 1759 296 1793 Πατήρ
309 1760 464 1797 ὑπερκρεμα-

135 1816 183 1837 -σε,
197 1819 314 1844 καρτεραί
329 1822 398 1846 σιω-ῳ
411 1813 483 1844 λιθω,

96 1855 150 1879 Tor
163 1864 210 1880 αιει
221 1865 329 1888 aaronem
342 1864 459 1891 κεφαλας
472 1863 567 1893 fixam,

133 1903 287 1937 Ευφροσυνσες
300 1909 404 1931 αλαται
412 1917 422 1933 .·

15 1966 36 1997 i.
51 1976 77 1997 e.
104 1981 188 1999 κατα,
214 1977 348 2010 κεφαλας
372 1976 483 2009 βαλειν·
506 1979 604 2016 capili
628 1979 742 2018 impin-

16 2028 99 2054 ere:
131 2019 201 2050 vide
226 2030 283 2051 nos
308 2021 348 2052 ad
379 2023 451 2057 Silv.
481 2026 556 2057 Crit.
579 2028 610 2057 ii.
636 2038 665 2067 p.
689 2033 740 2059 54.

18 2069 101 2101 Cum
131 2081 194 2112 quo
223 2072 391 2113 Euripides
424 2075 457 2106 in
487 2078 546 2108 hoc.
578 2081 739 2116 consentit,

16 2123 115 2155 Orest.
145 2127 176 2157 5.
210 2126 358 2158 Lucretio
395 2135 511 2170 nostro,
544 2139 580 2163 ut
609 2133 738 2172 videtur,

6 2179 7 2182 ’
22 2175 144 2207 n·''me
158 2177 386 2211 inobservatus:

89 2239 150 2268 Διος
162 2248 281 2273 muzae,
294 2243 326 2271 ὣς
339 2248 438 2275 λεγυσι,
453 2247 603 2279 Tam-ahor.

87 2288 196 2321 Κορυφῆς
208 2287 388 2324 impu-moira
401 2291 529 2326 δειμαιγων
543 2303 635 2330 wau-pov,

88 2331 146 2367 Αερι
161 2343 283 2362 amntem.

41 2395 61 2415 x
75 2386 190 2426 quibus
203 2389 340 2421 versibus
354 2397 386 2422 et
404 2393 578 2433 scholiaste,
601 2405 675 2426 cum
690 2397 734 2428 al-

28 2446 75 2466 ·ro
89 2436 221 2468 Pindari
242 2447 428 2479 enan-amre,
454 2445 613 2483 probabile
638 2447 734 2479 effici-

29 2757 85 2777 επ·
107 2748 168 2791 o‘puv
181 2763 245 2790 μεν,
268 2753 325 2794 αφ’
341 2754 376 2784 ὦν
395 2753 444 2786 εδει
461 2762 563 2797 φαγειν
577 2772 628 2790 και
650 2772 731 2798 mm,

22 2808 55 2826 m
74 2810 192 2837 γενειως,
212 2802 420 2844 μῇδνναμενας
441 2805 478 2837 δε·
506 2808 553 2839 ὅτε
576 2815 647 2841 ΓΑΡ
669 2811 733 2852 (vel

3 2839 27 2874 f·
37 2846 76 2887 H)
88 2848 197 2882 '‘mv-evo
212 2866 263 2888 της
278 2862 380 2895 λιμνης
398 2870 432 2888 ero
448 2871 556 2898 γενειον,
571 2862 730 2900 cinnama-o.

7 2914 9 2917 .
49 2898 122 2931 Ver.
139 2906 210 2934 994.
231 2906 363 2947 utfama
378 2916 438 2947 est;
464 2911 499 2946 ὦς
522 2919 629 2954 azy-m
645 2914 728 2944 scili-

33 2954 58 2979 ·t
70 2950 129 2982 hoc
145 2960 191 2985 ατ
203 2955 418 2998 Euripideum.

4 3021 7 3028 ¹
48 3008 136 3043 Vol..
157 3013 206 3046 ΙΙ.

12 3064 15 3078 l

486 254 719 303 LIBER
770 257 1121 314 TERTIUS.

722 3027 761 3057 M

1458 286 1544 330 167

196 380 367 424 Prodita
386 390 479 423 sunt
499 398 599 434 esse,
620 385 665 426 in
686 386 767 428 vita
790 397 884 431 sunt
904 394 1044 435 omnia
1063 397 1196 440 nobis:

191 453 279 496 Nec
298 457 418 497 miser
436 456 663 511 inpendens
681 475 881 519 magnum
901 466 1033 518 timet,
1057 472 1163 522 aere,
1187 488 1333 517 saxum

195 528 406 580 Tantalus,
428 538 474 571 ut
493 531 602 574 fama
621 544 695 586 est,
719 538 829 580 cassa
852 539 1070 585 formidine
1089 554 1275 602 torpens3

71 606 154 642 995
187 602 270 643 Sed
291 603 421 660 magis
441 605 483 645 in
505 607 586 649 vita
607 609 746 651 divom
766 622 898 655 metus
918 626 1066 674 urguet
1086 620 1220 663 inanis

187 674 420 728 Mortaleis3
455 694 675 738 casumque
695 685 856 738 timent,
878 704 1001 745 quem
1021 694 1200 750 quoique
1216 697 1320 740 ferat
1339 700 1432 744 fors.

239 749 328 792 Nec
350 751 507 808 Tityon
528 756 712 799 volucres
731 759 891 813 ineunt,
914 765 1155 810 Acherunte
1167 771 1372 825 jacentem
1379 795 1392 826 3

178 822 282 875 Nec,
315 826 415 881 quid
435 828 511 869 sub
531 844 684 888 magno
705 843 936 879 scrutentur
955 849 1135 894 pectore,
1159 846 1383 904 quidquam

180 896 429 954 Perpetuam
447 911 611 946 aetatem
630 918 803 962 possunt
821 914 1000 968 reperire
1018 917 1218 971 profecto,

43 974 150 1010 1000
181 971 321 1021 Quam
340 974 453 1018 lubet
472 977 630 1021 inmani
649 984 835 1039 projectu
855 990 1038 1044 corporis
1058 1001 1202 1035 exstet:

843 1143 920 1174 Ver.
939 1147 1011 1176 995.
1038 1145 1156 1177 Similis
1173 1147 1388 1189 interpretatio
1401 1154 1531 1196 hujusce

798 1193 913 1225 fabulae
937 1196 1081 1228 Ciceroni
1102 1199 1233 1240 placuit,
1254 1202 1294 1233 ad
1314 1204 1407 1236 Tusc.
1430 1207 1530 1249 dispp.

796 1245 835 1276 iv.
859 1250 975 1277 16.—“
990 1259 1086 1288 quam
1107 1250 1170 1281 vim
1204 1253 1281 1283 mah·
1308 1255 1529 1299 significantes,

797 1298 820 1314 ‘⁶
834 1297 933 1335 po'e’tae
964 1300 1129 1339 inpendere
1159 1303 1244 1342 apud
1277 1304 1394 1337 inferos
1421 1320 1528 1342 saccum

797 1350 820 1366 “
841 1350 972 1380 Tantalo
995 1350 1125 1389 faciunt,
1153 1355 1193 1384 ob
1216 1355 1342 1397 scelera,
1366 1360 1528 1403 animique

797 1401 820 1417 “
834 1399 1053 1442 inpotentiam,
1069 1409 1101 1435 et
1115 1407 1442 1449 superbiloquentiam.
1476 1415 1526 1446 Ea

796 1453 818 1468 “
835 1452 1001 1483 conmunis
1014 1464 1107 1493 poena
1131 1457 1270 1488 stultitiae
1292 1467 1352 1491 est:
1380 1464 1527 1497 omnibus

796 1506 818 1522 “
833 1504 930 1543 enim,
945 1516 1080 1547 quorum
1097 1519 1188 1540 mens
1200 1513 1346 1544 abhorret
1361 1525 1379 1545 a
1394 1517 1525 1556 ratione,

794 1558 817 1574 “
833 1566 956 1595 semper
969 1557 1100 1599 aliquid,
1123 1560 1193 1591 aliis
1207 1562 1306 1601 dolor,
1328 1565 1399 1596 aliis
1412 1572 1524 1609 terror,

794 1609 816 1625 “
831 1607 1012 1647 inpendet.”
1045 1611 1128 1643 Vide
1143 1613 1320 1648 Davisium.
1366 1618 1460 1651 Idem
1474 1628 1522 1652 to-

790 1664 938 1698 gatorum
974 1661 1258 1706 eloquentissimus,
1296 1668 1336 1699 de
1365 1669 1440 1702 finn-
1473 1676 1521 1704 18.

792 1712 815 1728 “
832 1710 969 1742 Adcedit
984 1713 1079 1744 etiam
1093 1727 1189 1754 υτον-ε,-
1214 1728 1296 1758 quae,
1312 1721 1400 1760 quasi
1413 1733 1520 1756 saccum

793 1763 815 1779 “
836 1762 977 1800 Tantalo,
1003 1774 1126 1805 semper
1140 1766 1302 1807 inpendet:
1329 1777 1399 1802 tum
1413 1784 1520 1814 super-

791 1815 813 1830 “
829 1813 928 1851 stitio;
950 1815 1012 1855 qua
1028 1817 1083 1856 qui
1098 1824 1145 1848 est
1158 1819 1297 1858 inbutus,
1314 1823 1438 1862 quietus
1452 1835 1520 1857 esse

790 1865 813 1881 “
828 1874 1003 1906 numquam
1020 1869 1150 1907 potest?

831 1916 905 1947 Ver.
923 1922 996 1950 996.
1029 1931 1152 1953 casum.-
1191 1928 1226 1954 Δ.
1257 1936 1517 1969 cassum-quem

786 1971 926 2008 quoique,
947 1970 994 2000 vel
1009 1974 1136 2012 cuique:
1163 1975 1206 2005 sic
1221 1977 1329 2008 omnia
1345 1985 1449 2010 vetera
1462 1991 1516 2011 ex-

786 2019 945 2058 emplaria,
976 2032 1050 2052 cum
1080 2025 1205 2064 scripta,
1242 2033 1313 2058 tum
1346 2029 1510 2070 impressa:

784 2071 916 2103 editores
931 2080 1038 2105 tamen
1057 2087 1095 2107 ex
1110 2078 1238 2110 arbitrio
1259 2093 1467 2126 quemcunque
1481 2087 1516 2117 in

784 2131 932 2157 contextu
954 2138 1102 2168 posuere3
1134 2142 1293 2164 summam
1316 2146 1372 2175 per
1394 2138 1513 2169 insciti-

784 2187 847 2216 am,
863 2189 937 2210 cum
953 2182 1127 2215 temeritate
1143 2186 1401 2224 praefractissima.

827 2230 910 2262 Ibid.
936 2232 1022 2264 Nota
1045 2246 1169 2268 casum.-
1205 2239 1319 2271 alludit
1341 2241 1382 2272 ad
1407 2254 1511 2275 casum

782 2283 1180 2321 lapz'dis.—BENT1.ems.

781 2340 893 2382 Neque
907 2343 1045 2384 illepide,
1068 2357 1139 2379 meo
1165 2350 1274 2381 saltem
1295 2353 1427 2393 judicie,
1444 2362 1502 2385 noS

779 2393 894 2424 fabulae
916 2396 1072 2428 reminisci
1090 2399 1188 2431 Carus
1202 2402 1288 2441 fecit,
1315 2405 1358 2434 sic
1384 2406 1506 2436 adhibi-

778 2443 810 2474 ta
841 2455 914 2476 voce
943 2448 1091 2489 utrinque
1120 2452 1330 2494 pertingente:
1368 2458 1509 2496 quamvis

782 2494 924 2528 Creechii
939 2502 1092 2532 sententia
1107 2502 1141 2533 in
1156 2504 1315 2536 diversum
1330 2508 1428 2538 abeat.

820 2557 895 2588 Ver.
912 2562 982 2591 997.
1005 2549 1135 2595 εἠειιηεῖἕ
1168 2566 1188 2596 i.
1215 2577 1240 2597 e.
1265 2567 1366 2599 δυνεσι-
1388 2568 1506 2601 locutio

777 2614 823 2639 est
839 2609 1010 2652 Homerea,
1029 2615 1091 2646 Od.
1108 2622 1141 2646 Λ.
1159 2619 1231 2648 578.

797 2702 847 2725 Και
860 2702 950 2728 Τιτυην
965 2702 1031 2734 ειδον,
1046 2715 1122 2736 your„-
1136 2707 1250 2741 ερικυδεας
1260 2707 1315 2739 υἱον,

796 2750 907 2780 lienem
920 2759 939 2775 εν
955 2750 1063 2785 &undas
1083 2753 1095 2778 ὁ
1109 2752 1133 2778 δ’
1145 2753 1181 2780 π’
1195 2763 1258 2782 ema
1271 2765 1339 2783 κειτο
1351 2757 1465 2793 πελεθρσε·

795 2795 858 2820 rm!
873 2795 897 2821 ἒξ
906 2806 959 2830 μιν,
971 2797 1084 2838 izoem&
1095 2810 1235 2836 παρημένω,
1246 2802 1313 2839 ἧπαρ
1329 2813 1422 2840 ἔκειρον,

795 2843 900 2878 Aga-pov
916 2854 960 2871 εσω
974 2846 1177 2875 ΔΥΝΟΝΤΕΣ.

777 2917 842 2947 Ubi
858 2920 1030 2961 castigandi
1043 2929 1117 2954 sunt
1131 2924 1321 2965 interpretes.
1360 2929 1500 2971 Ερικυδεας

777 2970 899 3011 utique,
936 2976 1113 3017 πολνφερξε,
1152 2979 1366 3021 παμὲωτειρας,
1398 2982 1501 3011 almae:
