1912 3292
489 263 723 312 LIBER
772 262 1128 314 TERTIUS.

1472 276 1536 318 23

178 400 366 453 Corpora
384 395 550 445 habere,
573 409 707 450 neque
727 408 782 436 ex
802 408 924 450 aequo
943 394 1086 438 fulcire
1106 396 1297 439 salutem:

175 474 257 516 Sed
276 472 406 528 magis
426 470 532 521 haec,
554 471 665 511 venti
686 484 780 525 quae
800 477 896 512 sunt
916 470 1117 527 calidique
1137 473 1299 528 vaporis

174 549 354 597 Semina,
375 560 520 587 curare
540 545 584 586 in
604 545 799 586 membris
819 552 866 587 ut
885 545 970 586 vita
989 555 1188 588 moretur.

170 622 243 663 Est
262 622 388 679 igitur
407 621 533 671 calor,
565 636 613 662 ac
632 628 777 662 ventus
797 621 943 671 vitalis,
966 621 1010 662 in
1029 622 1121 676 ipso

60 700 138 736 130
170 697 371 751 Corpore,
394 696 464 752 qui
485 696 604 736 nobis
623 696 895 737 moribundos
916 695 1067 737 deserit
1086 703 1211 738 artus.

226 770 509 826 Quapropter,
534 771 731 826 quoniam
752 779 812 812 est
832 771 960 812 animi
981 779 1132 812 natura
1150 778 1326 827 reperta,

164 845 304 901 Atque
324 845 490 895 animae,
512 845 628 901 quasi
647 860 743 900 pars
763 844 963 895 hominis3
997 846 1124 887 redde
1144 845 1379 888 harmoniai

160 918 327 961 Nomen
347 919 402 961 ad
421 920 639 977 organicos
660 919 763 960 saltu
784 919 967 961 delatum
991 919 1227 970 Heliconis;

16 1077 39 1094 “
55 1075 229 1116 cogitamus
238 1081 269 1106 et
279 1076 525 1117 gubernamur.”
557 1076 751 1116 Interpretes

13 1126 160 1165 demiror,
176 1129 230 1169 qui
245 1128 363 1168 opinati
380 1129 451 1165 sint,
475 1128 579 1159 adhuc
605 1129 749 1159 Lucreti-

15 1190 72 1210 um
88 1180 127 1211 de
141 1184 244 1212 animo
260 1181 354 1222 loqui.
398 1182 421 1213 J
423 1192 475 1212 am
496 1181 637 1220 probavit
665 1181 748 1212 scili-

15 1238 76 1271 cet,
85 1235 224 1264 animum
237 1244 301 1264 non
313 1244 378 1264 esse
387 1235 525 1274 corporis
535 1234 734 1264 harmoniam
740 1246 750 1272 ;

15 1294 53 1314 ac
75 1285 177 1325 pergit
204 1285 289 1315 idem
311 1285 350 1316 de
364 1284 471 1316 αηίτηιῖ
488 1287 631 1325 probare:
658 1292 690 1316 et
704 1286 749 1315 ita

16 1336 168 1375 capienda
182 1343 227 1367 est
241 1338 419 1377 argumenti
435 1338 493 1367 vis:
522 1341 544 1355 “
561 1337 640 1368 Satis
652 1337 749 1367 etiam

13 1386 170 1427 “liquido
190 1393 283 1426 patet,
307 1390 442 1418 animam
468 1398 592 1428 quoque
617 1388 652 1418 in
678 1398 747 1418 cor-

0 1442 35 1470 ;“
53 1449 128 1478 pore
140 1439 302 1476 contineri,
316 1450 418 1480 neque
430 1439 512 1470 inter
521 1450 631 1470 omnes
645 1447 748 1480 partes

0 1483 1 1495 ¹
14 1493 37 1510 “
54 1501 109 1530 per
123 1491 322 1521 harmoniam
337 1490 498 1532 quandam
514 1492 675 1532 aequaliter
686 1491 747 1522 dif-

10 1546 32 1561 “
48 1542 149 1573 fundi.
195 1543 292 1580 Nam,
309 1544 336 1573 si
351 1545 410 1574 hoc
428 1544 520 1582 foret,
537 1546 681 1575 membro
695 1555 746 1574 re-

9 1596 32 1612 “
47 1593 121 1633 ciso,
144 1594 207 1624 vita
222 1594 420 1635 aliquatenus
435 1595 633 1634 afficeretur-3
657 1595 745 1636 quod

11 1649 32 1664 “
48 1647 246 1686 experientiae
261 1653 429 1688 repugnat:
457 1654 488 1678 et
516 1659 635 1685 rursus,
663 1649 745 1679 inte-

8 1701 30 1717 “
47 1708 104 1740 gro
126 1709 264 1738 corpore,
289 1705 321 1730 et
334 1700 500 1731 3¹concentu
526 1702 744 1731 membrorum

9 1752 32 1768 “
48 1749 128 1780 nihil
142 1752 277 1787 turbato,
304 1752 475 1792 saepissime
496 1751 650 1794 diffugere
667 1752 747 1783 solet

10 1804 33 1821 “
48 1802 169 1841 anima;
192 1802 277 1833 unde
301 1813 338 1833 ea
363 1804 528 1834 harmonia
550 1804 661 1834 itidem
677 1815 742 1834 non

8 1857 32 1873 “
47 1854 154 1884 minus
169 1854 329 1894 premitur.
374 1856 487 1885 Restat
501 1855 607 1896 igitur,
624 1862 660 1886 ut
672 1859 742 1887 ani-

11 1909 34 1925 “
50 1918 100 1937 ma
115 1907 155 1936 sit
168 1907 319 1946 particula
334 1907 481 1948 quaedam
497 1918 592 1944 aurae,
620 1908 668 1939 vel
690 1919 743 1939 va-

10 1962 34 1978 ‘⁵
50 1959 144 1998 poris,
168 1969 187 1989 a
211 1959 359 1989 membris
382 1959 458 1998 ipsis
481 1970 607 1999 prorsus
629 1960 744 1999 aliena,

20 2013 29 2028 ‘
49 2015 82 2040 et
104 2010 233 2040 diversa»
259 2010 519 2041 conformationis
543 2022 580 2041 ac
612 2017 744 2052 naturae,

11 2065 33 2081 “
48 2061 162 2092 alicubi
177 2072 305 2101 corpore
320 2063 578 2102 comprehensa.’'

51 2121 126 2152 Ver.
146 2125 216 2153 119.
241 2132 353 2162 neque:
381 2126 416 2153 Δ.
438 2125 743 2156 nea—harmoniam

10 2175 152 2204 retinere:
180 2172 276 2203 Vind.
299 2173 341 2204 V.
367 2173 415 2204 ed.
442 2174 479 2205 L.
508 2175 557 2206 M.
582 2177 745 2207 harmonia

16 2226 153 2260 *nterire;
180 2224 219 2254 0.
240 2224 345 2260 etiam,
362 2235 436 2255 cum
454 2230 490 2256 Δ.
510 2232 551 2256 Π.
569 2231 602 2257 Σ.
622 2233 665 2258 Ω..
688 2229 743 2258 ha-

32 2282 74 2314 et,
104 2278 247 2307 interire.-
274 2276 359 2306 unde
382 2277 433 2307 vix
462 2277 599 2308 dubitari
631 2285 744 2318 potest,

29 2328 85 2358 uin
112 2337 197 2357 error
219 2327 350 2368 quidam
369 2328 475 2359 locum
490 2329 640 2360 obsideat.
687 2330 743 2360 In-

24 2389 103 2414 erea,
126 2388 178 2408 me
194 2389 258 2408 non
273 2379 399 2420 egregie
416 2380 534 2410 falsum
557 2381 744 2422 conjecturae

34 2429 154 2464 ixerim,
180 2430 207 2459 si
226 2431 461 2461 rescribendum
477 2442 542 2462 esse
557 2442 742 2472 proponam,

14 2481 54 2512 ad
69 2482 155 2511 hunc
169 2480 301 2511 modum
317 2481 464 2523 denique:

146 2555 234 2579 neque
246 2547 379 2573 harmonici
391 2555 487 2581 corpus
497 2549 590 2574 sentire
600 2550 694 2576 solere.

41 2617 192 2642 vanuerat
207 2622 321 2651 nempe
337 2612 529 2643 elementum
552 2625 578 2652 s,
601 2614 664 2645 fine
686 2626 739 2646 vo-

29 2664 113 2695 abuli
128 2664 296 2704 praeeuntis
311 2667 517 2704 abstractum;
533 2673 565 2697 et
579 2677 617 2697 ex
632 2671 741 2710 entire,

50 2722 155 2746 ectum
171 2722 217 2746 est
237 2718 374 2748 interire.
420 2716 510 2747 Nihil
532 2723 640 2749 tamen
666 2720 743 2753 citra

35 2769 227 2800 ecessitatem
268 2780 304 2800 cx
344 2770 525 2812 conjectura
553 2774 744 2805 mutandum

795 1076 1018 1118 suffragantur,
1035 1077 1121 1116 apud
1137 1077 1233 1118 Diog.
1249 1078 1351 1109 La'ert.
1368 1088 1397 1108 x·
1413 1082 1464 1110 66.
1486 1086 1528 1110 Ου

795 1143 853 1171 γαρ
868 1129 953 1161 οἷοντε
970 1135 1092 1160 ΝΟΕΙΝ
1106 1143 1197 1164 αυτ-ην
1218 1131 1285 1171 (τῆν
1297 1131 1420 1172 ψυχήν)
1442 1137 1527 1164 ΑΙΣ-

796 1186 1050 1219 ΘΑΝΟΜΕΝΗΝ,
1071 1195 1113 1220 μη
1131 1194 1156 1212 εν
1171 1195 1266 1221 ‹rou-‘ny
1292 1194 1333 1221 τῳ
1359 1194 1528 1222 συστηματι

794 1246 858 1267 ταις
885 1246 1004 1266 nanno-1
1030 1247 1153 1267 ταυτακς
1179 1247 1338 1275 χρωμενπν,
1367 1235 1409 1264 ὅτ’
1436 1249 1470 1265 αν
1487 1249 1527 1266 τοι

791 1284 980 1324 στεγαζοντα
1005 1297 1055 1314 και
1080 1297 1251 1326 περιεχσντα
1275 1298 1318 1324 μη
1346 1298 1470 1316 ‘rotoewroe
1497 1300 1525 1328 ῃ,

793 1336 838 1366 oa‘oe
854 1349 879 1366 εν
894 1336 931 1370 οἷς
950 1349 991 1366 νυν
1007 1348 1063 1366 εσα
1080 1349 1142 1376 εχει
1159 1350 1273 1371 ταυτας
1288 1351 1342 1371 eug
1357 1350 1487 1372 κινήσεις.

836 1386 918 1417 Ibid.
945 1386 1107 1418 harmonici
1131 1399 1240 1428 corpus
1267 1390 1400 1419 retinere
1408 1403 1418 1420 .·
1455 1389 1475 1420 i.
1499 1400 1526 1420 e.

793 1442 815 1457 “
831 1449 897 1469 non
912 1449 979 1469 esse
994 1440 1193 1470 harmoniam
1208 1440 1313 1479 istam,
1329 1451 1426 1482 quam
1440 1452 1526 1472 com-

793 1493 815 1509 “
831 1491 931 1520 menti
949 1496 1035 1529 sunt,
1059 1502 1114 1531 per
1128 1502 1224 1532 quam
1239 1493 1346 1522 anima
1360 1492 1438 1523 solet
1452 1493 1527 1524 reti-

795 1546 818 1561 “
833 1553 907 1574 nere
929 1553 1043 1583 corpus
1066 1543 1100 1573 in
1121 1542 1217 1573 vitass’
1264 1543 1363 1574 Nulla
1386 1544 1448 1574 alia
1470 1555 1526 1584 ap-

791 1600 887 1633 paret,
903 1594 971 1624 sine
992 1594 1064 1625 mea
1078 1595 1282 1632 divinatione,
1300 1595 1526 1636 interpretandi

792 1646 851 1675 via.
898 1648 1014 1677 Sentire
1038 1652 1156 1683 autem,
1183 1658 1303 1678 sensum
1331 1649 1451 1679 vitalem
1467 1650 1525 1679 Ιια-

790 1698 872 1733 bere;
889 1697 974 1738 quod
985 1697 1175 1728 facillimum
1190 1698 1312 1738 fuisset,
1326 1705 1420 1740 atque
1431 1699 1526 1741 longe

790 1749 1071 1788 simplicissimum:
1100 1750 1155 1780 sed
1176 1750 1306 1781 lectores
1322 1751 1450 1791 proprio
1470 1752 1524 1794 ju-

790 1802 873 1833 dicio
888 1802 1042 1834 fruantur.

832 1853 914 1885 Ibid.
937 1857 1142 1886 harmoniam.
1189 1856 1385 1894 Lactantius,
1401 1857 1453 1888 vii.
1473 1861 1521 1890 15.

790 1909 812 1924 ‘⁴
831 1905 917 1942 Quid
950 1906 1176 1939 Aristoxenus?
1213 1908 1268 1949 qui
1298 1909 1424 1950 negavit
1453 1919 1523 1940 om-

791 1960 813 1976 “
829 1958 906 1988 nino
922 1958 1021 1989 ullam
1036 1970 1102 1990 esse
1116 1961 1270 1999 animam,
1283 1962 1378 1992 etiam
1390 1972 1464 1992 cum
1476 1962 1522 1992 vi-

790 2013 813 2028 “
829 2010 873 2040 vit
887 2010 921 2040 in
936 2020 1063 2050 corpore
1069 2023 1078 2048 ;
1103 2011 1166 2048 sed,
1191 2012 1274 2042 sicut
1294 2012 1328 2042 in
1343 2012 1458 2044 fidibus
1471 2024 1523 2044 ez·-

790 2065 813 2080 “
829 2064 963 2093 tensione
1006 2073 1176 2093 nervorum
1212 2063 1293 2095 effici
1332 2065 1522 2096 concordem

790 2117 812 2132 ‘⁴
828 2124 953 2151 sonum,
984 2121 1078 2155 atque
1107 2121 1248 2153 cantum,
1284 2127 1379 2157 quem
1408 2117 1521 2148 musici

790 2170 812 2186 “
830 2167 1027 2198 harmoniam
1041 2174 1168 2206 vocant;
1184 2170 1228 2199 ita
1245 2168 1279 2199 in
1289 2170 1472 2208 corporibus
1482 2180 1520 2200 ex

790 2220 812 2235 ‘⁴
829 2227 980 2258 compage
994 2218 1148 2248 viscerum
1165 2229 1200 2248 ac
1214 2219 1321 2259 vigore
1345 2219 1450 2261 (forte,
1474 2222 1520 2251 ri-

790 2272 812 2287 “
825 2268 913 2309 gare)
938 2270 1154 2300 membrorum
1169 2270 1234 2300 vim
1249 2269 1404 2301 sentiendi
1423 2271 1519 2301 exsis-

789 2322 812 2338 “
828 2326 905 2350 tere:
925 2331 988 2361 quo
1000 2321 1080 2350 nihil
1092 2321 1153 2351 dici
1169 2321 1297 2351 delirius
1308 2322 1442 2360 potest.”
1469 2322 1519 2352 Ita

788 2371 1001 2402 scribendum:
1021 2371 1125 2412 vulgo,
1139 2383 1173 2403 ez·
1189 2374 1376 2409 z'ncentz'one;
1391 2372 1444 2403 sed
1456 2379 1519 2403 tres

786 2421 858 2453 libri
876 2423 972 2454 MSS.
987 2426 1165 2454 extensione.

831 2474 905 2505 Ver.
923 2479 993 2506 122.
1016 2486 1158 2506 rursum:
1186 2475 1229 2506 sic
1245 2476 1282 2506 P.
1299 2475 1395 2506 Vind.
1412 2475 1453 2506 V.
1469 2475 1516 2506 ed.

789 2527 828 2558 Ο.
856 2532 890 2558 Δ.
908 2534 949 2558 Π.
966 2532 1001 2559 Σ.
1026 2527 1134 2568 vulgo,
1161 2529 1448 2559 rursus.—-calorz's.·
1475 2528 1516 2558 V.

786 2578 833 2609 ed.
849 2581 947 2610 calore
953 2593 964 2614 ;
988 2580 1026 2610 B.
1040 2581 1136 2610 colore
1142 2595 1152 2615 ;
1172 2578 1374 2609 usitatissima
1389 2589 1517 2618 permu-

784 2631 911 2661 tatione.

831 2682 905 2713 Ver.
926 2686 997 2714 123.
1014 2695 1072 2724 per
1095 2695 1126 2714 os
1148 2685 1248 2714 editus
1270 2685 1334 2714 azir.
1379 2683 1516 2713 Homeri

786 2739 891 2764 noster
915 2734 1037 2764 videtur
1061 2745 1124 2764 non
1140 2734 1265 2771 oblitus,
1288 2733 1328 2765 ad
1345 2733 1384 2765 11.
1402 2741 1424 2766 Ι.
1440 2737 1513 2767 408.

788 2784 895 2816 locum
910 2784 1004 2825 longe
1019 2785 1264 2816 nobilissimum:

827 2850 918 2885 Ανδρος
931 2848 956 2876 δε
967 2850 1074 2874 ΨΥΧΗ
1087 2853 1163 2875 sarman
1175 2848 1245 2876 ελθειν
1256 2858 1300 2876 urs
1309 2850 1410 2881 inirem,

823 2897 881 2924 Ovo'
896 2897 974 2928 ἑλετη,
995 2906 1042 2925 effu
1053 2907 1085 2933 οιρ
1102 2906 1143 2924 κεν
1157 2898 1370 2925 ΑΜΕΙΨΕΤΑῙ
1389 2894 1510 2924 ἘΡΚΟΣ

939 2945 1122 2972 ΟΔΟΝΤΩΝ.
