1912 3292
437 283 670 334 LIBER
714 276 1095 336 QUARTUS.

1428 279 1522 321 335

174 423 384 476 Tempora
402 415 530 458 multa
549 414 692 460 latent,
712 410 819 450 ratio
839 421 932 462 quae
952 406 1138 460 conperit
1158 405 1266 447 esse?

179 497 404 551 Propterea
421 489 482 538 fit,
505 487 589 528 utei
609 499 691 541 quo
710 483 770 524 vis
789 482 834 522 in
853 488 1039 535 tempore
1059 494 1231 534 quaeque

179 571 336 613 Praesto
355 566 435 607 sint
455 561 685 610 simulacra,
705 558 816 599 locos
834 556 880 596 in
900 568 1096 611 quosque,
1117 561 1273 608 parata:

70 651 152 688 800
183 645 320 687 Tanta
339 647 398 682 est
416 636 636 685 mobilitas,
668 641 708 675 et
726 645 866 674 rerum
885 629 1003 684 copia
1024 634 1153 668 tanta:

181 718 296 768 Hoc,
317 715 389 757 ubi
408 713 544 769 prima
563 709 699 766 periit,
722 707 882 762 alioque
902 712 961 746 est
980 703 1107 745 altera
1125 708 1224 742 nata

183 792 290 834 Inde
308 797 430 838 statu,
461 787 576 842 prior
594 784 686 825 heic
706 789 866 839 gestum
886 786 1064 822 mutasse
1082 777 1257 818 videtur.

184 866 256 915 Et,
288 864 384 920 quia
402 861 542 903 tenuia
563 866 672 907 sunt,
705 856 783 897 nisi
804 869 896 910 quae
917 851 1143 901 contendit,
1176 856 1293 890 acute

185 939 366 981 Cernere
386 950 473 977 non
493 933 600 989 potis
620 939 680 973 est
699 930 878 977 animus3
909 926 1085 982 proinde
1105 924 1258 973 omnia,
1287 935 1380 978 quae
1400 929 1493 962 sunt

185 1013 408 1060 Praeterea,
439 1014 628 1064 pereunt,
660 1004 737 1045 nisi
758 1017 850 1059 quae
871 1016 924 1042 ex
943 1015 1027 1041 sese
1045 1000 1131 1054 ipse
1150 996 1320 1054 paravit.

186 1087 281 1142 Ipse
299 1092 419 1141 parat
438 1097 522 1125 sese
542 1095 684 1137 porro,
707 1085 921 1134 speratque
940 1075 1136 1124 futuram,

46 1274 130 1300 nere,
159 1270 216 1302 pro
237 1259 434 1300 reliquorum
453 1255 599 1287 omnium
620 1254 773 1284 librorum

43 1316 188 1352 lectione,
202 1319 261 1350 esst
277 1321 316 1342 ex
334 1309 454 1341 Aldina
464 1308 632 1348 posteriore
647 1313 678 1336 et
688 1305 710 1337 J
712 1314 773 1335 un-

47 1367 127 1399 tina:
165 1375 264 1407 quum
295 1372 422 1393 sensum
451 1358 774 1397 constructionemque

47 1427 196 1451 versuum
220 1415 310 1446 aliter
338 1411 482 1452 expedire
511 1409 656 1442 machina
688 1406 775 1439 nulla

46 1468 208 1512 quiverim.
253 1464 360 1496 Poetae
382 1467 523 1494 mentem
547 1461 591 1491 sic
613 1459 772 1498 concipio:

47 1525 72 1540 “
90 1520 144 1551 An
159 1520 199 1550 ob
221 1518 302 1547 hanc
323 1524 466 1546 caussam
487 1512 588 1543 varios
609 1517 714 1541 motus
732 1509 773 1539 si-

47 1575 71 1592 “
86 1570 301 1602 mulacrorum
328 1566 460 1604 tuimur,
494 1564 567 1605 quia
596 1568 776 1601 temporum

48 1626 72 1643 “
88 1622 280 1654 diversorum
301 1624 407 1649 motus
427 1626 531 1647 unum
551 1621 675 1654 tempus
689 1622 774 1644 com-

51 1679 74 1695 “
90 1672 256 1715 plectitur?
281 1669 560 1713 quemadmodum,
578 1666 698 1708 quoties
713 1675 779 1695 una

52 1729 77 1747 “
93 1737 153 1757 vox
178 1723 340 1761 emittitur,
374 1720 517 1762 quamvis
545 1729 611 1749 uno
639 1724 778 1755 tempore

52 1782 77 1798 ‘⁶
91 1778 212 1809 dicatur
226 1774 320 1810 mitti,
343 1772 443 1813 pluria
465 1777 605 1809 tempora
624 1766 779 1809 gradatim

42 1831 78 1848 ⁴“
94 1827 307 1863 absolvuntur,
339 1822 510 1862 unicuique
539 1819 655 1851 scilicet
683 1818 781 1848 literae

55 1883 78 1899 ‘⁸
95 1877 250 1920 gradatim
265 1873 476 1914 exprimendae
490 1869 662 1910 impensa.”
708 1870 782 1899 Hoc

58 1930 86 1961 si
111 1939 176 1960 non
207 1925 339 1958 voluerit
361 1923 535 1958 Lucretius,
565 1931 694 1952 sensum
723 1919 784 1950 loci

58 1986 220 2022 penetrare
243 1977 333 2008 nullo
357 1975 452 2006 modo
481 1984 627 2014 possum;
658 1978 689 2003 et
711 1981 785 2001 sane

57 2037 183 2074 propter
198 2029 414 2061 difficultatem
429 2037 484 2066 pro
500 2026 604 2066 spurio
620 2023 714 2055 multi
729 2025 784 2053 ha-

57 2086 212 2116 buerunt:
240 2080 305 2119 sed,
326 2079 446 2120 quoties
468 2087 611 2107 summus
626 2075 665 2105 sit
680 2085 785 2117 exuem-

60 2135 197 2176 plarium
230 2137 373 2162 veterum
408 2139 586 2166 consensus,
623 2126 787 2157 dissolvere

61 2185 183 2218 nodum
197 2188 332 2223 praestat,
359 2180 387 2210 si
401 2178 547 2211 solvendo
561 2178 670 2214 simus,
692 2186 788 2218 quam

61 2236 212 2268 violenter
225 2243 379 2273 rumpere.

105 2296 182 2326 Ver.
198 2298 270 2326 799.
292 2295 370 2324 sint:
396 2290 494 2322 Vind.
512 2289 552 2320 V.
575 2288 622 2319 ed.
641 2289 681 2319 B.
697 2288 734 2318 L.
752 2291 787 2318 Δ.

66 2354 107 2379 Π.
122 2351 158 2378 Σ.
181 2348 231 2381 in-;
258 2344 306 2374 M.
321 2345 388 2375 sin.-
415 2342 469 2372 sed
479 2341 604 2371 nullum
619 2349 683 2370 esse
699 2339 788 2369 dubi-

63 2398 153 2430 tandi
180 2397 287 2427 locum
313 2395 351 2425 de
376 2393 504 2435 vulgata
527 2402 602 2422 voce
629 2401 791 2422 censeo.—

64 2453 160 2482 locos:
181 2449 221 2479 Ο.
233 2452 269 2479 Σ.
283 2449 364 2482 locis,
376 2452 412 2477 ut
427 2445 578 2476 editiones
592 2453 791 2480 communes;

66 2500 194 2532 vetustis
215 2497 364 2537 exemplis
385 2496 536 2527 universis
558 2499 666 2525 contra
683 2493 792 2524 stanti-

67 2555 136 2588 bus,
160 2561 225 2581 non
249 2547 661 2587 auscultanda—quosque:
690 2544 733 2574 sic
755 2544 793 2575 P.

70 2610 106 2636 Δ.
123 2610 164 2635 Π.
190 2602 303 2642 reliqui
329 2610 450 2638 omnes,
476 2601 618 2640 quisqam
642 2606 712 2637 quae
735 2605 795 2625 vox

67 2665 132 2697 quo
146 2658 236 2694 pacto
251 2662 324 2683 cum
337 2653 416 2682 locos
438 2650 473 2681 in
496 2649 560 2680 una
583 2648 655 2679 sede
680 2646 795 2677 morari

72 2711 176 2748 queat,
202 2714 267 2734 non
290 2702 424 2734 invenio.
470 2700 565 2737 Quod
594 2699 690 2737 edidi,
712 2698 799 2738 prius

71 2769 110 2788 ex
125 2755 305 2798 conjectura
319 2755 511 2794 scripseram,
532 2762 626 2794 quam
639 2751 736 2781 libros
749 2750 799 2780 ul-

75 2809 122 2840 los
145 2807 287 2839 noverim
309 2806 538 2837 concordantes.
582 2805 622 2835 In
644 2804 722 2833 locos
744 2812 800 2831 au-

78 2869 144 2891 tem
157 2859 395 2901 exquisitissime
411 2857 530 2888 dietum
552 2860 598 2886 est
610 2864 667 2894 pro
681 2853 803 2894 vulgari

78 2915 111 2944 in
126 2915 215 2945 locis:
240 2923 291 2944 me
313 2912 417 2943 videas
439 2911 479 2942 ad
501 2911 520 2941 i.
541 2913 611 2941 889.
639 2908 803 2949 Hyginus,

80 2965 141 2997 fab.
156 2965 209 2998 xli.
246 2969 268 2986 “
286 2966 391 3003 Quem
423 2970 510 3006 pater
545 2972 620 2995 cum
656 2961 804 2998 mitteret,

816 1253 838 1269 ‘⁴
854 1246 996 1289 praedixit
1021 1246 1058 1281 ei,
1082 1250 1130 1282 ut,
1153 1242 1180 1273 si
1202 1241 1299 1272 victor
1324 1246 1538 1276 reverteretur,

816 1304 839 1320 “
851 1299 922 1329 vela
936 1296 1070 1328 candida
1095 1298 1127 1325 z'n
1152 1304 1257 1324 navem
1272 1291 1428 1322 haberet.'’
1475 1291 1539 1326 Qui

815 1351 903 1381 locus
931 1347 1159 1379 incontinentes
1188 1349 1398 1374 correctorum
1426 1351 1540 1371 manus

819 1406 962 1442 expertus
977 1405 1035 1435 est,
1050 1396 1229 1429 Munckero
1243 1401 1350 1426 tamen
1363 1394 1476 1424 merito
1490 1392 1542 1423 de-

818 1455 933 1485 fensus.
978 1451 1081 1489 Idem,
1107 1449 1167 1480 fab.
1195 1447 1315 1478 cxxxix.
1339 1450 1360 1465 “
1377 1446 1465 1477 Juno
1485 1455 1542 1474 au-

820 1508 842 1523 “
857 1511 921 1535 tem
935 1504 957 1535 J
959 1512 1049 1533 ovem
1065 1504 1097 1532 z'n
1117 1501 1254 1532 Cretensi
1268 1496 1370 1529 insulsi
1385 1495 1529 1527 detulitss‘

860 1563 934 1593 Ver.
953 1565 1025 1592 800.
1056 1562 1157 1591 Tanta
1187 1565 1230 1589 est
1255 1559 1406 1588 mobilitas
1431 1562 1475 1586 et:
1505 1554 1543 1585 P.

825 1617 925 1647 Tanta
952 1616 999 1645 his
1024 1613 1174 1643 mobilitas
1198 1617 1242 1647 et;
1264 1608 1362 1639 Vind.
1377 1608 1419 1637 V.
1444 1605 1492 1636 ed.
1508 1606 1546 1636 L.

820 1673 856 1698 Δ.
873 1674 914 1698 Π.
931 1671 966 1698 Σ.
988 1667 1089 1696 Tanta
1105 1665 1255 1695 mobilitas
1269 1667 1339 1697 stet,·
1368 1661 1416 1690 Μ.
1445 1660 1544 1689 Tanta

820 1720 984 1750 mobilitast
998 1723 1042 1748 et:
1068 1716 1137 1746 vide
1151 1720 1221 1755 post
1234 1724 1295 1744 ver.
1312 1716 1330 1743 7
1334 1716 1350 1743 7
1356 1715 1525 1743 7.—-rerum
1534 1724 1543 1739 :

821 1769 964 1810 vulgares
980 1767 1064 1803 editi,
1079 1777 1181 1797 eorum
1188 1780 1200 1801 ;
1226 1773 1336 1794 verum
1350 1768 1456 1792 tamen
1471 1771 1546 1791 con-

823 1829 871 1852 tra
884 1821 978 1851 libros
992 1829 1109 1850 omnes.

829 1874 998 1910 Caeterum,
1013 1871 1076 1901 duo
1091 1879 1206 1907 versus,
1229 1867 1283 1908 qui
1299 1870 1481 1906 sequuntur,
1498 1874 1550 1894 ex-

827 1924 901 1964 pelli
915 1923 1015 1954 solent
1033 1920 1217 1957 editoribus;
1239 1917 1380 1959 quamvis
1405 1927 1445 1946 ne
1468 1926 1552 1946 unus

827 1975 954 2016 quidem
969 1978 1110 2004 vetustus
1123 1971 1202 2001 liber
1216 1970 1279 2000 illis
1294 1975 1404 1999 careat.
1452 1966 1552 1997 Nobis

828 2037 893 2056 non
919 2026 994 2055 libet
1019 2025 1063 2054 ita
1087 2029 1204 2053 temere
1229 2031 1297 2050 rem
1326 2019 1553 2054 administrare,

829 2087 887 2107 nec
911 2076 985 2106 licet
1005 2074 1152 2105 modestis
1177 2083 1264 2103 sane:
1292 2071 1358 2110 sed,
1384 2076 1420 2100 ut
1441 2068 1556 2100 indicis

830 2128 955 2160 numeri
985 2130 1215 2160 conserventur,
1254 2134 1320 2153 non
1349 2123 1382 2152 in
1409 2121 1554 2152 ordinem

831 2181 920 2212 seriei
935 2179 1094 2219 potuimus
1109 2176 1280 2207 admittere.
1318 2174 1429 2211 Porro,
1446 2186 1479 2203 το
1493 2179 1556 2203 sla-

832 2237 888 2266 tim
902 2244 958 2273 pro
976 2234 1069 2269 stam,
1095 2230 1145 2260 vel
1166 2235 1292 2266 statum,
1318 2227 1352 2257 in
1378 2225 1558 2256 recensione

832 2286 988 2316 variarum
1002 2283 1173 2313 lectionum
1189 2276 1468 2316 Havercampiana,
1484 2285 1557 2314 ope-

834 2338 988 2367 rariorum
1010 2333 1158 2364 mendam
1173 2338 1258 2372 puto.
1304 2331 1350 2360 At
1372 2328 1456 2358 enim
1470 2332 1558 2366 pote-

835 2400 884 2420 ras
897 2390 957 2419 hoc
971 2386 1066 2417 modo
1080 2385 1190 2426 legere,
1213 2393 1249 2413 ac
1264 2381 1469 2421 distinguere:

1166 2466 1272 2496 alioque
1282 2467 1321 2489 est
1332 2463 1416 2487 altera
1426 2463 1491 2484 nata

852 2510 918 2534 Inde
927 2508 1023 2538 statim,
1033 2507 1103 2539 prior
1114 2506 1165 2530 heic
1176 2508 1281 2537 gestum
1294 2505 1411 2526 mutasse
1421 2499 1542 2523 videtur:

838 2589 892 2620 sed
916 2587 1043 2628 vulgata
1064 2586 1154 2618 nobis
1175 2582 1320 2614 arrident.
1364 2580 1408 2610 Et
1422 2581 1486 2610 haec
1502 2577 1566 2616 Pii,

839 2640 904 2670 vice
913 2641 972 2675 hic,
982 2638 1030 2669 vel
1039 2640 1113 2672 heic,
1124 2633 1331 2666 emendatoris
1337 2637 1381 2661 est
1389 2629 1562 2670 cujusdam,

841 2691 1061 2731 proprietatem
1077 2688 1160 2718 vocis
1175 2696 1239 2716 non
1253 2681 1564 2723 dispicientis.-mu-

843 2749 937 2774 tasse:
964 2741 1003 2772 V.
1019 2740 1066 2771 ed.
1082 2741 1224 2769 z'mitasse.

888 2803 962 2832 Ver.
979 2804 1051 2831 801.
1073 2810 1158 2840 quae:
1183 2796 1278 2837 vulgo
1299 2806 1341 2833 se,
1363 2800 1395 2824 at
1408 2797 1516 2823 contra
1530 2790 1568 2820 li-

846 2857 931 2891 bros;
955 2851 1110 2883 temeriter
1135 2855 1166 2880 et
1191 2848 1323 2879 indocte.
1372 2842 1570 2876 Constructio

847 2906 940 2947 plena
955 2910 1010 2943 est,
1027 2907 1049 2922 “
1066 2902 1137 2933 Nisi
1152 2911 1222 2943 quae
1237 2897 1397 2931 contendit
1411 2891 1568 2927 cernere:⁷'

848 2958 868 2990 i.
884 2969 910 2990 e.
935 2957 1074 2992 enititur,
1097 2960 1129 2986 et
1154 2964 1246 2994 opere
1271 2951 1409 2984 maximo
1435 2951 1574 2978 conatur.
