1912 3292
296 219 388 264 172
792 212 852 260 T.
902 212 1281 262 LUCRETII

302 349 319 383 1
326 347 408 384 015
440 342 646 394 Volvitur,
667 351 708 386 et
727 344 839 400 plani
858 346 1008 401 raptim
1027 346 1129 402 petit
1148 360 1317 402 aequora
1337 346 1483 401 campi.

499 418 680 469 Deinde,
703 419 830 460 animi
850 420 1055 478 ingratam
1075 430 1266 463 naturam
1286 435 1452 476 pascere
1472 433 1648 474 semper,

444 492 584 548 Atque
604 492 767 547 explere
787 493 906 534 bonis
926 494 1064 545 rebus,
1086 495 1328 550 satiareque,
1351 508 1597 549 numquam3

448 565 576 615 Quod
595 565 750 608 faciunt
770 567 888 608 nobis
909 582 1112 609 annorum
1135 577 1337 624 tempora,
1360 569 1516 610 circum

449 639 591 689 Quom
612 640 801 691 redeunt,
823 640 1006 696 fetusque
1026 641 1177 691 ferunt,
1199 642 1413 696 variosque
1432 640 1610 696 lepores;

396 796 419 820 0
434 794 536 820 seclum
547 794 671 826 insipiens
682 798 710 820 et
722 794 860 820 inficetum
874 798 880 821 !
1079 799 1183 830 nullos
1198 800 1318 830 fructus
1333 799 1424 838 capit,
1440 798 1572 839 ideoque
1588 796 1692 828 nullas
1705 800 1807 838 grates

306 863 328 877 “
350 858 394 888 At
409 857 660 897 Sisyphus—qui
681 867 768 888 nune
789 858 902 890 dicitur
917 871 1036 898 saxum,

307 913 329 929 “
345 914 470 949 propter
504 907 700 947 inpietatem,
737 911 879 941 adversus
908 918 1038 942 montem

309 965 332 980 “
347 961 390 992 ad
421 960 538 990 inferos
566 961 737 992 cervicibus
771 962 908 1000 volvere5
944 963 1041 1003 quod,

309 1019 332 1035 “
347 1026 422 1047 cum
444 1016 485 1047 ad
509 1027 660 1048 summum
687 1018 826 1047 verticem
850 1016 1043 1055 perduxerit,

309 1071 331 1087 “
348 1079 470 1100 rursum
486 1067 634 1099 deorsum
649 1073 718 1108 post
732 1078 764 1098 se
778 1068 978 1099 revolvatur.’'

358 1119 434 1150 Ver.
455 1123 545 1150 1014.
569 1131 607 1150 a:
634 1119 671 1150 P.
688 1119 727 1150 Ο.
750 1130 782 1156 e;
806 1120 893 1150 abest
913 1120 1045 1151 omnino

311 1170 489 1211 praepositio
504 1171 545 1201 V.
569 1169 617 1201 ed.
632 1170 670 1200 L.
690 1171 737 1201 M.
757 1177 797 1201 Π.
822 1175 856 1202 Σ.
875 1177 919 1202 Ω..
944 1182 1045 1212 neque

312 1221 466 1260 dubitem,
481 1221 559 1262 quin
574 1221 753 1259 emendate3
771 1231 846 1252 nam
860 1222 1044 1253 Lucretium

309 1271 516 1313 judicaverim
531 1272 575 1302 sic
591 1272 680 1304 aliter
700 1273 869 1312 scripsisse:

313 1343 427 1373 Saxum,
435 1343 508 1374 quod
519 1343 621 1368 tandem
629 1350 738 1368 summo
747 1344 803 1374 jam
813 1344 916 1370 vortice
926 1351 1044 1370 rursum.

314 1412 359 1442 Et
372 1411 454 1443 illud
475 1415 597 1445 tandem
620 1423 752 1454 magnos
774 1413 905 1451 labores,
928 1425 1045 1456 magno

315 1469 455 1504 tempore
469 1465 633 1505 perfectos,
657 1466 774 1505 optime
790 1465 992 1506 significabit3
1015 1474 1047 1498 at

317 1515 480 1547 frustratos
494 1517 639 1558 denique.
681 1518 927 1549 Commutantur
942 1519 1048 1550 scribis

316 1573 418 1598 tamen
434 1574 465 1599 et
479 1572 603 1600 tandem
619 1573 708 1599 voces
722 1568 763 1599 ad
779 1569 846 1600 Liv.
862 1580 930 1600 xxv.
951 1574 1001 1601 27.
1020 1574 1048 1601 8.

317 1629 390 1649 xxx.
405 1623 458 1651 50.
477 1623 527 1651 25.
551 1631 609 1651 nec
639 1631 704 1652 non
730 1621 845 1653 alicubi
874 1621 906 1652 in
924 1622 962 1652 V.
988 1623 1050 1653 Pa-

320 1671 447 1701 terculo.
494 1672 580 1707 Quid
606 1672 732 1708 mirum,
764 1672 916 1703 confundi
945 1680 988 1708 tn,
1020 1680 1052 1703 et

321 1730 376 1760 tm,
394 1723 561 1754 festinante
575 1723 711 1760 librario,
727 1724 776 1754 vel
791 1725 991 1765 negligente?

365 1772 438 1804 Ver.
456 1777 548 1805 1015.
570 1777 684 1814 raptim
695 1777 775 1815 petit
790 1786 914 1816 oequora
942 1779 1054 1816 campi.

325 1824 417 1856 Prior
431 1824 567 1862 Ennius,
584 1825 687 1856 annal.
702 1825 734 1855 ii.

581 1896 714 1918 tractatus
725 1900 773 1926 per
785 1900 886 1927 equora
899 1895 990 1927 campi.

326 1951 454 1982 Deinde
470 1953 679 1992 Mantuanus,
697 1954 771 1984 AEn.
787 1953 837 1983 vii.
854 1956 926 1984 781.

390 2025 469 2051 Filius
476 2025 594 2051 ardentis
604 2026 677 2050 haud
687 2025 771 2051 secius
781 2032 880 2057 equore
890 2026 971 2057 campi

388 2065 541 2090 Exercebat
551 2071 645 2096 equos.

330 2135 398 2166 Nec
412 2135 535 2176 pulchri
551 2146 658 2167 versus
673 2136 801 2173 Avieni,
816 2137 849 2166 in
863 2137 951 2167 Aret.
966 2139 978 2167 1
990 2140 1057 2168 104.

328 2186 408 2217 nihil
423 2187 536 2218 debent
551 2187 625 2218 huie
639 2187 709 2218 loco
723 2188 875 2218 Lucretii:

741 2269 813 2300 Jovis
824 2269 877 2294 ales
889 2269 916 2293 in
926 2269 1012 2294 altum

361 2309 507 2339 conditur,
523 2312 551 2334 et
562 2308 627 2334 totis
637 2308 730 2341 raptim
738 2310 802 2342 petie
812 2316 914 2342 aequora
925 2311 1028 2342 pennis.

333 2382 455 2421 AEquor
471 2386 577 2411 autem
592 2386 638 2411 est
657 2381 813 2422 quaepiam
836 2381 930 2421 plana
955 2392 1062 2422 super-

333 2430 429 2470 ficies,
446 2438 481 2462 ut
497 2442 607 2463 omnes
631 2440 760 2463 norunt:
787 2433 856 2464 vide
882 2444 940 2463 nos
965 2444 1066 2473 nuper

334 2481 373 2512 ad
398 2493 458 2514 ver.
476 2486 547 2516 905.
570 2489 602 2514 et
628 2484 867 2524 Havercampus
889 2490 1064 2525 opportune

335 2533 474 2565 admovit
497 2535 694 2575 Ciceronem,
717 2536 757 2567 de
779 2537 839 2567 div.
863 2537 884 2567 i.
899 2541 1017 2568 42.—“
1033 2542 1065 2568 et

336 2587 357 2602 “
375 2585 460 2616 enim
477 2587 631 2627 AEgyptii,
647 2593 679 2618 et
694 2587 871 2628 Babylonii,
890 2589 922 2618 in
938 2600 1059 2629 campo-

337 2639 359 2654 “
377 2649 445 2668 rum
475 2639 652 2678 patentium
679 2642 851 2681 aequorihus
880 2641 1060 2677 habitantes

339 2694 360 2709 “
377 2702 475 2732 quum
486 2703 523 2724 ex
533 2693 616 2725 terri
626 2694 706 2725 nihil
718 2695 880 2733 emineret,
893 2695 977 2736 quod
989 2705 1062 2726 con-

339 2745 362 2759 “
379 2742 575 2782 templationi
599 2745 668 2776 coeli
695 2745 827 2777 obficere
853 2753 967 2786 posset,
998 2757 1066 2777 om-

340 2795 453 2823 “nem
468 2804 576 2826 curam
590 2796 623 2826 in
645 2796 783 2828 siderum
807 2797 987 2839 cognitione
1011 2807 1066 2837 po-

341 2847 366 2862 “
381 2845 541 2875 suerunt.’‘

384 2894 457 2926 Ver.
487 2899 577 2928 1016.
610 2899 764 2938 ingratam
796 2906 958 2931 naturam:
995 2899 1069 2940 quia

1081 853 1182 882 habet.
1229 851 1279 882 Sic
1297 851 1461 887 Horatius,
1476 856 1531 880 sat.
1548 850 1570 880 i.
1588 853 1616 881 2.
1633 853 1662 880 8.

1216 925 1236 949 si
1248 925 1422 956 perconteris,
1434 924 1477 948 avi
1488 930 1547 953 cur,
1557 927 1640 954 atque
1653 923 1780 955 parentis,

1115 965 1272 988 Praeclaram
1280 964 1383 996 ingram
1392 963 1506 995 stringat
1517 962 1603 987 malus
1613 961 1732 994 ingluvie
1743 969 1811 988 rein:

1087 1026 1107 1056 i.
1123 1036 1150 1057 e.
1173 1027 1281 1057 omnia
1295 1032 1418 1067 mergat
1431 1026 1466 1056 in
1487 1031 1626 1056 ventrem
1640 1025 1813 1067 ingratum,

1088 1083 1119 1107 et
1141 1077 1300 1117 disperdat
1323 1087 1464 1117 prorsus;
1486 1077 1530 1107 ita
1554 1082 1591 1107 ut
1613 1077 1721 1108 omnia
1746 1078 1817 1118 ejus

1088 1129 1254 1160 commoda
1265 1129 1391 1169 penitus
1401 1128 1562 1168 perierint,
1575 1134 1606 1158 et
1614 1129 1734 1159 nemini
1744 1139 1815 1168 pro-

1089 1181 1188 1211 fectus
1202 1180 1333 1211 venerit:
1359 1180 1428 1210 vide
1443 1189 1546 1219 supra,
1562 1189 1639 1210 verr.
1657 1182 1729 1212 955.
1740 1183 1816 1212 971.

1090 1233 1261 1263 Enarrator
1279 1231 1480 1272 Cruquianus
1501 1241 1566 1261 rem
1583 1241 1647 1262 non
1662 1231 1774 1270 tenuit,
1789 1237 1821 1263 et

1089 1284 1190 1314 multo
1205 1284 1311 1314 minus
1328 1284 1493 1321 Baxterus‚
1509 1283 1696 1314 vanissimus
1717 1290 1749 1314 et
1769 1283 1819 1314 in-

1088 1335 1355 1366 fructuosissimus
1383 1344 1555 1375 gerronum
1583 1334 1738 1371 omnium,
1761 1335 1817 1376 qui

1089 1397 1162 1418 cum
1177 1387 1264 1418 tenui
1279 1386 1422 1417 doctrina
1432 1385 1552 1427 grande
1564 1386 1766 1426 supercilium
1777 1387 1818 1417 ad

1090 1445 1206 1470 veteres
1221 1440 1383 1479 scriptores
1397 1438 1570 1469 attulerint.

1136 1492 1208 1521 Ver.
1226 1494 1318 1522 1017.
1343 1490 1468 1521 Nonius
1479 1489 1663 1528 Marcellus,
1674 1490 1715 1522 ad
1730 1500 1757 1521 v.
1770 1494 1820 1522 15.

1093 1542 1181 1573 nobis
1195 1542 1318 1573 videtur
1333 1541 1372 1572 de
1387 1542 1447 1572 hoc
1461 1541 1531 1571 loco
1545 1541 1737 1572 verissimam
1752 1552 1824 1572 sen-

1094 1594 1225 1624 tentiam
1241 1594 1359 1631 tulisse,
1383 1603 1476 1634 quem
1493 1592 1624 1632 proinde
1638 1602 1744 1623 coram
1759 1592 1822 1623 lec-

1095 1646 1214 1676 toribus
1243 1645 1403 1676 sistemus:
1446 1647 1468 1663 “
1496 1645 1626 1684 Erpleri
1654 1650 1685 1674 et
1711 1646 1825 1675 satiari

1097 1700 1120 1715 “
1136 1698 1216 1727 hanc
1242 1697 1359 1727 habent
1384 1695 1610 1733 differentiam3
1633 1696 1747 1735 expleri
1767 1701 1826 1733 est,

1099 1750 1121 1765 “
1138 1746 1359 1777 tantummodo
1375 1746 1508 1786 plenum
1523 1756 1606 1783 esse;
1626 1748 1748 1782 satiari,
1771 1756 1825 1776 su-

1100 1802 1123 1818 “
1138 1810 1194 1839 pra
1208 1799 1349 1834 modum,
1365 1801 1406 1829 ad
1422 1798 1658 1830 abundantiam.
1675 1798 1723 1829 M.
1739 1797 1825 1829 Tull.

1099 1855 1122 1870 “
1139 1852 1178 1882 de
1193 1852 1298 1891 repub.
1315 1851 1366 1881 lib.
1383 1851 1421 1881 vi.
1447 1851 1566 1881 Graves
1587 1849 1827 1881 enim-dominae

1100 1907 1122 1922 ‘⁴
1139 1903 1377 1944 cogitationum,
1404 1902 1578 1940 Libidines,
1605 1901 1726 1933 infinita
1741 1912 1827 1943 quae·

1101 1958 1124 1973 “
1139 1955 1213 1985 dam
1229 1960 1355 1995 cogunt,
1372 1960 1465 1995 atque
1481 1954 1636 1993 inperant:
1655 1964 1738 1994 quae,
1753 1953 1828 1994 quia

1102 2009 1124 2024 ‘⁴
1140 2016 1198 2036 nec
1212 2008 1338 2046 expleri,
1360 2016 1418 2036 nec
1432 2008 1552 2041 satiari,
1567 2005 1634 2036 ullo
1646 2005 1741 2036 modo
1755 2015 1826 2045 pos-

1103 2061 1126 2078 “
1141 2063 1226 2095 sunt,
1242 2057 1282 2088 ad
1296 2068 1390 2088 omne
1403 2057 1525 2088 facinus
1535 2056 1692 2096 inpellunt
1701 2067 1764 2096 eOS,
1774 2058 1830 2098 qui

1102 2108 1292 2139 “illecebris
1307 2109 1372 2139 suis
1394 2107 1638 2139 incenduntur.''
1684 2108 1751 2139 Nos
1773 2118 1830 2139 au-

1102 2167 1166 2191 tem
1182 2161 1225 2191 sic
1239 2162 1319 2192 bene
1334 2160 1534 2200 rescripsisse,
1556 2170 1612 2200 pro
1636 2163 1658 2179 “
1673 2167 1702 2191 ct
1729 2161 1829 2191 abun-

1105 2217 1127 2232 “
1142 2213 1318 2249 dantiam,’‘
1351 2213 1413 2242 alia
1435 2211 1633 2253 grammatici
1662 2211 1730 2242 loca
1760 2212 1834 2242 satis

1104 2264 1272 2302 declarant,
1302 2264 1386 2305 (vide
1409 2264 1428 2294 i.
1457 2267 1526 2295 196.
1551 2263 1588 2293 iv.
1616 2263 1704 2303 400.)
1728 2268 1760 2293 et
1784 2273 1833 2294 res

1106 2317 1181 2356 ipsa.
1228 2317 1360 2356 Explere
1384 2315 1481 2355 igitur
1495 2320 1552 2352 est,
1575 2323 1672 2354 usque
1694 2313 1734 2344 ad
1749 2313 1836 2345 labra

1108 2360 1251 2407 implere3
1274 2371 1389 2399 satiare
1404 2378 1486 2404 vero,
1503 2368 1546 2398 ita
1561 2366 1693 2407 explere,
1718 2372 1755 2398 ut
1778 2376 1832 2398 ex-

1108 2419 1206 2450 undet
1217 2420 1327 2450 etiam:
1346 2419 1424 2450 adeo
1436 2419 1553 2450 scilicet
1566 2425 1680 2450 natura
1697 2421 1834 2459 ingrata,

1109 2470 1148 2500 de
1171 2470 1233 2511 qua
1259 2471 1426 2501 Lucretius
1441 2470 1524 2506 dicit,
1547 2481 1588 2501 ne
1603 2469 1745 2510 expletur
1765 2470 1835 2511 qui-

1106 2521 1192 2560 dem,
1223 2522 1308 2563 (vide
1330 2532 1390 2552 ver.
1415 2522 1503 2562 951.)
1527 2531 1567 2553 ne
1592 2521 1669 2552 dum
1697 2521 1834 2552 satiauit.

1107 2573 1283 2609 Terentius,
1301 2573 1387 2604 And.
1404 2574 1423 2604 i.
1441 2577 1468 2604 2.
1488 2576 1536 2604 17.

1137 2642 1208 2666 Dum
1220 2645 1327 2674 tempus
1338 2642 1372 2667 ad
1384 2648 1444 2667 eam
1455 2648 1513 2667 rem
1524 2641 1598 2671 tulit,
1614 2640 1664 2665 sivi
1678 2639 1792 2664 animum
1806 2642 1836 2663 ut

1231 2681 1342 2713 expleret
1352 2688 1429 2706 suum
1439 2689 1445 2705 :

1112 2746 1130 2776 i.
1147 2755 1172 2776 e.
1197 2745 1236 2776 ad
1260 2746 1390 2785 plenum
1414 2746 1508 2787 genio
1532 2743 1707 2785 indulgere,
1735 2750 1767 2774 et
1781 2744 1836 2774 ob-

1111 2796 1198 2838 sequi
1220 2797 1426 2836 cupidinibus.
1473 2795 1565 2826 Adde
1595 2795 1780 2827 Ciceronem
1805 2795 1839 2825 in

1113 2848 1255 2888 paradox.
1280 2848 1347 2878 i.—
1363 2848 1525 2888 “quippe,
1559 2857 1659 2887 quum
1687 2846 1839 2883 viderem,

1114 2903 1137 2919 “
1153 2901 1244 2931 rebus
1270 2899 1318 2930 his
1343 2897 1636 2935 circumfluentibus,
1666 2908 1704 2929 ea
1735 2903 1839 2929 tamen
