1912 3292
362 185 464 224 ‘232

873 177 933 225 T.
986 173 1368 225 LUCRETII

506 307 595 350 Aut
614 308 657 349 in
677 308 888 350 materiam
908 308 1024 366 ligni,
1045 307 1248 364 pervenit;
1280 307 1358 348 ibei
1373 306 1459 362 jam

398 385 476 422 150
509 381 733 433 Scinditur,
754 390 800 424 ut
819 382 975 424 nullum
995 381 1255 424 simulacrum
1276 380 1447 422 reddere
1465 379 1603 434 possit.

506 456 565 497 At
585 471 725 512 quom,
747 455 959 512 splendida
978 470 1070 511 quae
1089 462 1292 505 constant,
1313 454 1485 509 obposta
1504 452 1684 502 fuerunt,

507 529 743 586 Densaque‚
769 539 814 571 ut
833 530 876 570 in
895 529 1038 585 primis
1057 529 1264 584 speculum
1285 536 1343 569 est
1350 546 1361 578 3
1393 527 1494 568 nihil
1515 526 1667 568 adcidit
1685 524 1850 567 horum:

507 603 618 644 Nam
638 618 785 658 neque,
807 603 890 644 utei
910 610 1076 651 vestem,
1098 610 1269 656 possunt
1287 602 1474 650 transire,
1498 615 1630 656 neque
1649 606 1744 642 ante

509 677 665 726 Scindi,
689 691 812 732 quam
832 676 1020 717 meminit
1040 675 1165 716 laevor
1184 683 1378 731 praestare
1398 675 1578 717 salutem.

405 829 480 858 Ver.
500 832 568 859 147.
581 829 781 868 jaculentur:
807 830 842 860 P.
861 830 899 860 Ο.
913 831 1085 870 jaculetur.

540 880 717 911 Martianus
745 881 882 921 Capella,
913 882 955 912 iii.
981 893 1010 922 p.
1037 885 1087 913 77.

366 934 388 950 “
406 930 586 972 Aliquando
600 934 613 962 z·
635 938 665 962 et
679 943 695 963 c
713 932 777 962 fieri
793 939 920 972 possunt
934 933 1086 972 duplices;

365 985 388 1000 “
405 988 452 1019 ut,
475 983 499 1012 si
515 985 528 1013 ι’
543 983 623 1013 inter
639 983 758 1014 vocales
772 983 828 1021 sit;
851 990 885 1014 ut
899 986 962 1022 aio,
983 986 1087 1015 Troia.

366 1036 389 1053 “
411 1033 493 1064 Item
509 1046 534 1071 c,
551 1041 587 1065 ut

364 881 494 910 —Izocc'.

459 1121 479 1133 “
489 1120 553 1144 Hocc
564 1124 632 1150 erat,
642 1120 713 1145 alma
725 1121 881 1152 parens—.”

729 1173 818 1213 Virg.
836 1173 912 1204 AEn.
926 1173 959 1204 ii.
976 1174 1047 1205 664.

408 1254 482 1285 Ver.
502 1259 571 1286 148.
605 1258 656 1287 secl
686 1258 755 1288 ubi:
791 1257 834 1288 sic
863 1268 988 1288 summo
1016 1269 1091 1289 cum

364 1315 519 1337 consensu
545 1308 692 1348 quicquid
714 1314 759 1339 est
780 1309 930 1340 librorum
946 1310 1089 1351 antiquo·

365 1365 451 1395 rum;
468 1368 524 1397 pro
538 1360 650 1400 quibus
661 1360 792 1391 editores
806 1361 1003 1392 audacissimi
1017 1364 1089 1392 sub-

364 1410 532 1442 stituerunt
545 1415 597 1444 sect
611 1416 655 1450 in,
668 1420 700 1445 et
713 1414 885 1446 maximam
898 1426 953 1455 per
965 1417 1088 1456 imperi-

364 1460 451 1497 tiam,
474 1463 561 1503 quasi
578 1474 641 1495 non
664 1466 787 1506 utrique
802 1467 948 1497 clausulae
970 1477 1088 1507 praepo-

363 1511 443 1548 sitio,
469 1524 539 1554 quae
560 1515 711 1556 sequitur,
739 1517 900 1547 sufficeret.
946 1518 1089 1549 Eandem

363 1561 518 1594 inscitiam
542 1566 637 1596 modo
662 1567 872 1607 coarguimus,
899 1568 939 1598 ad
960 1579 1022 1599 ver.
1039 1573 1089 1600 96.

365 1613 406 1644 In
422 1616 480 1646 hoc
495 1622 600 1647 autem
616 1617 685 1648 loco
699 1629 763 1648 non
779 1629 857 1658 opus
879 1626 925 1649 est
939 1630 1089 1651 arcessere

362 1666 614 1704 praepositionem
636 1678 673 1698 ex
695 1670 908 1709 sequentibus;
932 1681 1005 1700 nam
1017 1682 1088 1710 per·

361 1717 463 1747 venire
477 1727 551 1747 saxa
567 1726 631 1748 non
645 1718 749 1749 minus
761 1725 843 1750 recte
857 1720 981 1759 dicitur,
994 1731 1088 1762 quam

356 1770 518 1808 pervenire
541 1771 574 1800 in
592 1781 685 1802 saxa:
711 1771 779 1802 vide
795 1772 1028 1811 Burmannum,
1051 1773 1090 1804 ad

364 1819 456 1850 ovid.
472 1826 544 1851 met„
561 1821 603 1852 iii.
616 1825 687 1853 462.
710 1828 741 1853 et
755 1823 912 1862 probabile
927 1830 980 1861 est,
993 1825 1088 1855 variess

362 1875 459 1900 tatem
482 1871 633 1909 lectionis,
657 1873 730 1905 ibid.
745 1883 774 1904 x.
791 1878 862 1906 718.
885 1885 950 1906 non
971 1876 1034 1907 alio
1051 1876 1090 1907 de

364 1921 451 1952 fonte
467 1924 647 1955 manavisse.

406 1974 480 2004 Ver.
497 1978 567 2007 149.
589 1979 766 2008 materiam:
804 1983 839 2009 Δ.
867 1985 907 2009 Π.
929 1984 965 2011 Σ.
992 1986 1086 2011 mate-

361 2028 455 2061 rien1;
485 2033 529 2058 Ω.
550 2030 861 2070 naturam—Atque
877 2030 1018 2068 editores,
1041 2032 1087 2062 fa-

361 2076 451 2108 cinus
466 2077 601 2109 facinore
619 2080 824 2117 cumulantes,
851 2088 883 2112 ut
900 2092 1086 2121 compresse-

361 2135 437 2159 runt
461 2129 542 2160 inter
564 2134 724 2162 materiam
750 2138 781 2162 et
801 2134 896 2173 ligni5
921 2134 1008 2174 quasi
1025 2134 1086 2164 vel-

362 2179 429 2210 lent
444 2180 575 2211 alterum
598 2183 687 2213 nobis
706 2183 921 2222 Deiphobum,
944 2184 1086 2215 vulnera-

362 2237 431 2262 tum
447 2238 479 2263 et
492 2233 722 2273 detruncatum,
739 2235 891 2266 exhibere.

406 2284 483 2315 Ver.
504 2288 571 2316 151.
606 2288 667 2317 At:
704 2293 744 2318 n.
771 2289 1027 2328 Azct.—obposta:
1051 2289 1087 2320 L.

364 2333 412 2364 Μ.
435 2336 767 2378 opposita.—fueruut:
794 2344 834 2368 Π.
846 2338 1008 2379 fimatur.

409 2385 488 2417 Ibid.
514 2394 651 2419 constant
660 2402 669 2419 .·
704 2389 723 2420 i.
740 2400 766 2419 e.
790 2389 972 2429 simpliciter
995 2397 1083 2426 sime,-

364 2443 399 2467 ut
414 2438 485 2469 alibi
502 2449 584 2478 saepe
599 2446 710 2471 noster.
755 2441 829 2471 Non
851 2441 940 2472 aliter
955 2443 1087 2473 Mantu-

364 2500 453 2529 anuS‚
474 2491 547 2521 AEn.
564 2501 593 2522 v.
611 2494 681 2522 748.

559 2583 621 2608 quae
633 2583 704 2602 nunc
715 2577 806 2603 animo
817 2578 950 2604 sententia
961 2582 1062 2604 constet.

405 2658 478 2690 Ver.
496 2662 565 2692 152.
587 2662 723 2692 adcz'dit:
748 2661 792 2692 sic
804 2662 841 2692 B.
859 2662 894 2692 L.
912 2662 959 2692 M.
975 2661 1085 2702 reliqui

363 2718 480 2745 omnes,
497 2713 624 2742 occidit:
648 2712 667 2743 i.
683 2723 708 2742 e.
724 2712 820 2752 perit;
843 2711 927 2753 quod
942 2712 1085 2742 nonnulli

362 2757 544 2797 defendunt,
569 2762 623 2792 sed
643 2773 813 2802 perperam.
859 2762 1000 2793 Similem
1017 2773 1084 2802 per-

361 2811 569 2842 mutationem
584 2813 720 2844 vidimus
733 2815 772 2845 ad
788 2814 883 2845 finem
900 2814 969 2844 libri
995 2814 1085 2844 tertii.

408 2862 482 2892 Ver.
503 2865 570 2894 155.
589 2871 732 2903 possunt:
760 2865 855 2895 Vind.
872 2865 908 2896 B.
926 2870 959 2896 Σ.
971 2866 1082 2904 possit;

1130 844 1166 870 ut
1180 839 1254 870 editi
1270 840 1407 880 quidam,
1430 839 1573 879 proximo
1594 837 1798 876 nominativo,
1818 836 1853 867 in

1129 900 1190 921 ver.
1210 894 1278 921 147.
1300 890 1510 922 consulentes:
1537 890 1590 922 sed
1616 891 1674 919 hoc
1700 898 1763 918 non
1788 892 1854 918 erat

1130 941 1313 971 Lucretium
1324 947 1549 980 repraesentare,
1555 940 1610 980 qui
1617 939 1853 970 condimentum

1131 991 1284 1021 varietatis
1299 990 1433 1027 adamat,
1458 997 1490 1021 et
1511 1001 1568 1020 nos
1582 990 1623 1020 ad
1635 990 1784 1020 remotius
1799 999 1853 1019 vo-

1131 1042 1287 1077 cabulum,
1314 1043 1347 1072 in
1373 1052 1436 1072 ver.
1466 1045 1536 1071 144.
1564 1041 1707 1082 delegare
1731 1039 1854 1070 maluit.

1134 1094 1175 1125 In
1190 1093 1405 1134 hujuscemodi
1428 1094 1530 1130 rebus,
1553 1091 1632 1122 nibil
1656 1092 1723 1122 sine
1748 1101 1853 1122 exem-

1133 1146 1270 1185 plaribus
1283 1145 1418 1186 antiquis
1432 1151 1477 1175 est
1491 1143 1682 1175 audendum.
1730 1143 1854 1174 FortaSn

1134 1197 1175 1227 sis
1188 1197 1282 1227 etiam
1304 1196 1373 1226 heic
1395 1195 1455 1226 loci
1477 1195 1596 1226 volebat
1614 1204 1774 1225 occurrere
1788 1203 1855 1224 am·

1133 1248 1240 1289 bigne,
1261 1247 1346 1288 quod
1368 1247 1535 1286 peperisset
1556 1255 1672 1276 nomen
1685 1247 1777 1276 laevor
1790 1253 1858 1274 ver-

1134 1299 1186 1329 sfis
1214 1298 1543 1339 insequentis—ante:
1583 1297 1621 1328 L.
1654 1297 1702 1327 M.
1734 1302 1853 1331 autam

1132 1350 1295 1381 mendose:
1322 1349 1374 1379 sed
1390 1350 1438 1379 hae
1464 1349 1591 1385 voculae,
1615 1350 1654 1378 ob
1679 1348 1852 1378 lineamen-

1132 1407 1235 1432 torum
1252 1402 1283 1431 in
1299 1400 1396 1430 literis
1411 1399 1605 1436 affinitatem,
1621 1398 1711 1429 facile
1722 1397 1855 1428 confun-

1132 1452 1250 1483 duntur
1275 1451 1482 1491 scriptoribus,
1512 1450 1558 1481 uti
1582 1448 1858 1480 Drakenborchius

1132 1502 1254 1533 dudum
1269 1502 1401 1538 monuit,
1418 1501 1457 1532 ad
1472 1501 1539 1532 Liv.
1558 1500 1651 1531 xxvii.
1665 1503 1716 1531 35.
1732 1504 1761 1532 7.

1176 1563 1250 1593 Ver.
1270 1566 1337 1594 154.
1352 1565 1458 1593 lavor:
1485 1562 1522 1593 P.
1538 1561 1635 1592 Vind.
1653 1561 1692 1592 O.
1710 1565 1745 1592 Δ.
1762 1565 1796 1593 Σ.
1811 1567 1855 1592 Ω.

1131 1617 1239 1651 levior,-
1266 1621 1305 1645 Π.
1331 1617 1422 1645 livor:
1451 1613 1529 1644 adeo
1551 1619 1634 1644 certa
1659 1619 1706 1644 est
1726 1623 1854 1652 corrup-

1132 1665 1202 1696 telae
1216 1666 1310 1696 dictio
1325 1666 1440 1706 quaevis
1454 1666 1558 1696 rarior.
1594 1665 1638 1696 Et
1651 1665 1747 1696 lector
1763 1664 1854 1700 videt,

1132 1728 1227 1758 quam
1242 1717 1344 1757 lepide
1360 1723 1462 1748 nostes·
1477 1718 1509 1747 in
1525 1716 1686 1757 speculum
1700 1716 1855 1746 inanima-

1133 1776 1201 1800 tum
1231 1772 1450 1801 recordationis
1482 1769 1663 1800 facultatem
1692 1769 1855 1800 transfert:

1133 1823 1191 1853 hoe
1222 1827 1340 1860 autem,
1371 1822 1521 1862 permisso
1549 1821 1642 1861 poiisi,
1671 1827 1855 1852 ornamento

1132 1883 1226 1904 nemo
1241 1873 1353 1912 saepius
1367 1878 1422 1903 aut
1440 1872 1560 1903 felicius
1585 1878 1631 1902 est
1656 1882 1732 1902 usus
1746 1871 1854 1912 Virgi-

1132 1926 1175 1957 lio
1203 1927 1236 1957 in
1267 1927 1433 1967 georgicis;
1462 1927 1547 1967 quod
1575 1925 1713 1965 profecto
1739 1930 1856 1955 norunt

1132 1988 1249 2008 omnes.
1294 1977 1374 2008 Vide
1388 1987 1449 2008 ver.
1466 1981 1536 2007 820.

1175 2036 1248 2066 Ver.
1264 2039 1331 2068 155.
1347 2038 1516 2067 redundent
1521 2050 1532 2071 ,·
1556 2040 1592 2064 ut
1608 2044 1718 2074 nuper,
1734 2033 1775 2063 ad
1789 2043 1851 2064 ver.

1133 2089 1203 2118 146.
1225 2089 1378 2118 abundat:
1404 2088 1444 2117 ob
1466 2087 1656 2117 crebritatem
1679 2084 1794 2115 scilicet
1808 2090 1855 2114 at-

1129 2148 1191 2178 que
1213 2140 1423 2169 assiduitatem
1447 2136 1668 2175 profluentium
1689 2134 1854 2174 particula-

1130 2200 1215 2227 rum;
1241 2189 1309 2220 vide
1325 2199 1384 2220 ver.
1404 2191 1472 2220 105.
1519 2189 1570 2218 Sic
1584 2194 1690 2218 autem
1705 2186 1856 2217 venustis-

1130 2241 1209 2271 sime
1232 2240 1381 2280 scriptum
1407 2245 1454 2270 est
1478 2239 1510 2269 in
1528 2238 1622 2268 Vind.
1641 2238 1675 2268 L.
1694 2237 1743 2268 M.
1762 2238 1802 2270 Ο.
1819 2242 1855 2268 Δ.
1885 2228 1886 2255 ³

1132 2297 1166 2323 Σ.
1191 2298 1235 2323 Ω..
1256 2298 1406 2332 geruntur
1421 2301 1504 2329 vero,
1527 2290 1560 2321 in
1577 2290 1614 2321 Γ.
1631 2296 1672 2320 Π.
1695 2288 1779 2320 unde
1795 2298 1852 2319 no-
1885 2285 1886 2303 ¹

1130 2343 1176 2373 bis
1203 2343 1316 2373 iterum
1346 2342 1488 2382 propinat
1522 2341 1697 2372 Lambinus
1728 2339 1855 2370 delicias

1131 2404 1202 2424 suas
1226 2382 1397 2433 gemituum
1422 2393 1472 2423 cui
1497 2399 1602 2422 tamen
1625 2390 1756 2421 mirifica
1780 2400 1854 2421 sane

1130 2444 1256 2475 fatuitas
1271 2444 1436 2480 editorum,
1459 2453 1533 2474 voce
1547 2443 1640 2484 longe
1661 2441 1854 2482 elegantissi-

1131 2496 1184 2526 ma
1198 2495 1288 2526 nihili
1311 2495 1427 2534 habita,
1450 2505 1514 2526 non
1528 2494 1680 2525 dubitavit
1693 2495 1852 2532 oboempe-
1883 2528 1885 2541 ¹

1130 2557 1206 2578 rare.
1246 2546 1467 2588 Indignissime
1481 2546 1599 2577 factum
1614 2545 1672 2577 est!
1698 2543 1853 2575 Animad-

1130 2604 1229 2628 vertas
1243 2604 1360 2634 autem,
1376 2597 1478 2633 lector,
1493 2607 1594 2638 genus
1605 2594 1854 2636 insignissimum

1129 2649 1323 2688 corruptelae,
1353 2648 1441 2690 cujus
1469 2646 1614 2678 tollendae
1643 2655 1683 2676 ne
1719 2644 1852 2675 minima

1128 2699 1254 2740 quidem
1270 2710 1337 2739 spes
1351 2698 1516 2730 affulsisset
1535 2697 1602 2728 sine
1616 2696 1702 2726 libris
1719 2695 1837 2734 scriptis
1843 2707 1852 2732 ;

1125 2758 1274 2791 gerantur
1291 2751 1449 2786 nimirum,
1465 2759 1522 2789 pro
1535 2750 1715 2780 redundent.
1732 2748 1852 2778 Actum

1128 2810 1175 2834 est
1197 2814 1273 2844 ergo
1298 2804 1442 2843 pra-clare
1466 2812 1539 2833 cum
1563 2800 1678 2832 Critice
1703 2799 1849 2830 emenda-

1129 2855 1216 2893 trice,
1240 2854 1450 2885 necessitatem
1474 2852 1543 2884 talis
1561 2852 1746 2892 conjecturae
1761 2860 1849 2881 exco-

1117 2910 1136 2918 ,-
