1912 3292
493 207 727 258 LIBER
763 203 1121 252 TERTIUS.

1463 212 1550 256 117

209 345 251 385 A
270 342 450 399 patribus
470 339 608 386 datur,
639 344 679 377 et
697 333 854 389 patrius
873 347 1004 388 pavor
1022 333 1167 374 incitat
1186 334 1319 375 artus?

211 417 267 458 Et
278 417 366 472 jam
385 421 534 455 caetera
552 410 604 451 de
623 423 774 467 genere
792 407 888 458 hoc,
911 421 1018 462 quur
1033 408 1174 448 omnia
1192 407 1387 449 membris

98 494 177 533 745
211 490 278 532 Ex
296 490 463 529 ineunte
483 499 572 525 aevo
592 490 880 540 generascunt,
913 481 1181 537 ingenioque;

210 563 255 605 Si
274 576 374 612 non,
407 567 518 601 certa
537 573 611 600 suo
631 558 728 613 quia
747 556 917 606 semine,
949 555 1218 611 seminioque,

64 719 281 758 abundantior,
297 717 493 749 occasionem
509 717 620 748 acriter
634 716 788 747 oblatran-

66 774 98 805 di
113 773 198 804 dare:

66 864 197 894 Denique,
213 869 282 894 quur
293 861 362 886 acris
373 861 501 886 violentia
512 860 587 885 triste
597 860 710 884 leonum

67 903 214 929 seminium
224 901 354 933 sequitur,
364 898 465 932 volpeis
477 900 563 930 dolus,
574 903 602 924 et
613 899 678 931 fuga
688 898 794 923 cerv-cos?

67 943 90 968 A
99 943 218 975 patribus
229 942 319 972 datur,
335 945 363 966 et
375 942 475 973 patrius
486 944 573 972 vapor
584 939 679 964 incitat
690 942 773 963 artus.

67 1025 245 1065 Interrogat
260 1023 379 1064 utique,
402 1029 433 1053 et
447 1023 506 1052 sibi
522 1031 707 1061 responsum
721 1019 793 1060 1)οὲ-

65 1082 98 1107 ta
112 1076 222 1106 reddit.
268 1075 332 1111 Qui
358 1085 430 1104 vero
452 1073 637 1104 Lucretium
659 1072 796 1112 perleget

66 1138 86 1158 a
99 1137 163 1158 ver.
182 1129 255 1158 291.
280 1126 320 1156 ad
334 1136 395 1156 ver.
410 1128 483 1156 508.
498 1124 628 1163 hujusce
642 1123 726 1160 libri,
748 1130 795 1153 at-

69 1188 129 1219 que
143 1177 341 1217 potissimum
364 1187 411 1214 ω,
437 1186 507 1216 quae
522 1185 579 1205 nos
594 1174 796 1205 commentati

68 1240 178 1260 sumus
193 1229 232 1259 ad
246 1239 306 1259 ver.
321 1232 395 1259 506.
416 1227 508 1257 illum
523 1227 603 1257 nihil
617 1226 700 1257 ultra
715 1226 794 1257 desi-

69 1280 252 1311 deraturum
266 1285 352 1319 puto.

111 1331 193 1362 Ibid.
210 1333 390 1367 Semz'nz'um,
405 1340 461 1368 pro
475 1339 583 1369 genus.
618 1329 706 1359 Hinc
720 1328 795 1358 libet

69 1382 235 1413 emendare
257 1391 362 1412 versus
383 1381 535 1421 quosdam
560 1381 596 1410 in
617 1382 718 1418 solem,
741 1380 796 1420 qui

68 1433 217 1475 leguntur
231 1433 265 1463 in
280 1433 333 1463 lib.
348 1443 375 1462 v.
391 1442 486 1462 carm.
502 1432 521 1461 i.
538 1442 598 1462 ver.
616 1436 644 1464 9.
670 1432 794 1462 Antho-

67 1487 160 1527 logiae
175 1485 298 1516 Latinae
312 1484 575 1516 Burmannianae:

28 1591 29 1594 ¹
72 1585 114 1611 Sol
125 1584 227 1617 rumpit
237 1584 370 1614 tenebras,
381 1583 516 1614 rutiloque
526 1582 670 1614 ubi-fulget
681 1583 713 1607 ab
724 1586 796 1613 ortu,

72 1625 175 1657 Spargit
185 1625 214 1649 in
225 1624 352 1649 aetherios
363 1623 532 1648 flammantia
542 1623 643 1647 Iumina
655 1629 773 1654 campos.

71 1667 138 1691 Hinc
150 1666 282 1696 homines,
294 1669 417 1690 armenta
425 1665 516 1695 simul,
527 1672 657 1697 semenque
659 1665 783 1696 ferarum

70 1706 146 1737 Hinc,
156 1706 202 1731 alit
203 1714 216 1734 ‚·
228 1706 292 1731 hinc
299 1705 426 1738 pecudum
438 1706 506 1729 vivit
517 1712 602 1737 genus
613 1712 695 1730 omne
705 1709 798 1729 natan-

179 1749 255 1770 tum.

75 1828 241 1858 Distichon
252 1829 404 1867 posterius
415 1829 458 1859 ita
469 1829 563 1870 vulgo
577 1828 692 1869 legitur
706 1827 800 1868 longe

75 1879 359 1918 corruptissimum:

90 1968 158 1992 Hinc
169 1968 301 1999 homines,
317 1972 440 1994 armenta
450 1969 540 1999 simul,
556 1972 579 1992 et
589 1968 684 1992 semina
695 1974 790 1997 rerum,

90 2007 164 2033 Alitis
175 2008 237 2033 hinc
245 2008 362 2040 prouder,
380 2009 447 2033 vivit
457 2015 541 2040 genus
551 2015 633 2033 omne
643 2012 795 2032 natantum.

75 2091 126 2121 De
141 2091 242 2131 phrasi
251 2094 405 2131 pecudum
417 2098 581 2122 natantum
593 2090 738 2121 adhibeas
749 2100 799 2120 ve-

74 2143 132 2175 lim
145 2143 179 2173 in
194 2143 362 2173 concilium
377 2143 433 2173 tibi
445 2143 629 2174 Lucretium
644 2148 799 2181 nostrum,

74 2193 115 2225 ad
130 2194 162 2225 ii.
177 2198 249 2226 543.
275 2200 306 2224 et
329 2205 387 2224 nos
407 2194 535 2225 ibidem.
581 2194 697 2224 Statius
719 2194 800 2224 inte-

74 2255 138 2283 rea,
159 2245 243 2285 quod
257 2245 347 2285 solet,
369 2253 544 2287 ανατολμᾳ,
568 2256 642 2276 cum
656 2246 743 2284 dicit,
765 2246 799 2275 in

78 2295 194 2327 Achiu.
209 2297 228 2327 i.
247 2300 316 2328 189.

241 2379 313 2403 canit
325 2379 369 2405 ille
381 2380 464 2405 iibens
474 2380 602 2404 immania
612 2379 723 2404 laudum

141 2416 240 2441 Semina
249 2426 257 2442 :

80 2506 137 2536 pro
159 2500 182 2516 ‘⁶
197 2497 328 2537 semina,
349 2498 369 2529 i.
384 2509 410 2529 e.
424 2499 580 2538 homines,
596 2499 728 2529 laudum
742 2499 803 2528 im-

80 2552 103 2566 “
120 2549 300 2587 manium;'’
323 2549 363 2580 ad
377 2560 446 2580 eam
458 2552 627 2581 formulam
641 2551 805 2589 sermonis,

80 2609 177 2640 quam
191 2601 304 2639 saepius
319 2601 481 2641 attigimus
496 2603 529 2631 in
550 2603 709 2633 Lucretio:
736 2603 806 2632 vide

81 2660 139 2681 nos
154 2651 194 2681 ad
208 2651 230 2681 i.
249 2655 318 2682 120.
362 2653 473 2682 Falsus
487 2659 533 2683 est
546 2653 808 2693 interpretationis

78 2711 144 2732 ωε
160 2703 315 2733 Banhius.

55 2778 61 2782 ἴ
81 2755 153 2783 354.

363 2704 453 2733 Idem
468 2704 631 2743 Papinius,
651 2705 749 2736 Theb.
765 2705 804 2736 vi.

84 2835 155 2866 Quin
164 2839 192 2861 et
202 2837 360 2863 Thessalicis
372 2839 440 2864 feiix
450 2840 584 2866 Admetus
593 2841 626 2865 ab
638 2841 690 2865 oris

86 2872 246 2938 ζἰἷήςῐετίἱεε
257 2879 404 2911 compescit
417 2886 496 2911 equas
506 2889 514 2910 ,ι
532 2881 692 2906 Centaurica
705 2881 800 2905 dicunt

150 2921 224 2940 rm—.

878 714 958 745 Ibid.
968 715 1054 755 suga
1071 715 1182 745 cervis:
1206 713 1292 744 unde
1307 712 1472 754 Virgilius,
1492 724 1560 754 geo.

833 766 875 796 iii.
893 770 963 798 559.
967 767 1102 806 fugaces
1117 766 1214 796 cervi:
1232 765 1252 795 i.
1269 775 1296 795 e.
1313 764 1354 795 ad
1368 765 1477 805 fugam
1489 775 1559 804 pro-

835 822 937 853 clives.
961 822 1124 857 Horatius,
1149 820 1198 852 od.
1213 820 1257 851 iii.
1274 824 1302 851 2.
1322 823 1369 850 14.

898 919 970 942 Mors
982 917 1134 949 etszcgasem
1147 916 1318 948 consequitur
1330 916 1434 940 virum:

838 1009 858 1039 i.
870 1019 895 1040 e.
911 1015 1070 1048 utcunque
1085 1010 1163 1038 citus
1177 1006 1289 1046 fugiat,
1305 1007 1394 1037 citior
1411 1005 1499 1035 Mors
1510 1005 1559 1035 in-

839 1061 991 1102 sequitur3
1015 1059 1104 1100 cujus
1126 1058 1228 1088 tacitae
1242 1056 1480 1096 comparationis
1507 1067 1559 1086 ve-

839 1126 927 1146 neres
944 1113 1152 1145 Marklandus
1166 1123 1292 1152 pessum
1307 1111 1402 1147 dedit,
1426 1110 1560 1140 scriben-

840 1167 880 1197 do
893 1168 1044 1207 efficacem
1066 1175 1123 1204 pro
1137 1171 1165 1194 et
1177 1164 1338 1204 fugacem,
1360 1162 1393 1191 in
1409 1161 1561 1200 explicatt.

839 1225 910 1248 vett.
932 1218 1051 1258 aliquot
1072 1221 1248 1251 auctorum,
1270 1224 1301 1252 p.
1328 1205 1399 1243 257.
1422 1212 1566 1252 quamvis

838 1269 976 1309 alioquin
1001 1267 1178 1307 conjectura
1192 1265 1231 1295 sit
1245 1264 1351 1294 critico
1367 1263 1457 1294 docto
1471 1269 1564 1304 atque

838 1320 1002 1360 ingenioso
1017 1318 1122 1358 digna.

880 1379 955 1408 Ver.
968 1382 1038 1409 744.
1045 1378 1117 1418 jam
1133 1376 1218 1407 deest
1234 1378 1433 1407 A.—-0mnia:
1454 1376 1493 1407 O.
1508 1387 1564 1407 no-

838 1431 1137 1462 mina—membris:
1164 1436 1207 1460 Π.
1227 1430 1400 1460 membrum.

881 1491 956 1521 Ver.
971 1492 1041 1521 745.
1054 1495 1271 1529 generascunt:
1292 1495 1332 1519 Π.
1347 1490 1564 1528 grandescunt,-

839 1550 870 1573 et
896 1542 986 1572 nobis
1015 1542 1156 1581 impense
1182 1540 1283 1580 placet
1310 1541 1377 1570 haec
1405 1539 1564 1578 scriptura.

841 1599 862 1613 ‘⁴
880 1594 1058 1625 Peculiares
1073 1603 1186 1633 nempe
1201 1592 1365 1634 qualitates
1379 1591 1565 1622 animalium

843 1651 864 1665 “
880 1652 1023 1677 crescunt
1047 1646 1112 1676 una
1133 1656 1208 1676 cum
1229 1645 1419 1684 corporibus,
1442 1650 1473 1674 et
1494 1643 1565 1673 reli·

844 1702 865 1716 “
882 1697 951 1738 quis
981 1697 1105 1727 dotibus
1138 1695 1297 1736 ingenii:’²
1337 1695 1476 1725 conferas
1505 1704 1566 1724 ver.

843 1753 913 1780 747.
941 1755 970 1779 et
985 1759 1047 1778 ver.
1072 1752 1143 1779 446.
1174 1748 1214 1778 ad
1229 1758 1289 1777 ver.
1312 1751 1383 1777 460.
1407 1746 1505 1776 Nolui
1520 1753 1566 1776 ta-

843 1811 917 1830 men
938 1800 1078 1839 plurium
1098 1798 1250 1828 librorum
1275 1797 1490 1827 auctoritatem
1504 1796 1566 1826 sin-

844 1851 946 1891 gulari
969 1850 1067 1880 codici
1088 1850 1281 1888 posthabere,
1306 1848 1448 1889 quamvis
1463 1857 1569 1887 recep·

844 1910 884 1933 tae
898 1902 1023 1933 lecn'oni
1038 1901 1270 1942 aliquantulum
1281 1901 1400 1930 obstare
1414 1899 1568 1937 videatur,

845 1953 930 1994 quod
944 1954 1073 1983 verbum
1091 1963 1253 1992 generasco
1278 1962 1342 1981 non
1364 1950 1436 1980 alibi
1452 1961 1506 1989 per
1521 1957 1566 1979 to-

842 2012 910 2035 tum
924 2005 1054 2035 Latium
1068 2009 1253 2043 compareat.

844 2058 929 2087 Ante
953 2067 1036 2092 vero,
1058 2056 1164 2092 lector,
1188 2066 1285 2096 quam
1308 2065 1486 2095 pergamus,
1509 2055 1571 2086 mi0

843 2118 951 2139 remur
977 2107 1127 2138 Lambini
1153 2107 1372 2144 temeritatem,
1394 2108 1453 2136 hoc
1474 2105 1569 2136 modo

843 2170 967 2191 versum
982 2166 1089 2190 contra
1102 2159 1197 2190 libros
1211 2158 1416 2189 demutantis:

859 2262 902 2285 Ex
912 2260 1022 2285 ineunte
1034 2265 1096 2284 aevo
1107 2258 1310 2290 ingenerascum,
1326 2257 1549 2289 inquegenuntnr:

845 2346 875 2370 et
897 2340 1044 2379 supinam
1067 2338 1218 2374 dicamus,
1242 2348 1282 2368 an
1301 2336 1470 2376 stupidam,
1494 2335 1570 2365 alio-

846 2403 919 2422 rum
934 2391 1169 2432 negligentiam,
1192 2396 1317 2420 tanturn
1331 2389 1454 2419 facinus
1468 2387 1570 2418 calcu-

845 2443 878 2473 lo
892 2454 949 2474 suo
964 2442 1216 2482 approbantium,
1233 2448 1263 2471 et
1277 2451 1403 2471 carmen
1419 2440 1463 2469 sic
1478 2438 1571 2469 fedis-

847 2495 925 2526 sime
938 2496 1083 2526 habitum
1097 2495 1131 2525 in
1147 2495 1298 2525 editiones
1311 2503 1384 2523 suas
1405 2491 1570 2522 admitten-

847 2547 938 2577 tium.
982 2547 1136 2577 Miseram
1148 2545 1286 2585 profecto
1298 2544 1370 2575 Cari
1385 2548 1509 2578 sortem,
1525 2548 1570 2572 ta-

849 2597 894 2629 les
907 2599 992 2628 nacti
1009 2599 1177 2628 curatores!

894 2649 975 2680 Ibid.
1000 2650 1121 2680 Omnes
1146 2649 1243 2679 MSS.
1266 2658 1330 2678 non
1352 2646 1442 2688 inqu'e
1454 2658 1574 2687 genun-

850 2708 913 2740 tur‚
936 2701 990 2732 sed
1005 2704 1195 2742 ingenioque.
1220 2701 1358 2741 Optime.
1388 2703 1410 2718 “
1427 2700 1493 2730 Cur
1507 2709 1573 2729 om-

853 2757 874 2771 “
891 2753 956 2791 nia,
979 2752 1032 2789 ait,
1055 2759 1121 2782 tam
1135 2755 1271 2792 ingenio,
1296 2752 1359 2782 sive
1373 2751 1522 2788 moribus,
1546 2756 1580 2780 et·

853 2808 875 2824 “
890 2804 1012 2840 natura,
1029 2811 1060 2834 et
1074 2804 1193 2842 indole,
1205 2815 1302 2844 genus
1317 2814 1410 2834 suum
1425 2802 1574 2839 referunt=

855 2861 876 2875 ‘⁴
892 2867 990 2897 quam
1005 2859 1137 2897 corporis
1151 2856 1292 2888 form5?'’
1327 2855 1409 2887 Vide
1425 2855 1444 2886 i.
1460 2857 1531 2886 59⁴2.
1547 2854 1578 2883 1‘12

853 2912 926 2939 664.
944 2918 970 2938 v.
989 2912 1063 2940 895.
1105 2909 1329 2939 strrrtws.
