1912 3292
299 196 387 238 198

801 186 862 234 Τ.
911 183 1291 235 LUCRETII

445 321 642 370 Proinde,
667 320 759 361 licet
778 326 879 376 quot
901 318 960 359 vis
980 316 1155 358 vivendo
1175 315 1353 358 condere
1373 316 1491 367 secla,

446 395 567 437 Mors
586 403 741 436 {eterna
760 401 898 435 tamen
919 392 1048 433 nihilo
1068 391 1202 432 minus
1222 390 1290 432 illa
1308 391 1507 432 manebit:

526 554 564 582 et,
578 551 671 584 jaculis
680 550 853 580 cessantibus,
864 549 969 574 hostem

332 595 414 618 Morte
425 593 471 618 sui
479 592 682 625 perimunt—.-

297 650 351 682 ubi
365 651 638 681 Drakenborchius
652 650 827 691 evulgatam
839 650 1022 688 scripturam

299 702 538 742 prudentissime
567 700 702 731 vindicat
738 707 845 730 contra
874 699 1022 740 frigidam

299 755 425 786 Heinsii
441 753 702 784 emendationem.
740 752 961 782 Confitendum
978 757 1023 782 est

296 813 411 840 tamen,
435 803 577 843 exempla
593 803 622 832 V
626 802 770 843 irgiliana
792 809 884 844 atque
906 803 1023 833 Siliana

297 856 494 890 Lucretianae
510 854 613 894 phrasi
639 864 703 885 non
729 855 809 885 nihil
838 854 1023 898 discrepare,

296 913 421 948 propter
439 905 585 947 adjuncta
607 905 723 936 scilicet
745 906 876 947 indigmi
899 914 929 938 et
946 909 1020 946 suci,-

297 959 351 990 sed
368 958 440 990 Cari
455 957 686 997 simplicitatem
702 957 735 987 in
750 958 839 989 omni
854 964 940 997 parte
954 970 1023 990 ora-

294 1011 389 1041 tionis
404 1020 468 1040 suae
483 1011 577 1050 probe
598 1009 756 1048 novimus,
779 1020 798 1040 a
819 1010 1025 1043 sincerissima

295 1062 350 1094 illa
371 1061 570 1093 orientalium
593 1061 779 1101 scriptorum
801 1062 940 1092 ubertate
959 1073 1024 1093 non

293 1119 525 1150 abhorrentem.
568 1115 709 1152 Exodus,
735 1115 797 1145 xxi.
815 1118 865 1146 12.
892 1125 930 1146 ex
956 1126 1024 1146 ver-

294 1170 381 1201 sione
396 1168 501 1199 LXX.
517 1166 617 1197 vitali:
638 1172 697 1197 Em
709 1165 735 1198 δε
752 1168 873 1211 παταξῃ
889 1181 932 1202 τις
950 1181 1022 1204 τινα,

296 1240 345 1257 και
361 1225 501 1265 ωποθοινῃ,
530 1227 700 1253 ΘΑΝΑΤΩ
721 1226 1022 1253 ΘΛΝΑΤΟΎΣΘΩ.

295 1286 340 1316 Et
359 1281 474 1313 similia
495 1287 569 1312 sunt
590 1262 708 1311 ibidem
730 1290 864 1310 numero
886 1280 950 1312 fere
972 1282 1022 1312 in-

295 1334 464 1372 numerali;
492 1332 621 1368 nemini,
651 1332 700 1363 his
721 1331 818 1363 literis
846 1333 1021 1371 exercitato,

294 1398 359 1418 non
372 1389 453 1417 bene
468 1384 601 1425 cognita.
648 1383 801 1414 Gemellae
816 1384 1024 1423 simplicitatis

295 1439 507 1470 archaismum
532 1436 579 1466 vii·
604 1435 715 1466 doctus
740 1435 822 1466 male
849 1435 1022 1468 solicitabat

295 1491 335 1522 ad
351 1489 527 1527 Catullum,
542 1488 617 1519 lxiv.
637 1491 707 1519 140.

323 1565 361 1591 At
373 1569 427 1588 non
438 1563 500 1587 haec
511 1561 649 1593 quondam
660 1560 736 1586 nobis
746 1561 874 1592 promissa
883 1561 974 1586 deame·

323 1607 396 1630 Voce.-
414 1603 482 1629 mihi
494 1608 547 1627 non
559 1602 611 1627 hoc
622 1600 728 1626 miserae
739 1608 844 1633 sperare
850 1601 971 1632 jubebas.

294 1674 390 1712 Quod
403 1673 499 1705 lautis
513 1672 659 1714 ingeniis,
675 1671 796 1711 opinor,
819 1671 1020 1711 potissimum

291 1725 474 1767 displicebit,
499 1724 532 1755 id
557 1730 604 1755 est
630 1723 730 1754 nimia
747 1723 923 1757 dictionum
937 1726 1022 1756 nobis

291 1788 327 1809 ac
342 1779 420 1809 mila·
433 1775 658 1817 propinquitas,
681 1781 712 1805 et
733 1784 861 1805 caesurae
874 1785 1022 1806 versuum

291 1828 424 1860 minime
448 1826 608 1869 jucundae.
654 1826 730 1857 Hoc
755 1826 852 1857 modo
872 1836 938 1857 non
952 1826 1021 1857 ille-

291 1880 356 1922 pidi
372 1880 554 1920 procedent:

321 1949 358 1975 At
367 1955 422 1973 non
433 1948 495 1973 haec
507 1948 656 1979 quondam,
672 1954 733 1977 non,
753 1946 820 1978 (scis)
834 1946 962 1979 promissa
973 1946 1018 1972 de-

461 1987 524 2012 disti

322 2030 394 2054 Voce
404 2027 487 2052 mihi:
504 2032 559 2051 non
570 2026 622 2051 hoc
633 2024 739 2051 miserae
749 2031 855 2056 sperare
861 2024 981 2055 jubebas.

292 2101 364 2132 Has
386 2097 585 2138 repetitiones
607 2106 701 2127 nemo
721 2094 869 2126 libentius
893 2094 1018 2126 Catullo

289 2150 510 2193 frequentavit:
536 2155 568 2179 et
582 2147 765 2179 tenerrimos
787 2147 916 2178 affectus
935 2146 1015 2177 infe-

290 2202 443 2234 licissimae
458 2200 571 2241 puellae
589 2199 657 2240 jam
679 2199 775 2238 spirat
794 2197 889 2228 locus.
935 2197 1017 2228 Vide

293 2255 381 2296 Virg.
397 2263 465 2295 geo.
480 2253 519 2283 iv.
535 2254 606 2282 447.
635 2250 730 2281 Docti
751 2249 903 2290 judicent.
949 2249 1016 2280 De-

291 2309 399 2350 nique,
414 2305 506 2337 lectio
522 2304 619 2335 MSS.
637 2302 730 2334 Basil.
747 2308 779 2333 et
795 2301 925 2333 Cantab.
948 2301 1016 2332 lon-

289 2374 330 2405 ge
345 2362 434 2394 nobis
455 2361 577 2391 videtur
598 2358 779 2400 exquisitior
800 2358 841 2388 ad
855 2357 1018 2390 Juvenalis

289 2415 333 2446 iii.
361 2418 434 2446 261.
457 2420 489 2444 et
519 2412 651 2443 omnino
680 2409 874 2441 admittenda
902 2408 1017 2440 suturis

290 2465 459 2498 editoribus
473 2465 506 2495 iu
520 2468 717 2495 contextum:

500 2531 633 2555 obtritum
645 2528 719 2561 vulgi
733 2527 799 2560 perit
809 2533 891 2553 omne
902 2527 1016 2552 cadaver

307 2575 389 2597 Morte
400 2571 571 2596 animae—-

291 2634 379 2666 Editi
394 2634 469 2665 dant
483 2633 635 2665 nimirum
650 2642 743 2663 more.

335 2686 409 2716 Ver.
428 2690 520 2717 1105.
543 2692 612 2727 quot
628 2687 689 2716 vis.-
717 2683 756 2714 V.
781 2682 830 2713 ed.
858 2683 896 2713 B.
924 2681 963 2713 O.
981 2686 1016 2713 Σ.

290 2740 369 2778 quod
385 2739 444 2772 z·ls;
473 2744 515 2768 Π.
528 2739 624 2777 quod;
648 2735 763 2766 omisso
777 2735 1012 2766 vis-condere.-

292 2790 340 2819 M.
362 2791 487 2823 ἄυπνος
516 2794 559 2818 Π.
583 2789 752 2818 concedere.
799 2784 886 2816 Illud
907 2787 1017 2815 ducere

290 2850 328 2870 ex
344 2839 513 2880 glossatore
524 2843 636 2868 natum
651 2843 708 2867 est:
735 2847 811 2867 nam
825 2835 1016 2876 elegantissi-

289 2901 375 2924 mam
408 2888 640 2920 translationem
678 2888 771 2917 babet
801 2896 860 2916 vox
889 2887 1016 2916 condere

1069 549 1157 582 secla,
1185 557 1202 576 a
1217 548 1287 577 solis
1303 546 1436 576 decursu
1452 552 1482 576 et
1497 546 1703 578 occultatione
1717 548 1798 579 deri.

1070 604 1183 628 vatam.
1230 597 1392 636 Virgilius,
1403 597 1460 627 ecl.
1475 597 1516 627 ix.
1533 601 1583 629 52.

1460 671 1533 696 saepe
1545 672 1596 697 ego
1608 666 1702 698 longos

1112 702 1241 727 Cantando
1257 709 1372 734 puerum
1384 703 1497 728 memini
1508 710 1552 729 me
1563 704 1667 729 condere
1679 705 1748 730 soles.

1067 763 1089 778 “
1108 763 1255 792 Condere:
1283 761 1383 799 finire,
1408 771 1506 802 usque
1521 761 1560 792 ad
1576 771 1721 792 occasum
1736 761 1795 793 du-

1067 816 1089 831 “
1108 813 1208 843 cere.”
1241 813 1373 843 Servius.
1413 813 1463 844 Ibi
1478 823 1602 854 quoque
1617 813 1694 844 liber
1708 824 1794 845 unus

1065 865 1158 895 habet
1172 866 1290 901 ducere,
1307 875 1364 904 pro
1379 867 1517 897 condere.
1562 865 1655 896 Idem
1671 864 1710 896 de
1724 867 1796 904 sole,

1066 927 1134 957 geo.
1150 916 1170 947 i.
1187 919 1258 948 458.

1067 988 1129 995 —-
1139 982 1224 1006 quum
1235 975 1388 1007 referetque
1399 975 1475 1005 diem,
1487 976 1628 1007 condetque
1637 976 1798 1001 relatum—t

1068 1029 1105 1053 ut
1116 1023 1228 1054 Horat.
1245 1023 1296 1054 od.
1313 1024 1354 1054 iv.
1373 1026 1402 1055 5.
1419 1028 1468 1056 29.
1484 1024 1538 1054 ubi
1549 1024 1672 1056 Janum
1682 1024 1796 1061 videas.

1066 1075 1170 1114 phrasi
1184 1075 1294 1106 lumen
1309 1075 1460 1106 docuinae
1471 1075 1673 1115 injicientem.

1110 1128 1186 1158 Ver.
1208 1130 1297 1158 1104.
1314 1128 1400 1158 Mors
1415 1133 1548 1162 celerum
1566 1132 1603 1157 ut
1613 1137 1718 1167 supra,
1733 1136 1797 1158 ver.

1068 1183 1141 1210 882.
1169 1191 1248 1210 mors
1274 1181 1458 1215 inmortalis,
1492 1181 1612 1214 &ava-ros
1644 1181 1795 1213 αθανατος.

1067 1230 1250 1261 Lambinus.

1069 1282 1172 1312 Miror
1186 1282 1315 1320 interea,
1332 1287 1370 1312 ut
1383 1281 1538 1322 integram
1560 1281 1697 1323 figuram
1719 1291 1793 1313 eon-

1065 1339 1210 1369 servaret,
1225 1333 1409 1364 Lucretium
1424 1343 1489 1363 non
1505 1333 1675 1372 scripsisse:

1096 1393 1156 1416 Nox
1164 1395 1268 1416 aetema
1279 1395 1371 1416 tamen
1382 1390 1465 1415 nihilo
1476 1391 1565 1415 minus
1576 1390 1619 1416 illa
1631 1389 1762 1416 manebit.

1068 1440 1129 1476 Ita,
1145 1440 1282 1470 versibus
1298 1439 1392 1480 longe
1408 1439 1609 1478 suavissimis,
1624 1439 1664 1470 ad
1681 1450 1709 1470 v.
1723 1442 1794 1471 978.

1095 1515 1149 1538 Nec
1160 1513 1289 1543 diffidere,
1301 1519 1335 1538 ne
1346 1516 1430 1538 terras
1440 1516 1536 1537 eterna
1545 1515 1652 1543 teneret

1094 1555 1163 1583 Nox,
1175 1553 1202 1577 in
1214 1555 1376 1585 perpetuum
1388 1552 1512 1576 detracto
1526 1551 1631 1577 lumine
1640 1550 1710 1576 solis.

1065 1615 1176 1656 Neque
1187 1615 1275 1646 aliter
1293 1615 1498 1651 Mantuanus,
1515 1623 1583 1655 geo.
1598 1614 1619 1645 i.
1635 1617 1708 1645 468.

1096 1676 1225 1708 inpiaque
1236 1678 1358 1700 eternam
1369 1674 1521 1699 timuerunt
1531 1673 1623 1699 secula
1632 1676 1738 1698 noctem.

1067 1724 1149 1755 Sane
1171 1724 1205 1754 in
1233 1723 1414 1754 nominibus
1435 1734 1494 1754 ‘nox
1517 1729 1549 1753 et
1571 1734 1651 1754 mors
1676 1721 1793 1753 librarii

1065 1787 1130 1807 non
1144 1786 1215 1806 raro
1229 1777 1369 1806 turbant:
1395 1775 1429 1805 in
1455 1774 1518 1815 qua
1540 1784 1574 1805 re
1587 1773 1677 1805 nobis
1691 1773 1793 1804 otium

1065 1827 1139 1858 fecit
1148 1826 1376 1858 eruditissimus
1389 1825 1673 1861 Drakenborchius
1686 1824 1725 1856 ad
1737 1824 1792 1856 Sil.

1064 1880 1134 1911 Ital.
1150 1880 1214 1910 xiii.
1234 1883 1304 1912 129.
1349 1881 1421 1910 Nox
1443 1878 1539 1909 etiam
1553 1887 1610 1918 pro
1624 1883 1718 1909 morte
1738 1886 1791 1907 ve-

1063 1932 1242 1976 nustissime
1256 1931 1336 1962 solet
1349 1931 1501 1971 usurpari.
1545 1929 1702 1970 Exemplo
1723 1927 1789 1959 suf-

1063 1984 1148 2015 ficiat
1160 1993 1244 2014 unus
1261 1983 1356 2019 Naso,
1372 1982 1459 2022 epist.
1475 1982 1536 2012 xiv.
1555 1985 1608 2013 74.

1094 2054 1177 2085 Surge
1189 2059 1250 2084 age,
1261 2051 1362 2080 Belide,
1374 2050 1408 2076 de
1418 2053 1461 2075 tot
1473 2049 1556 2074 modo
1568 2047 1694 2072 fratribus
1702 2052 1786 2072 unus:

1124 2096 1182 2118 Nox
1193 2092 1252 2122 tibi,
1263 2092 1291 2115 ni
1301 2097 1437 2123 properas,
1448 2090 1498 2114 ista
1506 2087 1623 2122 perennis
1632 2087 1692 2113 erit.

1062 2157 1114 2188 Sic
1125 2156 1179 2187 alii
1193 2154 1322 2195 passim:
1342 2153 1396 2184 sed
1407 2153 1492 2184 enim
1507 2152 1542 2182 in
1552 2150 1700 2182 Lucretio
1714 2159 1786 2180 nos-

1060 2214 1110 2239 tro
1123 2209 1201 2238 citra
1215 2205 1438 2241 necessitatem,
1467 2209 1576 2234 contra
1597 2201 1692 2233 libros
1713 2210 1787 2232 con-

1061 2259 1235 2295 sentientes,
1251 2257 1332 2288 nihil
1346 2261 1498 2287 novatum
1512 2253 1616 2285 velim.

1062 2313 1149 2343 Ante
1164 2321 1247 2348 vero,
1261 2319 1356 2350 quam
1364 2310 1446 2339 hanc
1456 2305 1702 2346 disputationem
1713 2302 1788 2334 mis-

1061 2373 1128 2394 sam
1142 2362 1301 2396 faciamus,
1326 2360 1418 2390 liceat
1432 2359 1506 2389 hinc
1522 2356 1612 2387 nobis
1625 2365 1644 2386 a
1658 2353 1788 2385 Valerio

1062 2414 1173 2445 Flacco
1186 2413 1291 2444 labem
1308 2413 1493 2451 abstergere,
1510 2413 1543 2438 et
1559 2407 1705 2448 pulchros
1720 2415 1787 2436 ver-

1060 2476 1113 2496 sus
1127 2465 1227 2495 nitore
1246 2462 1377 2503 pristino
1400 2460 1564 2498 redonare,
1587 2457 1642 2500 qui
1669 2455 1709 2487 ad
1726 2456 1787 2487 Ar·

1060 2526 1133 2557 gon.
1149 2515 1202 2545 vii.
1219 2517 1292 2544 282.
1314 2513 1476 2554 leguntur:

1091 2590 1146 2614 Cur
1159 2594 1212 2612 non
1224 2586 1371 2618 hospitibus
1382 2585 1421 2611 fas
1431 2585 1465 2609 sit
1476 2588 1632 2610 succurrere
1639 2580 1726 2617 dignis

1090 2630 1134 2653 're
1145 2634 1263 2658 quoque,
1273 2629 1301 2651 et
1314 2627 1404 2651 AEaeos
1412 2625 1505 2657 jubeas
1514 2623 1656 2648 mitescere
1666 2625 1786 2652 campos.

1090 2667 1193 2694 occidat
1203 2667 1299 2691 aeternti
1313 2666 1425 2691 tandem
1435 2663 1567 2690 cadmeh
1575 2664 1648 2687 nocta

1091 2712 1150 2742 Jam
1161 2714 1246 2740 seges,
1257 2711 1284 2733 et
1294 2708 1350 2732 viso
1360 2707 1497 2749 fumantes
1507 2704 1612 2736 hospite
1620 2701 1700 2728 tauri.

1061 2781 1181 2822 Vulgo,
1207 2779 1241 2810 in
1263 2789 1353 2810 versu
1368 2778 1470 2815 tertio,
1489 2781 1582 2807 morte
1587 2790 1598 2811 ,-
1623 2773 1678 2804 sed
1693 2777 1786 2803 mov-te

1060 2833 1093 2862 in
1108 2841 1171 2862 ver.
1191 2832 1264 2862 285.
1288 2829 1394 2860 statim
1408 2827 1502 2865 redit3
1526 2832 1557 2857 et
1577 2825 1680 2866 phrasi
1702 2829 1787 2854 nocte

1060 2884 1204 2919 occidere,
1229 2879 1312 2922 (vide
1328 2890 1384 2911 nos
1405 2879 1445 2910 ad
1466 2888 1528 2910 ver.
1543 2879 1636 2908 1107.
1663 2880 1787 2907 tantum
