1912 3292
469 132 702 202 LIBER
749 153 1112 203 TERTIUS,

1478 166 1541 209 43

185 290 267 332 Sed
286 287 398 344 quasi
417 285 558 327 multae
578 284 638 326 vis
657 285 780 326 unius
801 285 986 341 corporis
1007 294 1185 329 exstant.

182 437 258 479 Est
276 435 395 486 odor,
427 443 468 476 et
487 435 658 491 quidam
678 434 804 485 calor,
833 444 875 477 et
895 451 1036 492 sapor3
1069 444 1110 478 et
1130 445 1268 478 tamen
1289 452 1342 478 ex
1360 436 1441 480 hiis

182 511 387 553 Omnibus
407 518 468 552 est
487 525 619 552 unum
639 510 870 566 perfectum
891 511 1076 567 corporis
1096 526 1289 569 augmen.

79 815 151 846 Ver.
167 817 240 846 264.
260 817 426 846 secernier:
451 815 550 847 Vind.
570 818 741 848 secernitur
747 831 758 852 ;

38 867 76 898 V.
91 867 140 897 ed.
157 872 264 898 autem
278 868 372 898 habet
385 874 526 900 sternere.

77 921 150 951 Ver.
166 924 238 952 265.
261 922 376 952 divisa:
403 921 440 952 P.
467 923 603 952 diversa:
636 921 677 952 de
702 921 764 962 qua

31 974 276 1005 commutatione
290 974 377 1014 prius
391 974 530 1005 diximus
544 974 584 1005 ad
600 974 619 1005 i.
639 978 711 1005 174.
730 980 762 1004 et

31 1025 173 1056 videndae
195 1031 269 1056 sunt
291 1026 385 1056 variae
411 1026 560 1056 lectiones
584 1026 624 1057 ad
651 1026 763 1057 Claud.

32 1079 64 1109 in
80 1080 171 1119 prim.
186 1090 270 1111 cons.
291 1079 360 1111 Stil.
390 1080 413 1110 i.
436 1083 487 1110 54.
510 1090 570 1110 sec.
593 1090 676 1111 cons.
696 1079 763 1110 Stil.

32 1133 82 1162 45.
95 1141 168 1161 cum
185 1131 382 1169 Bul-manno,
398 1131 439 1162 ad
451 1131 594 1171 Propert.
606 1131 626 1163 i.
647 1135 695 1162 10.
715 1134 764 1163 15.

75 1182 157 1213 Ibid.
183 1182 270 1213 Ordo
286 1190 345 1214 est:
374 1187 396 1202 “
413 1183 481 1213 Nec
496 1189 631 1222 potestas
646 1195 762 1221 eorum,

33 1237 55 1252 “
66 1245 125 1274 per
135 1246 227 1274 quam
242 1241 341 1273 agunt
354 1236 479 1270 scilicet,
502 1234 601 1272 possit
622 1234 690 1264 fieri
713 1233 762 1264 di-

45 1289 54 1303 ‘
70 1285 135 1316 visa
150 1285 283 1324 spatioz‘'
307 1284 326 1314 i.
342 1295 368 1315 e.
385 1285 530 1324 separari,
553 1284 651 1315 altera
661 1286 700 1315 ab
716 1284 762 1315 al-

33 1335 106 1372 terii,
128 1337 173 1366 ita
186 1342 223 1366 ut
236 1335 366 1366 seorsim
379 1335 520 1376 proprias
534 1346 582 1366 res
596 1341 701 1377 agant.

74 1388 146 1419 Ver.
163 1392 234 1420 266.
258 1390 361 1419 multae
383 1390 445 1419 vis:
476 1388 513 1419 P.
530 1388 626 1420 Vind.
645 1388 684 1419 V.
708 1387 758 1419 ed.

33 1440 72 1472 Ο.
89 1446 124 1472 Δ.
141 1445 175 1473 Σ.
193 1447 237 1472 Ω.
252 1443 350 1472 multa
361 1441 442 1482 eju&
467 1450 508 1471 ne
523 1440 676 1481 singulari
690 1441 760 1481 qui-

54 1502 104 1523 em
118 1492 273 1523 elemento
287 1491 450 1523 literarum
464 1492 669 1532 discrepante.

75 1543 156 1575 Ibid.
179 1546 237 1575 Sed
259 1545 367 1584 quasi:
394 1544 414 1574 i.
429 1554 455 1574 e.
487 1547 510 1562 “
525 1549 562 1574 ut
587 1543 650 1574 sint
672 1543 759 1585 quasi

45 1599 54 1613 ‘
69 1605 172 1626 unum
185 1596 407 1626 tantummodo
423 1606 546 1636 corpus,
574 1595 683 1626 multis
705 1606 760 1635 po-

44 1649 53 1665 ‘
69 1647 230 1678 testatibus
255 1647 442 1687 praeditumz
479 1647 524 1677 ita
548 1648 762 1688 conglobatim

45 1700 54 1715 ‘
70 1704 179 1738 agunt,
209 1704 302 1739 atque
330 1698 663 1735 socialiter.'’—Porro,
693 1700 762 1729 ani-

66 1758 120 1778 um
135 1747 277 1779 advertas
293 1763 327 1780 -ro
341 1752 386 1780 vis
408 1749 442 1779 in
459 1759 594 1780 numero
616 1749 761 1780 multitu-

56 1799 125 1836 ‘nis‚
148 1805 184 1830 ut
199 1799 240 1830 ad
259 1800 293 1830 ii.
310 1801 599 1840 586.-Caeterum‚
622 1801 674 1831 hic
695 1812 763 1831 ver-

48 1861 84 1881 us
98 1861 173 1882 cum
188 1851 394 1891 praecedente,
411 1858 441 1883 et
452 1863 551 1893 usque
562 1853 602 1883 ad
617 1863 677 1884 ver.
689 1857 761 1885 271.

0 1935 2 1939 ,
51 1908 143 1933 esunt
167 1909 207 1934 Π.
223 1903 315 1934 oculo
330 1903 447 1934 librarii
463 1905 580 1936 scilicet
603 1905 637 1935 in
659 1905 762 1936 simile

49 1953 218 1984 ocabulum
242 1955 336 1985 finale
364 1961 482 1986 temere
509 1956 662 1997 conjecto:
690 1956 760 1987 vide

86 2005 118 2037 ii.
134 2008 208 2038 595.

72 2066 147 2097 Ver.
172 2070 243 2099 267.
265 2069 377 2099 visere:
402 2068 440 2098 P.
466 2068 513 2098 M.
543 2070 672 2105 viscere;
696 2078 760 2099 sor-

54 2116 115 2155 'de,
137 2117 435 2158 et'inepte.—Ordo
459 2125 567 2150 autem
587 2126 644 2157 est,
669 2120 695 2150 si
709 2131 761 2151 ve-

48 2169 56 2176 “
89 2169 186 2200 ‘mam
199 2176 387 2201 structuram
404 2171 536 2202 interius
547 2172 623 2203 velis
633 2183 762 2212 pernos-

51 2230 116 2250 ere:
143 2223 166 2239 “
183 2221 278 2257 Quod
299 2232 411 2263 genus,
434 2223 511 2253 odor
526 2229 582 2262 est,
610 2229 642 2254 et
664 2224 759 2263 calor,

47 2275 56 2290 ‘
73 2277 105 2302 et
119 2282 218 2312 sapor,
240 2273 276 2302 in
295 2273 390 2314 vulgo
406 2273 615 2310 animantum,
639 2284 702 2316 quo
717 2276 762 2306 u's

26 2338 27 2342 =
48 2326 56 2341 ‘
72 2323 202 2353 visere:’'
231 2324 252 2354 i.
275 2335 301 2355 e.
324 2335 544 2366 quemcunque
567 2326 761 2357 animantem

0 2374 7 2383 '
53 2374 110 2406 elis
124 2375 249 2406 intueri.
294 2376 346 2406 De
367 2377 506 2408 formula
527 2383 647 2414 autem,
675 2380 762 2413 Quod

0 2427 6 2447 ²
52 2437 139 2466 enus,
162 2427 309 2458 Lucretio
323 2427 413 2459 valde
427 2429 462 2459 in
483 2428 614 2468 deliciis,
636 2431 764 2469 posthac

74 2489 125 2510 ere
139 2479 344 2516 meditamur,
367 2479 408 2511 ad
432 2481 472 2511 iv.
496 2484 567 2513 759.
613 2482 690 2512 Mea
714 2488 761 2513 ta-

67 2540 109 2561 en
129 2530 251 2562 interea
276 2531 338 2562 fert
359 2531 478 2571 opinio,
499 2531 671 2573 legendum
697 2544 763 2565 esse

44 2583 124 2620 -οῑοτ,
134 2592 190 2622 pro
199 2585 300 2614 calor:
319 2593 395 2613 nam
410 2589 442 2614 et
455 2593 545 2615 voces
557 2584 634 2624 ipsae
648 2586 763 2625 passim

93 2634 282 2674 funduntur,
306 2641 337 2666 et
357 2636 474 2666 rectius
487 2636 610 2667 videtur
630 2648 698 2669 rem
713 2648 762 2669 re·

51 2685 108 2716 eri-i
133 2686 175 2718 ad
194 2689 304 2726 visum,
326 2688 392 2719 una
415 2698 489 2719 cum
513 2695 610 2730 gustu
630 2695 662 2720 et
686 2690 762 2721 odo-

93 2735 126 2767 di
139 2747 245 2777 sensu,
260 2749 354 2780 quam
366 2739 407 2770 ad
420 2746 548 2779 tactum,
565 2751 675 2772 omnes
685 2742 764 2772 alios

2 2829 6 2833 Ι
53 2798 145 2830 εῃευε
151 2789 340 2823 Lucretiano
350 2803 438 2824 more
449 2793 577 2824 solitum
588 2794 762 2835 complecti.

0 2881 4 2886 ⁵
49 2839 146 2880 §tque
160 2840 236 2873 adeo
251 2843 294 2874 ita
315 2843 430 2885 legitur
449 2845 483 2875 in
508 2845 629 2877 Gifanii
645 2852 676 2877 et
698 2847 761 2879 Pa-

0 368 3 380 '
20 344 25 416 i
183 363 310 413 Quod
327 376 472 418 genus,
503 360 547 401 in
567 375 651 416 quo
669 360 730 401 vis
750 361 1010 402 animantum
1030 362 1160 404 visere
1179 361 1316 420 volgo,

21 418 25 512 ἐ

21 513 26 676 ἒ

22 698 26 726 ὶ

23 749 26 768 Ι

65 587 149 628 270
181 586 248 628 Sic
268 585 378 626 calor
398 593 520 641 atque
539 586 611 627 ae‘r
630 593 670 626 et
691 586 803 626 venti
825 600 934 627 caeca
954 594 1134 641 potestas

179 658 318 701 Mixta
337 668 479 701 creant
497 674 625 701 unam
645 658 861 710 naturam.
885 668 926 702 et
946 660 1108 702 mobilis
1128 659 1196 702 illa

807 817 862 846 raei
884 816 1087 848 editionibus:
1114 817 1169 848 sed
1193 817 1233 848 ad
1254 817 1413 858 judicium
1434 817 1540 850 docto-

807 878 879 898 rum
902 879 969 898 rem
991 869 1182 908 deferimus;
1212 870 1267 911 qui
1290 871 1468 910 expendant
1489 881 1542 901 ve·

808 920 876 956 lim,
899 931 941 950 an
957 921 1124 951 Lucretius
1146 931 1212 951 non
1228 921 1262 951 in
1277 922 1385 953 animo
1399 921 1544 953 habuerit

809 972 897 1007 cibos,
910 971 1024 1012 quibus
1038 972 1194 1002 vescimur
1208 972 1364 1003 mortales.
1396 973 1541 1013 Insuper,

809 1029 846 1053 ut
871 1024 1080 1063 suspicionem
1102 1034 1207 1055 meam
1229 1026 1390 1056 amantius
1404 1026 1542 1064 foveam,

811 1074 885 1105 facit
903 1075 1071 1112 Arnobius‚
1094 1075 1136 1105 ad
1150 1075 1202 1106 lib.
1217 1076 1249 1106 ii.
1264 1087 1294 1115 p.
1311 1079 1361 1107 85.
1377 1077 1475 1107 nostri
1486 1086 1542 1116 po-

808 1126 867 1156 'etae
883 1125 1056 1156 indefessus
1070 1126 1223 1156 imitator:
1261 1130 1284 1145 “
1301 1127 1377 1157 Non
1392 1127 1489 1163 enim,
1515 1128 1542 1158 si

810 1182 831 1196 ‘⁶
849 1177 966 1208 fructui
989 1179 1077 1209 vobis
1101 1184 1185 1215 sunt,
1215 1184 1247 1209 et
1266 1180 1400 1210 ciborum
1429 1179 1543 1210 mediis

809 1232 832 1247 ‘⁶
848 1229 883 1258 in
908 1229 1077 1269 generibus
1099 1229 1278 1267 constituta,
1307 1231 1491 1270 expeditum
1511 1238 1542 1262 et

810 1284 832 1299 “
848 1287 1031 1320 promptum
1047 1288 1103 1318 est,
1126 1282 1203 1322 quid
1216 1282 1279 1313 sint
1293 1283 1427 1324 singula,
1447 1283 1543 1321 seire;

807 1335 828 1350 “
845 1342 902 1363 cur
919 1332 1034 1364 talibus
1056 1333 1191 1374 figurata
1213 1333 1276 1364 sint
1298 1335 1425 1372 formis;
1447 1335 1543 1366 fuerit

805 1387 828 1403 “
848 1384 1015 1415 necessitas
1030 1385 1145 1426 aliqua,
1165 1391 1202 1416 ut
1223 1396 1289 1416 non
1306 1385 1387 1416 alios
1407 1398 1541 1427 sapores,

806 1439 828 1455 ‘⁵
844 1436 922 1466 alios
946 1439 1061 1475 odores,
1089 1436 1166 1467 alios
1191 1439 1312 1474 colores,
1342 1447 1440 1478 quam
1462 1448 1541 1478 quos

805 1491 827 1507 “
844 1489 960 1519 habent
982 1488 1116 1529 singulae
1138 1499 1196 1525 res,
1226 1490 1341 1520 habere
1364 1489 1541 1525 debuerint,

806 1543 828 1557 “
846 1550 886 1570 an
902 1547 934 1571 et
948 1540 1025 1571 alios
1039 1540 1201 1580 potuerint
1215 1551 1340 1571 sumere
1347 1540 1376 1572 ζ’·
1400 1541 1454 1578 Et,
1469 1551 1541 1582 quae

805 1599 990 1633 sequuntur,
1007 1593 1118 1624 eodem
1134 1595 1314 1633 spectantia.
1346 1593 1420 1624 Non
1436 1593 1541 1634 indig-

806 1649 899 1674 natus
921 1650 1012 1682 esset,
1036 1650 1072 1674 ut
1094 1650 1214 1684 putem,
1237 1644 1343 1681 lector,
1367 1645 1393 1675 si
1419 1644 1541 1676 divina-

807 1695 928 1725 tionem
951 1701 1091 1726 nostram
1113 1696 1338 1735 recepissemus
1358 1696 1393 1726 in
1407 1701 1541 1732 textum,

806 1747 969 1778 eliminata
984 1747 1107 1788 vulgari
1121 1758 1212 1786 voce;
1237 1747 1291 1778 sed
1314 1748 1348 1777 in
1374 1757 1408 1778 re
1430 1747 1540 1787 dubia,

807 1804 839 1829 et
854 1799 940 1838 parvi
956 1809 1032 1829 sane
1056 1799 1222 1838 momenti,
1251 1798 1413 1830 noluimus
1427 1799 1540 1830 invidi-

807 1860 859 1881 am
875 1850 1053 1890 periclitari.

849 1901 922 1932 Ver.
935 1905 992 1933 271
1001 1925 1008 1933 .
1029 1908 1073 1933 Ω.
1086 1902 1183 1932 habet
1193 1908 1234 1933 est
1246 1902 1288 1933 ad
1303 1902 1400 1933 finem
1414 1903 1534 1934 versus:

804 1953 896 1984 male.

849 2005 926 2036 Ver.
945 2007 1018 2037 272.
1044 2008 1176 2037 initum:
1208 2005 1247 2036 V.
1267 2006 1315 2037 ed.
1330 2009 1459 2038 invitam
1466 2024 1477 2045 ,-
1502 2007 1538 2039 L.

806 2059 916 2088 inicam
925 2071 935 2093 ;
971 2062 1006 2088 Δ.
1021 2063 1142 2093 nutum,
1165 2068 1222 2097 per
1236 2057 1363 2088 eosdem
1378 2058 1540 2090 literarum

807 2108 936 2146 ductus;
960 2109 1060 2139 Vind.
1079 2109 1118 2145 Q„
1137 2115 1176 2139 Π.
1200 2111 1343 2146 iniciunt,-
1375 2110 1460 2152 quod
1475 2121 1541 2141 non

806 2161 956 2191 deterius:
983 2161 1126 2191 similiter
1141 2162 1226 2192 enim
1245 2163 1345 2192 Carus
1360 2163 1538 2202 saepissime,

807 2212 898 2242 sicuti
915 2212 988 2242 satis
1010 2212 1292 2244 animadveitimus
1306 2213 1339 2244 in
1363 2214 1541 2254 praeceden-

805 2265 1027 2296 tibus—ollis:
1056 2265 1092 2296 P.
1109 2267 1191 2302 illos‚·
1216 2266 1258 2297 V.
1274 2266 1322 2297 ed.
1338 2269 1410 2298 illis.

848 2317 924 2348 Ver.
939 2320 1012 2348 275.
1035 2319 1132 2348 unde:
1163 2324 1204 2348 Π.
1219 2319 1391 2349 inda—Et
1405 2319 1456 2349 hic
1471 2328 1537 2348 ver-

806 2379 858 2398 sus
875 2379 931 2408 pro
946 2368 1115 2408 praeeuntis
1124 2370 1285 2410 exegetico
1299 2369 1462 2400 habendus
1476 2375 1536 2400 est:

806 2419 866 2449 nisi
890 2419 930 2450 sit
955 2420 1071 2460 potius,
1103 2421 1189 2461 quod
1217 2421 1307 2451 valde
1332 2420 1539 2460 suspicamur,

808 2473 908 2505 νοθειας
932 2471 1151 2510 postulandus,
1182 2478 1214 2502 et
1237 2485 1263 2506 ες
1290 2485 1416 2513 nopoexus
1443 2481 1541 2512 ocyus

805 2521 1009 2563 ablegandus,
1032 2529 1070 2553 ut
1090 2523 1269 2564 glossatoris
1283 2521 1449 2564 cujusdam
1463 2523 1539 2554 laci-

806 2574 860 2603 nia
887 2574 1084 2614 marginalis,
1116 2585 1281 2615 progressu
1304 2575 1454 2616 temporis
1480 2575 1540 2616 ipsi

807 2626 920 2655 trabeae
934 2626 1160 2657 infaustissime
1174 2627 1302 2658 intexta.

849 2677 925 2708 Ver.
940 2681 1016 2709 274.
1032 2684 1147 2709 natura
1159 2679 1266 2710 subest.
1288 2678 1454 2720 Virgilius,
1470 2689 1538 2720 gen.

806 2728 836 2758 ii.
852 2732 906 2760 49.

869 2789 976 2821 Quippe
988 2789 1045 2814 solo
1056 2792 1153 2814 natura
1163 2788 1285 2815 subest—-

807 2846 919 2887 Neque
935 2847 1015 2878 nihil
1041 2849 1103 2878 huc
1130 2848 1204 2880 facit
1226 2849 1322 2880 Servii
1346 2854 1536 2881 commenta-

764 2905 832 2935 D'.
