1912 3292
468 260 704 307 LIBER
758 260 1140 316 QUARTUS.

1479 275 1567 314 251

206 390 339 439 Quale
357 390 422 439 sit,
443 395 490 429 ut
509 387 718 429 videamus
725 406 738 438 3
771 396 813 430 et
832 389 930 439 una,
953 405 1078 445 quam
1102 394 1247 448 procul
1266 394 1383 436 absit.

262 463 369 504 Illud
386 463 430 502 in
449 461 527 502 hiis
547 462 668 502 rebus
689 463 878 504 minume
898 465 1085 506 mirabile
1104 466 1340 510 habendum
1362 477 1437 520 est,

204 537 326 586 Quur
345 551 406 585 ea,
429 550 522 591 quae
542 536 690 578 feriant
709 538 848 580 oculos
870 540 1100 591 simulacra,
1122 542 1251 583 videri

204 609 372 665 Singula
390 624 515 664 quom
538 620 761 666 nequeant,
785 627 849 654 res
871 613 972 668 ipsae
991 616 1303 670 perspiciantur.

86 687 169 723 260
199 683 357 724 Ventus
377 685 488 724 enim
508 700 672 742 quoque
691 687 903 742 paullatim
924 704 1054 745 quom
1075 691 1277 741 verberat,
1300 699 1341 733 et
1362 706 1490 747 quom

196 756 307 797 Acre
323 757 414 799 fluit
431 758 576 816 frigus,
598 775 684 802 non
704 763 883 817 primam
904 779 1112 821 quamque
1133 765 1308 807 solemus

196 829 446 872 Particulam
464 835 576 874 venti
597 836 761 887 sentire,
794 846 835 878 et
855 837 1024 894 frigoris
1047 839 1150 894 ejus,

97 985 168 1016 Ver.
184 989 257 1017 261.
281 987 381 1018 Deest
403 989 454 1019 hic
468 999 574 1020 versus
591 996 625 1022 Δ.
643 998 685 1022 Π.
700 998 732 1022 et
748 994 783 1023 in

51 1037 137 1067 libris
151 1039 299 1069 omnibus
313 1047 383 1079 post
397 1051 457 1081 seq.
473 1042 557 1072 male
572 1044 708 1082 ponitur,
728 1055 783 1075 ex-

53 1089 149 1128 ceptis
174 1090 211 1121 P.
227 1091 325 1121 Vind.

95 1141 177 1172 Ibid.
200 1143 282 1174 Aere
292 1145 392 1185 fluit:
417 1144 462 1174 sic
487 1145 644 1176 verissime
670 1147 706 1178 L.
735 1148 782 1179 M.

51 1202 109 1222 nec
123 1192 276 1233 discrepat
289 1195 442 1234 scriptura
463 1198 722 1228 membranarum
743 1199 782 1230 Ο.

51 1247 86 1274 Σ.
104 1249 148 1274 Ω.
163 1246 212 1275 Ac
226 1247 339 1286 refluit,
362 1247 388 1275 si
402 1248 498 1285 probe
513 1247 703 1287 dispar-tiaris
719 1250 780 1290 syl-

50 1293 142 1330 labas,
165 1305 242 1335 quas
255 1297 375 1327 librarii
398 1298 514 1336 passim
539 1299 640 1330 solent
661 1301 783 1331 immis-

51 1354 137 1382 cere;
161 1356 219 1376 nec
241 1357 315 1377 sane
340 1347 380 1378 V.
397 1348 445 1378 ed.
470 1350 513 1379 At
527 1352 648 1390 reflua,-
672 1353 712 1381 ob
726 1361 784 1381 sae-

50 1395 178 1434 pissime
200 1404 410 1429 commutatas
432 1400 537 1430 literas
552 1413 568 1431 c
583 1407 614 1431 et
628 1409 656 1433 t:
686 1404 784 1434 Vind.

50 1449 133 1479 Aere
137 1451 238 1489 flzcet,·
265 1450 302 1480 P.
326 1451 408 1481 Aere
419 1451 514 1491 serie.-
545 1463 639 1492 quem
665 1461 783 1492 postre-

51 1510 142 1530 mum
156 1511 213 1539 pro
228 1502 400 1541 exemplari
423 1513 481 1533 suo
496 1511 697 1544 sumpserunt
719 1507 784 1537 edi-

51 1555 338 1592 tores—primam:
357 1553 400 1584 sic
411 1565 529 1595 magno
544 1565 697 1587 consensu
714 1557 784 1589 libri

51 1607 169 1631 veteres
182 1602 334 1642 universi3
352 1605 405 1636 sed
417 1605 572 1647 plerisque
583 1607 701 1646 placuit
715 1608 781 1640 edi-

49 1653 170 1684 toribus
184 1664 335 1694 reponere
347 1660 487 1697 privam:
504 1669 600 1699 quam
615 1660 784 1692 lectionem

51 1714 92 1734 ex
105 1711 206 1736 vetere
220 1707 328 1738 codice
350 1708 567 1748 depromptam
589 1721 655 1741 esse
670 1713 780 1751 praedi-

50 1761 100 1786 cat
123 1757 282 1790 Gifanius.
331 1760 376 1790 At
402 1771 464 1800 quo
491 1761 616 1793 codice?
647 1764 780 1794 Utinam

49 1816 174 1845 possem
188 1809 358 1839 affirmanti
381 1811 512 1842 credere.
557 1813 782 1854 Disquiramus

48 1863 164 1894 autem,
188 1870 229 1889 an
251 1861 327 1890 boni
350 1861 407 1891 viri
434 1869 575 1894 mentem
597 1866 697 1903 poeltae
719 1867 782 1898 sint

52 1909 194 1940 assecuti.
231 1914 253 1929 “
271 1911 305 1941 Si
319 1913 405 1942 venti
419 1914 588 1952 particulas
602 1916 670 1947 ullo
684 1918 780 1949 modo

49 1963 73 1979 “
89 1962 204 1992 sentire
232 1963 414 2001 valeremus,
445 1972 520 1996 tunc
549 1968 658 2006 procul
683 1970 780 2001 dubio

49 2014 72 2030 “
88 2013 282 2050 sentiremus,
307 2025 382 2046 cum
396 2026 476 2047 nove
495 2018 698 2057 afficeremur,
722 2032 780 2052 nec

47 2067 71 2082 “
87 2074 195 2095 sensus
210 2066 389 2098 occaluerat
401 2069 489 2109 quasi
509 2072 778 2104 consuetudine:”

46 2125 106 2146 nec
125 2116 256 2157 hujusce
281 2118 412 2159 quidem
444 2121 489 2151 rei
520 2132 585 2152 non
614 2123 777 2156 fautricem

46 2166 199 2198 habemus
220 2169 255 2198 in
277 2170 425 2201 omnibus
446 2173 678 2212 experientiam.
726 2176 778 2207 Sic

47 2217 146 2257 igitur
161 2219 252 2250 debet
267 2222 365 2261 accipi
374 2225 480 2262 prima
485 2227 644 2264 particula
660 2227 777 2258 Lucre-

47 2268 96 2307 tii,
119 2280 156 2300 ac
170 2271 196 2300 si
211 2278 340 2303 ventum
364 2284 428 2304 non
449 2277 643 2313 sentiremus,
668 2279 728 2309 nisi
744 2280 778 2310 in

47 2333 214 2364 progressu
228 2336 286 2357 suo
301 2337 337 2358 ac
352 2329 539 2366 maturitate,
566 2331 778 2371 conglobatim

46 2375 228 2408 irruentem.
268 2378 324 2408 Sin
339 2386 445 2410 autem
461 2382 510 2411 hae
526 2384 621 2421 probe
632 2384 695 2414 sint
704 2386 777 2415 sub-

45 2426 148 2458 ductae
163 2429 310 2468 rationes,
335 2438 470 2470 potestas
485 2434 625 2473 genuina
638 2436 781 2467 vo'cabuli

45 2481 230 2520 paullatim,
252 2482 337 2522 quod
357 2484 453 2514 modo
477 2486 704 2524 ventilavimus,
729 2499 781 2519 eo-

45 2530 120 2561 dem
135 2542 228 2570 opere
242 2533 379 2572 penitius
393 2535 554 2575 clarescet;
571 2544 601 2568 et
614 2539 686 2569 Cari
700 2550 775 2570 con-

46 2589 150 2614 textus
163 2584 287 2626 integer
308 2597 345 2617 ex
361 2589 449 2618 omni
470 2596 557 2628 parte
571 2592 675 2622 statim
690 2593 775 2623 vide-

44 2635 139 2673 bitur,
163 2647 265 2678 neque
287 2639 354 2670 ulla
375 2640 415 2671 de
437 2642 544 2673 caussa
566 2643 779 2676 solicitandus.

43 2686 191 2719 Lectores
203 2690 317 2721 eruditi
329 2702 366 2722 ac
381 2703 506 2733 sagaces
512 2694 671 2735 judicium
683 2707 778 2727 suum

45 2738 190 2779 afferant,
213 2747 244 2772 et
259 2742 354 2773 libere
370 2744 551 2776 decernant:
578 2757 636 2777 nos
647 2750 777 2788 receptis

47 2796 140 2830 atque
160 2803 265 2824 coram
288 2796 397 2836 positis
419 2797 551 2828 omnino
571 2798 704 2830 libenter
725 2812 775 2832 ac-

46 2843 246 2880 quiescimus.

91 2892 170 2924 Ibid.
182 2898 262 2935 fluit
266 2898 386 2939 frigus.
432 2900 483 2930 Ita
508 2901 649 2942 loquitur
671 2903 772 2942 poeta,

47 2944 253 2986 quodsrr'tim
274 2951 413 2991 undique
438 2953 494 2984 sibi
513 2953 594 2985 riam
616 2955 718 2992 faciat,
743 2962 774 2986 et

828 994 861 1024 in
876 994 1072 1033 penitissima
1087 994 1294 1027 diffundatur.
1318 995 1393 1026 Non
1405 996 1496 1027 aliter
1509 1006 1562 1027 su-

827 1056 894 1084 pra,
922 1056 998 1076 verr.
1015 1050 1087 1077 219.
1103 1050 1176 1077 220.
1191 1046 1302 1087 frigus
1327 1046 1445 1077 dicitur
1471 1058 1490 1078 a
1505 1047 1564 1078 flu-

828 1096 886 1126 viis
899 1099 1020 1138 fluere;
1049 1103 1080 1127 et
1103 1097 1143 1127 ad
1169 1097 1189 1127 i.
1216 1101 1288 1128 556.
1320 1098 1416 1127 simili
1440 1109 1565 1138 prorsus

827 1148 905 1178 orati
914 1149 986 1178 onis
1002 1149 1070 1178 filo:

1010 1207 1128 1238 rigidum
1137 1209 1272 1238 permanat
1275 1207 1366 1239 frigus
1377 1208 1412 1232 ad
1423 1215 1494 1233 ossa:

827 1254 946 1285 ibidem
971 1255 1116 1295 denique,
1142 1265 1203 1285 ver.
1228 1259 1300 1286 495.
1317 1259 1478 1295 penetrale
1492 1259 1563 1298 fri-

825 1317 882 1346 gus
891 1313 1071 1346 permanat,
1088 1313 1118 1337 et
1130 1317 1191 1337 ver.
1204 1310 1276 1338 555.
1292 1308 1563 1349 manabilefrigus

828 1356 956 1397 legitur:
983 1365 1018 1387 ut
1033 1368 1098 1388 non
1114 1356 1153 1387 sit
1168 1368 1296 1395 caussae,
1320 1358 1358 1388 de
1380 1358 1444 1399 qua
1462 1359 1562 1390 lector

828 1408 868 1439 ad
890 1410 1018 1448 phrasin
1036 1411 1119 1451 fluit
1129 1409 1240 1450 frigus
1267 1410 1316 1440 vel
1338 1410 1493 1442 levissime
1515 1411 1563 1442 of-

828 1460 945 1491 fendat.

873 1512 945 1543 Ver.
964 1517 1036 1544 262.
1057 1515 1168 1545 sentire
1177 1527 1188 1544 .·
1207 1514 1248 1544 V.
1264 1514 1311 1545 ed.
1328 1515 1365 1545 B.
1381 1518 1505 1547 statz're:
1531 1521 1564 1546 et

830 1569 869 1593 Π.
883 1563 1022 1604 frigora.

871 1614 946 1644 Ver.
964 1617 1035 1645 265.
1058 1625 1232 1646 unvorsum.
1273 1615 1326 1646 De
1340 1617 1399 1647 hac
1415 1616 1560 1657 lectione,

826 1663 887 1694 loci
907 1674 1000 1704 scopo
1015 1665 1219 1702 considerato,
1243 1672 1274 1696 et
1288 1668 1450 1706 perpensis
1464 1669 1560 1707 scrip-

827 1721 906 1744 turae
922 1715 1133 1754 varietatibus,
1157 1716 1246 1747 nulla
1268 1720 1476 1749 controversia
1491 1729 1561 1749 mo-

825 1766 888 1796 veri
903 1766 1003 1797 debet.
1036 1768 1073 1799 P.
1099 1770 1269 1804 invorsum5
1296 1768 1395 1799 ductu
1417 1771 1558 1810 simplice

824 1816 1011 1848 desiderato:
1038 1825 1070 1848 et
1084 1824 1198 1849 nostrae
1221 1819 1363 1850 lectionis
1384 1820 1471 1851 idem
1493 1832 1560 1852 me-

825 1870 919 1901 minit
933 1871 968 1901 in
983 1872 1074 1903 notis.
1121 1872 1216 1905 Vind.
1232 1874 1270 1904 B.
1286 1874 1323 1904 L.
1340 1874 1388 1905 M.
1412 1874 1452 1906 Ο.
1470 1881 1506 1906 Δ.
1524 1881 1559 1908 Σ.

826 1929 871 1954 Ω.
887 1934 1031 1954 unorsum
1043 1939 1054 1960 ;
1083 1924 1121 1954 V.
1140 1924 1186 1955 ed.
1202 1936 1351 1963 morsum;
1377 1928 1458 1968 (erat
1472 1927 1559 1959 haud

824 1975 918 2005 dubie
932 1976 966 2005 in
981 1977 1183 2013 membranis,
1207 1979 1360 2019 inorsum)
1386 1986 1428 2009 Π.
1443 1981 1559 2011 inmer-

822 2038 900 2063 εφη,-
925 2038 999 2058 cum
1023 2028 1136 2059 iisdem
1160 2039 1286 2068 prorsus
1310 2030 1472 2061 literarum
1494 2033 1556 2063 ele-

822 2080 948 2116 mentis,
972 2086 1065 2120 atque
1080 2091 1254 2120 unversum,
1277 2081 1339 2121 vel,
1366 2093 1403 2113 ex
1426 2085 1558 2125 antiquo

821 2140 916 2166 more,
950 2142 1121 2162 imvm-sum.
1168 2133 1268 2163 Vides
1293 2139 1408 2171 autem,
1443 2135 1554 2169 lector!

821 2182 947 2221 quantis
957 2182 1228 2222 depravationibus
1239 2195 1298 2215 vox
1309 2186 1434 2216 rarioris
1444 2187 1556 2217 formae

821 2234 957 2271 patuerit
966 2235 1006 2264 ob
1016 2234 1228 2275 ignorantiam
1237 2236 1437 2268 librariorum
1445 2251 1453 2276 ;
1470 2240 1555 2280 quod

821 2294 897 2324 erga
917 2285 1038 2317 criticos
1061 2288 1276 2319 emendatores
1298 2290 1439 2320 favorem
1461 2291 1555 2322 debet

820 2336 994 2369 conciliare.
1037 2339 1114 2370 Jam
1129 2350 1202 2371 vero
1217 2341 1257 2371 ad
1281 2342 1349 2371 haec
1365 2343 1553 2382 compendia

825 2388 1013 2428 dictionum,
1036 2391 1100 2421 sive
1129 2403 1184 2431 per
1213 2393 1415 2424 omissionem
1444 2394 1554 2434 literae,

825 2451 880 2470 seu
902 2451 956 2480 per
979 2442 1167 2482 syllabarum
1190 2445 1456 2485 colliquationem‚
1479 2458 1552 2478 nos—

824 2498 908 2522 trum
924 2504 991 2524 esse
1012 2496 1196 2534 saepiuscule
1213 2496 1375 2527 redactum
1390 2499 1483 2528 metri
1499 2510 1554 2529 ne-

820 2543 1024 2583 cessitatibus‚
1048 2556 1086 2575 ex
1116 2547 1225 2576 multis
1252 2548 1403 2587 exemplis
1431 2548 1553 2590 liquido

821 2600 940 2625 constat
955 2597 1114 2628 omnibus:
1141 2608 1243 2638 neque
1258 2599 1343 2638 apud
1364 2600 1441 2630 alios
1457 2602 1551 2641 scrip-

822 2651 903 2676 tores
917 2657 981 2677 non
998 2654 1043 2678 est
1057 2649 1147 2688 copia
1165 2650 1328 2681 similium.
1375 2652 1552 2685 Notabilius

821 2703 866 2727 est
876 2699 1098 2738 compendium
1111 2700 1202 2739 illud,
1218 2711 1264 2737 ac,
1281 2702 1341 2732 nisi
1352 2702 1451 2739 fallor,
1468 2704 1550 2744 ejus-

821 2748 893 2778 dem
908 2749 1064 2786 dictionis,
1086 2751 1172 2791 quod
1198 2752 1324 2783 Nonius
1349 2756 1550 2791 conservavit,

820 2800 851 2830 ii.
867 2804 918 2831 88.
943 2805 966 2820 “
989 2804 1096 2839 Unose,
1122 2803 1155 2833 id
1164 2810 1221 2843 est,
1246 2805 1349 2836 simul.
1393 2806 1551 2838 Pacuvius

821 2855 843 2870 “
861 2852 979 2883 Iliona:

851 2930 870 2943 “
880 2929 1017 2959 Occidisti,
1028 2933 1060 2955 ut
1070 2931 1157 2958 multa
1167 2933 1256 2964 paucis
1264 2934 1345 2960 verba
1358 2923 1433 2960 unole
1445 2936 1548 2960 obnun-

945 2971 963 2985 “
975 2969 1072 2995 tiem.’¹

767 3015 840 3046 Rs
