1912 3292
466 280 714 329 LIBER·
749 280 1102 329 TERTIUS.

1457 290 1522 334 ‘91

174 415 313 471 Atque
331 413 423 454 ideo
444 411 557 453 tanta
578 418 782 453 mutatum
802 420 924 466 putre
944 411 1065 453 ruina

172 487 410 529 Conciderit
429 500 578 541 corpus
597 486 776 541 penitus,
799 486 896 541 quia
915 493 1031 527 mota
1049 486 1141 528 loco
1161 495 1256 528 sunt

57 565 137 602 585
171 562 206 602 F
209 561 474 609 undamenta;
508 560 617 601 foras
637 559 776 601 anim&
797 568 1016 602 emanante
1035 575 1110 615 per
1129 569 1257 611 artus,

169 635 330 690 Perque
350 635 509 675 viarum
529 636 686 676 omneis
705 635 851 685 flexus,
869 635 912 675 in
933 649 1107 690 corpore
1127 634 1222 691 quei
1243 643 1353 687 sunt,

168 709 308 765 Atque
328 709 553 751 foramina?
585 709 837 752 multimodis
857 717 904 751 ut
923 724 1092 750 noscere
1111 710 1240 764 possis

164 783 438 839 Dispartitam
458 785 608 826 animae
628 793 822 827 naturam
842 785 972 827 exisse
991 799 1065 840 per
1085 792 1196 826 artus
1203 802 1216 834 ;

69 954 148 986 Ibid.
173 966 207 986 ez·
222 956 281 986 imo
292 958 494 997 penitusque:
519 956 564 987 ita
578 962 614 988 ut
627 946 677 988 vel
691 957 752 988 mi-

26 1007 203 1041 nutissimas
219 1013 320 1047 partes
334 1014 366 1039 et
388 1009 595 1040 abditissimos
617 1020 754 1041 recessus

25 1059 161 1098 corporis
189 1061 395 1099 penetraverit
425 1061 541 1100 anima,
566 1061 752 1102 impleverit,

26 1115 120 1150 atque
134 1111 331 1142 roboraverit.

65 1170 139 1200 Ver.
161 1173 233 1201 582.
258 1172 445 1202 Emanarz'c:
464 1173 505 1203 V.
518 1172 566 1203 ed.
584 1175 628 1204 Ec
643 1185 754 1206 mana-

23 1221 244 1262 rit—fumus.-
272 1227 306 1253 Δ.
320 1223 617 1265 Ῑιιναιιζ-ιὶῄᾗιεω
653 1225 692 1255 Ο.
721 1231 757 1256 Δ.

0 1272 1 1294 1
27 1274 298 1313 diffisa—animae
312 1277 375 1306 vis.-
402 1276 498 1306 Vind.
516 1277 563 1307 M.
590 1281 626 1308 Σ.
648 1279 754 1307 anima

0 1341 1 1366 χ
24 1327 106 1366 qiu&
132 1328 227 1358 sulcis
241 1328 414 1367 literarum,
431 1329 523 1368 plene
545 1336 754 1368 exaratarum,

0 1368 2 1446 *k
26 1388 91 1408 non
106 1379 368 1417 discrepantibus;
384 1387 425 1410 Π.
440 1387 547 1410 autem
558 1384 673 1412 emimae
680 1382 754 1422 ejus-

0 1450 2 1472 ,
67 1428 148 1459 Ibid.
173 1431 343 1461 Emonam
357 1431 489 1471 fumus:
522 1438 558 1462 ut
582 1435 750 1464 undantem

0 1473 3 1516 ι
14 1480 155 1522 fumum,
171 1482 205 1512 in
221 1482 351 1523 virgini
367 1484 443 1514 AEn.
454 1483 488 1514 ii.
507 1488 580 1516 609.

64 1531 138 1563 Ver.
151 1535 224 1564 583.
241 1540 352 1573 putre:
374 1535 418 1565 V.
435 1535 482 1565 ed.
494 1542 582 1575 putee
587 1552 598 1573 ;
617 1537 654 1567 Ρ.
662 1544 750 1577 pulex

20 1583 104 1624 quod
129 1584 276 1615 nonnulli
306 1596 416 1617 verum
446 1586 587 1624 credunt,
617 1594 648 1618 et
678 1588 752 1619 inde

22 1633 119 1666 fluere
143 1643 248 1677 puteo,
278 1643 310 1668 et.
339 1639 462 1670 similia.
508 1640 581 1679 Ipse
611 1641 751 1681 quidem,

22 1687 100 1718 dum
117 1689 233 1729 cogito,
259 1700 355 1731 quam
375 1691 465 1729 proni
487 1692 594 1723 scribae
621 1693 753 1724 fuissent

25 1745 182 1770 vetustum
199 1748 275 1781 pute
297 1742 332 1771 in
354 1743 510 1773 recentius
535 1743 753 1785 vulgatiusque

17 1797 110 1830 putre
139 1798 272 1829 mutare,
303 1799 428 1824 tantum
458 1805 523 1824 non
545 1795 688 1832 inducor,
719 1802 754 1827 ut

23 1841 188 1873 doctorum
202 1845 364 1874 sententiae
382 1846 581 1877 subscribam.

70 1892 151 1923 Ibid.
174 1893 286 1925 ναὶηᾶι
313 1895 334 1925 i.
351 1905 377 1925 e.
394 1895 491 1932 clade,
508 1897 556 1926 vel
570 1897 751 1929 infortunio.

25 1944 78 1975 Sic
95 1944 263 1986 Virgilius,
281 1947 355 1977 AEn.
371 1947 411 1978 xi.
423 1951 497 1979 310.

84 2013 193 2038 Caetera
204 2013 257 2044 qua
269 2020 355 2038 rerum
363 2015 471 2046 jaceant
482 2015 604 2047 perculsa
617 2016 706 2042 ruina.

25 2077 135 2110 Obiter
151 2078 296 2109 Servium
310 2081 630 2112 emendabimusz-“
645 2093 717 2124 quae
726 2086 755 2114 si

24 2133 48 2149 ‘⁶
63 2132 108 2162 sic
123 2130 254 2161 videatis
279 2131 402 2171 afflicta,
425 2133 501 2173 quid
515 2139 619 2172 restat,
643 2135 702 2165 nisi
717 2141 754 2166 ut

27 2184 51 2200 “
65 2192 175 2221 pacem
185 2188 327 2222 petamus
335 2183 370 2215 ?”
390 2184 544 2214 Nonnulli
556 2184 626 2216 libri
638 2187 753 2217 habent

25 2235 54 2264 si
68 2234 184 2272 solum3
207 2234 271 2272 alii,
294 2238 338 2267 sic
354 2236 464 2266 solum.
510 2237 585 2267 Una
600 2238 752 2270 nimirum

23 2285 133 2316 vocula
147 2287 187 2316 ob
209 2287 299 2317 sociae
319 2299 383 2320 suae
399 2288 640 2325 similitudinem
667 2292 750 2322 exci-

26 2337 114 2369 derat
126 2338 299 2378 utrobique.

27 2392 163 2429 Interea,
189 2403 284 2433 quam
299 2394 391 2425 vellet
405 2395 670 2426 constructionem
685 2407 752 2427 ver-

25 2445 140 2475 borum
162 2450 276 2483 noster,
309 2452 425 2477 temere
447 2448 516 2488 quis
538 2447 668 2479 dixerit?
704 2449 751 2479 U-

25 2500 121 2532 trum,
142 2498 165 2514 “
178 2497 284 2535 Atque
295 2497 364 2527 ideo
374 2505 464 2537 putre
476 2509 599 2538 corpus,
614 2501 751 2542 (utpote)

25 2549 48 2565 “
65 2553 223 2578 mutatum
237 2547 324 2578 tanta
339 2549 443 2587 ruina,
467 2550 639 2581 conciderit
661 2552 750 2590 peni-

23 2600 48 2617 “
65 2598 157 2628 tus:”
179 2598 228 2629 vel
243 2604 279 2630 ut
293 2599 388 2630 ruina
404 2601 444 2631 ad
459 2603 587 2632 verbum
610 2605 750 2634 concide-

18 2644 67 2682 'm
80 2650 240 2682 referatur.
288 2651 430 2689 Ovidius,
453 2663 491 2683 ex
507 2654 598 2686 Pont.
614 2655 634 2686 i.
654 2659 682 2686 9.
701 2659 747 2686 13.

0 2682 2 2698 l

0 2728 3 2757 Ι
57 2732 128 2758 Cum
137 2734 234 2758 domus
244 2734 349 2766 ingenti
359 2735 448 2759 subito
459 2742 521 2760 mea
531 2735 602 2768 lapsa
613 2736 693 2762 ruina

0 2770 5 2802 l
86 2771 206 2803 concidit,
215 2773 244 2797 in
254 2773 358 2798 domini
367 2775 565 2806 procubuitque
575 2780 668 2808 caput.
710 2793 714 2800 .

30 2847 105 2880 Hoc
116 2850 144 2881 si
162 2852 267 2892 vellet,
293 2854 462 2886 stationem
484 2855 580 2886 nimis
603 2856 752 2898 ignavam

27 2953 167 2988 nendum
179 2963 299 2999 putem:

0 3073 20 3292 i

827 957 918 988 Atque
927 955 988 981 ideo
998 955 1087 985 tanta,
1097 957 1236 980 mutatum
1247 954 1273 979 in
1285 958 1375 987 putre,
1385 954 1462 980 ruinz‘i

828 997 984 1022 Conciderit
995 1003 1092 1028 corpus
1103 996 1225 1028 penitus:

797 1078 875 1098 nam
911 1068 1164 1108 praepositionem
1199 1070 1232 1098 in
1278 1068 1528 1109 frequentissime

797 1120 935 1160 elapsam
957 1131 1022 1151 esse
1044 1120 1165 1160 scriptis
1180 1125 1249 1159 post
1272 1120 1527 1152 terminationem

797 1183 862 1211 um,
880 1172 913 1202 id
928 1172 1037 1202 saltem
1051 1172 1197 1202 novimus
1211 1172 1356 1202 universi.

846 1224 922 1254 Ver.
938 1226 1009 1254 585.
1037 1222 1174 1259 Idoneis,
1199 1222 1259 1251 nisi
1285 1222 1424 1252 multum
1446 1221 1528 1252 falli-

801 1285 884 1313 mur,
901 1274 1073 1304 rationibus
1088 1272 1228 1312 impulsi,
1251 1279 1351 1303 metas
1366 1273 1456 1304 nobis
1471 1284 1527 1313 po-

800 1327 873 1357 sitas
902 1325 1120 1355 transcendere
1147 1335 1212 1355 non
1242 1325 1527 1365 reformidavimus,

799 1376 1054 1407 emendationem
1069 1376 1200 1416 hujusce
1215 1376 1322 1406 versus
1337 1387 1375 1406 ex
1398 1377 1528 1418 ingenio

796 1430 970 1470 periclitati.
1021 1430 1064 1460 In
1093 1430 1315 1460 communibus
1338 1430 1529 1461 editionibus

797 1482 837 1513 ad
852 1483 936 1513 hunc
952 1481 1084 1512 modum
1098 1481 1187 1511 locus
1200 1481 1339 1511 ordinari
1355 1482 1445 1513 solet:

1144 1567 1206 1598 quia
1217 1569 1294 1591 mota
1305 1565 1365 1591 ioco
1377 1569 1440 1592 sunt

826 1610 1014 1634 Fundamenta
1024 1607 1095 1633 foras
1105 1607 1210 1638 animae,
1221 1610 1376 1640 manumque
1387 1615 1434 1641 per
1442 1612 1526 1635 artus.

797 1683 894 1714 Pium
916 1687 1091 1723 sequuntur
1115 1681 1248 1719 scilicet3
1273 1691 1349 1711 nam
1379 1682 1413 1712 in
1438 1683 1527 1714 libn's

797 1734 945 1764 omnibus
959 1734 1002 1764 ita
1019 1733 1150 1772 scriptus
1165 1738 1324 1772 comparet
1337 1727 1458 1764 versus:

828 1809 1016 1834 Fundamenta
1033 1809 1104 1834 foras
1126 1812 1234 1834 manant
1254 1809 1396 1841 animeque
1416 1817 1464 1842 pei¹
1484 1816 1526 1835 ar-

920 1852 1009 1873 ηις-τ

796 1920 883 1951 unde
893 1920 1002 1961 nequit
1013 1920 1142 1960 ambigi,
1152 1920 1427 1959 transpositionem
1435 1920 1528 1951 istam

796 1972 1032 2010 correctoribus,
1044 1971 1148 2001 nescio
1159 1971 1274 2011 quibus
1288 1971 1446 2011 equidem,
1462 1971 1527 2010 pri-

797 2023 893 2053 mitus
909 2021 1025 2058 deberi,
1048 2022 1081 2052 in
1096 2021 1225 2061 proclivi
1240 2022 1347 2061 utique
1357 2021 1526 2062 jacentem.

799 2073 1062 2105 Ineommoditate
1076 2079 1183 2104 autem
1207 2073 1300 2113 plane
1325 2073 1528 2114 insuperabili

796 2126 950 2164 premitur
964 2127 1031 2156 haec
1045 2125 1136 2164 ratio,
1152 2126 1192 2156 ob
1203 2125 1352 2155 orationis
1363 2125 1526 2157 inconcin-

796 2177 927 2209 nitatem
937 2188 974 2208 ex
984 2179 1239 2217 metaphorarum
1248 2176 1441 2214 confusione,
1447 2188 1525 2218 qua-

796 2229 860 2260 lem
876 2230 909 2260 in
925 2230 1051 2270 elegans
1066 2229 1207 2261 Lucretii
1228 2229 1394 2269 ingenium
1418 2229 1526 2260 nullus

795 2282 908 2311 harum
920 2288 1120 2312 venustatum
1132 2281 1248 2321 dignus
1255 2281 1369 2311 arbiter
1380 2281 1527 2313 cecidisse

798 2334 920 2365 dixerit.
966 2335 1017 2365 Ex
1031 2345 1095 2375 quo
1109 2345 1224 2376 genere
1239 2335 1325 2364 enim
1341 2344 1466 2364 necesse
1480 2340 1527 2365 est

796 2385 860 2416 illae
874 2388 978 2417 ruz'nae
993 2387 1056 2417 sint
1071 2386 1199 2426 collapsi
1213 2385 1350 2424 aedificii,
1373 2396 1444 2426 quae
1459 2397 1526 2416 ma-

796 2447 868 2472 nent
883 2451 938 2480 per
953 2440 1128 2472 foramina?
1145 2440 1256 2478 Vides,
1268 2440 1391 2479 opinor,
1403 2439 1526 2479 delphi-

796 2502 876 2522 num
891 2493 925 2522 in
939 2493 1032 2533 sylvis
1046 2502 1165 2533 magno
1180 2502 1255 2522 cum
1268 2491 1433 2521 molimine
1443 2490 1526 2521 frus-

796 2549 844 2574 tra
872 2543 1101 2575 inaestuantem.
1154 2541 1394 2581 Nobismetipsis
1417 2541 1526 2582 igitur,

793 2595 841 2626 uti
856 2595 968 2634 cernis,
992 2597 1085 2626 verba
1099 2594 1364 2634 confingentibus,
1390 2593 1525 2624 minime

795 2646 954 2678 temerarii
968 2647 1125 2686 videmur,
1140 2656 1242 2687 neque
1257 2645 1394 2676 violento
1409 2651 1525 2676 conatu

795 2708 863 2729 rem
876 2699 1076 2739 transegisse;
1099 2697 1280 2729 Lucretiani
1300 2696 1453 2727 sermonis
1474 2697 1524 2727 in·

795 2751 891 2791 genio
905 2750 1012 2788 simul,
1027 2750 1112 2791 quod
1123 2750 1296 2789 potuimus,
1307 2749 1522 2781 consulentes:

796 2807 881 2832 amat
895 2802 981 2832 enim
996 2801 1062 2840 ille,
1078 2807 1116 2831 ut
1129 2801 1181 2831 hic
1195 2808 1367 2839 emanante,
1390 2806 1459 2841 post
1474 2802 1523 2833 E-

796 2857 945 2893 manarit,
972 2864 1031 2885 ver.
1057 2856 1128 2885 582.
1150 2864 1240 2885 voces
1259 2854 1391 2884 subinde
1405 2853 1524 2884 similes

29 2910 88 2931 vox
102 2910 248 2937 mutatum
263 2907 385 2941 videtur
407 2919 584 2953 occupasse,
607 2915 639 2942 et
660 2919 749 2950 repo·
791 2907 884 2948 juxta
911 2906 1073 2944 collocare,
1109 2906 1198 2947 quasi
1227 2906 1371 2937 animum
1400 2905 1523 2936 lectoris

795 2959 873 2991 inibi
889 2959 1046 2992 intentum
1056 2958 1157 2992 facere
1172 2958 1319 2992 studeret.
1365 2957 1520 2990 Commit-

725 3019 792 3052 (55
