1912 3292
464 270 698 319 LIBER
748 268 1132 328 QUARTUS.

1466 279 1560 319 345

204 399 334 458 Ergo,
357 401 515 441 animus
535 415 662 455 quom
683 415 766 441 sese
785 400 844 440 ita
863 407 1095 449 conmovet,
1118 407 1163 441 ut
1182 401 1277 443 velit
1295 401 1372 453 ire,

89 477 169 513 885
202 474 335 530 Inque
353 473 469 530 gredi
476 490 489 521 ;
521 471 615 512 ferit
634 486 687 512 ex
707 470 875 525 templo,
898 484 991 526 quae
1012 471 1056 511 in
1078 487 1250 528 corpore
1269 482 1358 517 toto

202 547 284 589 Per
302 546 501 596 membra,
524 553 647 601 atque
666 552 792 595 artus,
815 545 972 586 animai
990 544 1130 586 dissita
1149 547 1208 587 vis
1229 556 1304 588 est:

201 622 258 662 Et
276 619 390 661 facile
410 627 470 661 est
488 619 657 671 factu-m,
679 619 877 675 quoniam
896 620 1117 675 conjuncta
1136 627 1310 662 tenetur..

198 693 304 735 Inde
323 709 371 734 ea
393 709 598 749 proporro
619 709 768 749 corpus
788 694 910 750 petit3
943 701 1066 750 atque
1085 694 1142 735 ita
1163 702 1250 736 tota

196 767 414 809 Paullatim
433 767 560 809 moles
580 768 853 824 protruditur,
885 776 1007 824 atque
1027 776 1228 809 movetur.

82 847 164 883 890

254 841 477 893 Praeterea,
500 851 590 884 tum
610 843 779 884 rarescit
798 857 962 899 quoque
982 857 1149 898 corpus;
1183 850 1223 883 et
1243 843 1313 884 a'e'r

195 915 371 966 Scilicet,
394 924 440 957 ut
460 916 597 967 debet,
619 918 691 972 qui
711 932 871 972 semper
890 916 1053 958 mobilis
1073 923 1220 966 exstat,

191 989 274 1031 Per
292 989 495 1045 patefacta
515 990 640 1040 venit,
661 998 931 1046 penetratque
950 990 1166 1038 foramina,
1190 988 1346 1046 largus3

190 1064 250 1105 Et
269 1063 519 1120 dispargitur
537 1063 589 1104 ad
609 1064 760 1119 parteis
780 1063 837 1104 ita
856 1063 1027 1119 quisque
1046 1064 1225 1105 minutas

194 1135 407 1192 Corporis:
438 1136 530 1178 heic
548 1138 675 1194 igitur
694 1137 815 1179 rebus
836 1137 883 1179 fit
903 1138 1111 1194 utrimque
1130 1136 1305 1187 duabus,

44 1294 83 1327 L.
101 1300 141 1326 Π.
157 1294 227 1325 vide
241 1304 344 1335 supra,
367 1294 408 1326 ad
422 1305 482 1327 ver.
499 1297 707 1336 657.—quz'd:
734 1295 773 1326 P.

44 1346 91 1377 V.
117 1346 165 1378 ed.
190 1347 486 1388 quoni—Caeterum
511 1352 550 1378 A.
572 1357 661 1377 voces
682 1359 774 1387 quam

44 1411 128 1431 'mens
143 1400 345 1439 transpositas
358 1401 483 1431 exhibet
491 1412 500 1438 3
521 1406 614 1439 prout
628 1399 770 1430 mallem:

43 1450 100 1481 sed
114 1450 204 1490 plura
219 1452 350 1486 obstant,
379 1460 441 1491 quo
465 1450 571 1481 minus
593 1459 613 1481 a
634 1450 774 1481 Lucretii

42 1511 142 1533 manu
156 1502 200 1532 sic
214 1501 390 1541 provenisse
405 1511 558 1532 censeam.

87 1554 160 1585 Ver.
177 1557 248 1584 885.
272 1556 329 1585 Id:
355 1564 469 1594 nempe
483 1556 662 1592 secundum,
679 1567 772 1590 κατα,

43 1607 90 1642 id‚·
112 1615 200 1635 more
215 1604 313 1644 po'etae
335 1610 442 1635 nostro
463 1615 587 1635 summe
608 1604 768 1636 familiari:

46 1662 84 1688 A.
99 1663 130 1687 et
142 1661 176 1689 Σ.
192 1658 252 1694 Αι;
269 1657 316 1687 uti
331 1667 516 1688 communes
529 1657 618 1688 editi:
640 1661 674 1688 Σ.
690 1657 772 1686 inse-

41 1709 84 1739 rit
97 1719 212 1749 quoque
226 1713 296 1748 post
310 1710 366 1744 Ac,
389 1715 421 1739 et
435 1709 610 1748 transponit
624 1707 773 1738 vocabula

43 1763 130 1792 illius
144 1762 374 1792 rei.—conslat:
400 1760 443 1790 ita
470 1761 509 1791 P.
537 1761 575 1791 B.
599 1765 634 1792 Σ.
660 1759 773 1800 reliqui

41 1823 162 1851 omnes,
199 1818 348 1849 constare,·
387 1812 496 1852 procul
530 1811 627 1842 dubio
656 1811 772 1841 vitiose.

42 1866 125 1896 Mox
152 1871 193 1895 Π.
215 1869 378 1904 promovet,
408 1873 465 1903 pro
490 1868 652 1899 conmovet5
677 1862 772 1893 etiam

46 1915 138 1947 male.

43 1969 46 1971 '
85 1968 161 1997 Ver.
178 1969 249 1998 886.
272 1965 409 1998 animai:
437 1969 472 1997 Δ.
487 1968 611 2002 amma,-
635 1965 769 1998 usitatis-

41 2019 122 2051 simo
136 2017 332 2048 Lucretianis
346 2017 453 2048 scribis
466 2027 578 2048 errore.

84 2069 166 2101 Ibid.
188 2071 319 2100 membra
345 2076 436 2110 atque
459 2075 562 2100 artus.-
588 2067 655 2098 redi
677 2067 717 2098 ad
740 2067 771 2097 ii.

42 2126 114 2154 282.
136 2121 316 2160 Euripides,
342 2121 382 2152 ad
405 2121 503 2160 Hipp.
526 2124 599 2151 200.
620 2119 771 2159 pressiore

41 2173 144 2213 phrasi
158 2179 266 2212 μελεων
281 2170 422 2211 021va(aeoe
436 2171 558 2201 vocitat.

83 2223 166 2255 Ibid.
188 2225 309 2254 anima'i
323 2225 431 2254 dissita
443 2224 501 2254 vis.-
527 2222 616 2252 Hinc
631 2222 768 2253 fortassis

42 2280 150 2307 auctor
167 2273 295 2310 Culicis,
318 2284 379 2304 ver.
398 2277 467 2304 186.

206 2348 282 2371 Tum
294 2346 414 2378 prosiluit
424 2345 593 2376 furibundus,
609 2350 637 2371 et
649 2346 724 2371 illum

74 2388 213 2413 Obtritum
224 2387 308 2411 morti
317 2387 406 2411 misit:
424 2387 468 2411 cui
477 2386 579 2411 dissitus
590 2386 674 2410 omnis

73 2427 181 2460 Spiritus
192 2426 307 2452 excessit
316 2433 414 2452 sensus.

85 2499 161 2529 Ver.
178 2501 249 2530 887.
260 2498 406 2539 sactum:
432 2499 474 2529 sic
489 2497 586 2528 Vind.
603 2497 642 2528 V.
659 2497 707 2528 ed.
725 2498 765 2528 B.

39 2551 78 2581 L.
97 2549 136 2580 Ο.
155 2555 189 2580 Δ.
206 2555 243 2581 Σ.
260 2549 382 2590 reliqui,
395 2549 507 2589 factm
530 2548 631 2589 magis
645 2548 766 2590 vulgari

42 2611 157 2643 genere
172 2600 309 2631 dicendi:
329 2606 361 2630 et
374 2600 541 2639 proclivius
556 2599 666 2630 abierit
669 2599 766 2641 faceti.

40 2654 75 2683 in
94 2653 202 2693 factu,
228 2662 323 2693 quam
351 2652 698 2693 vicissim.—quonz'am:
727 2652 766 2682 V.

38 2704 86 2736 ed.
102 2705 140 2736 Β.
155 2716 264 2745 quam,·
290 2704 436 2740 volentes,
453 2704 573 2744 opinor,
589 2715 695 2744 quum,
719 2705 767 2735 vel

39 2767 121 2794 cum,
154 2756 202 2786 uti
224 2756 258 2785 in
282 2762 322 2786 11.
353 2755 505 2795 scriptum
527 2761 582 2794 est,
613 2761 644 2785 et
670 2756 703 2786 in
728 2761 764 2788 A.

37 2809 169 2848 quando.

80 2857 154 2888 Ver.
168 2862 240 2890 888.
257 2861 355 2900 petit:
380 2860 435 2899 sic,
457 2859 579 2892 idoneis
592 2859 765 2890 rationibus

37 2910 201 2949 impulsus,
234 2921 272 2942 ex
298 2911 478 2953 conjectura
506 2911 672 2943 rescribere
701 2922 765 2942 non

36 2961 184 3002 expallui.
224 2962 360 2995 *Codices
373 2963 582 3005 antiquissimi
596 2963 764 2996 sincerissi-

819 1295 936 1337 mique,
958 1295 1000 1326 V.
1017 1293 1064 1325 ed.
1081 1293 1117 1325 L.
1130 1293 1182 1324 M.
1200 1299 1245 1324 Ω.
1268 1301 1371 1333 neque
1387 1291 1476 1323 aliter
1497 1301 1547 1322 re-

818 1348 980 1385 centiores,
1003 1345 1103 1377 Vind.
1132 1345 1170 1375 Β.
1194 1348 1229 1375 Δ.
1254 1350 1295 1374 Π.
1311 1348 1347 1375 Σ.
1356 1345 1453 1383 perz't;
1477 1352 1548 1373 om-

817 1399 870 1429 nia
895 1397 1049 1428 nimirum
1076 1395 1266 1435 exemplaria
1294 1400 1407 1434 praeter
1433 1394 1470 1424 P.
1494 1393 1549 1434 qui

816 1449 1015 1490 habetfi7·it.·
1041 1449 1100 1478 hoc
1115 1452 1222 1477 autem
1237 1445 1428 1476 membranis
1442 1444 1550 1475 deberi

817 1499 924 1530 nullus
938 1499 1076 1534 arbitror,
1103 1497 1181 1528 adeo
1206 1497 1338 1527 libenter
1359 1496 1409 1526 vel
1428 1495 1548 1526 insciti-

817 1561 853 1581 or
874 1551 1061 1590 interpolare
1086 1554 1206 1589 poterat
1228 1559 1266 1579 ex
1286 1547 1546 1588 praecedentibus.

817 1602 914 1634 Hanc
927 1602 1094 1633 lectionem
1121 1601 1253 1632 editores
1275 1610 1386 1631 omnes
1407 1599 1547 1639 arripue-

816 1661 903 1685 runt:
931 1652 985 1685 sed
999 1654 1062 1691 ille,
1079 1654 1133 1694 qui
1147 1652 1413 1691 animadverterit,
1429 1650 1548 1693 quanta

817 1717 890 1738 cum
911 1706 1066 1737 industria
1087 1704 1253 1736 Lucretius
1274 1714 1452 1734 sermonem
1467 1703 1548 1734 vari-

816 1768 869 1788 are
891 1757 989 1788 soleat
1012 1758 1046 1787 in
1071 1757 1226 1792 omnibus,
1257 1755 1443 1786 divinationi
1466 1765 1547 1785 meae

817 1819 882 1840 non
898 1820 980 1850 aegre
995 1818 1174 1839 accessurus
1195 1813 1249 1838 est.
1294 1807 1317 1838 J
1319 1817 1371 1837 am
1387 1816 1470 1842 vero,
1494 1806 1547 1836 vix

815 1871 906 1901 opus,
922 1867 959 1891 ut
972 1861 1172 1897 admoneam,
1187 1859 1291 1890 literas
1305 1871 1322 1889 r
1337 1869 1372 1889 ac
1387 1865 1398 1889 ι
1414 1858 1447 1888 in
1459 1859 1547 1888 Lon.

815 1910 990 1952 gobardica,
1003 1922 1099 1953 quam
1111 1911 1230 1949 dicunt,
1242 1910 1291 1940 vel
1302 1910 1436 1947 minore,
1449 1910 1544 1948 scrip-

814 1964 898 2002 tura,
914 1964 1004 1994 nullo
1019 1963 1145 2004 negotio
1160 1963 1347 1993 commutari
1362 1972 1461 2001 posse.
1489 1962 1545 1992 In-

816 2015 926 2054 spicias
948 2019 1064 2050 tamen,
1087 2014 1127 2044 de
1149 2015 1206 2044 hac
1229 2024 1272 2050 re,
1295 2013 1438 2044 criticum
1460 2012 1543 2043 indi-

815 2075 892 2096 cem.

857 2117 931 2147 Ver.
949 2120 1023 2149 890.
1039 2123 1122 2147 bum:
1141 2117 1179 2147 P.
1197 2117 1234 2146 B.
1244 2126 1312 2147 cum
1320 2132 1331 2152 ,-
1349 2116 1390 2146 V.
1400 2116 1447 2146 ed.
1457 2127 1540 2157 qum.

813 2170 927 2199 ——a'e'r.·
954 2174 1000 2199 Ω..
1015 2178 1104 2199 uvor:
1130 2177 1200 2208 quae
1222 2166 1367 2197 notabilis
1382 2172 1428 2197 est
1444 2167 1542 2197 varia-

810 2219 868 2257 tio;
893 2218 956 2256 sed,
979 2218 1063 2249 unde
1078 2218 1206 2249 traxerit
1227 2217 1393 2258 originem,
1420 2223 1476 2248 aut
1490 2217 1542 2247 cui

810 2270 882 2301 usui
897 2270 936 2302 sit
951 2276 1058 2300 contra
1075 2269 1163 2301 codd.
1178 2269 1326 2309 reliquos,
1350 2268 1541 2308 explorando

810 2332 875 2353 non
890 2322 1037 2363 equidem
1052 2332 1132 2352 sum.

855 2373 936 2404 Ibid.
948 2376 1078 2405 -rarescz't
1095 2385 1220 2414 corpus:
1239 2383 1363 2412 nempe,
1386 2378 1468 2403 motu
1484 2371 1539 2402 ad-

811 2425 924 2456 hibito:
950 2425 1056 2456 redeas
1071 2425 1111 2456 ad
1125 2435 1186 2456 ver.
1201 2428 1381 2456 858—864.

854 2476 928 2507 Ver.
951 2481 1026 2509 891.
1050 2479 1184 2509 mobilis.-
1216 2477 1236 2507 i.
1261 2487 1288 2507 e.
1313 2488 1387 2507 uvor
1409 2478 1540 2513 mobilis,

810 2527 850 2558 ad
877 2527 1045 2559 lectionem
1066 2530 1322 2559 membranarum
1347 2533 1391 2558 Ω.
1417 2527 1465 2559 vel
1486 2530 1541 2558 a'e'r

809 2580 936 2610 uvidus:
963 2590 1038 2610 nam
1056 2580 1209 2621 Virgilius
1231 2578 1469 2619 quodammodo
1492 2578 1539 2608 vi-

809 2629 901 2661 detur
914 2631 988 2661 huic
1002 2632 1161 2671 scripturae
1183 2629 1354 2670 suffragari,
1377 2629 1416 2660 ad
1431 2639 1500 2670 geo.
1516 2630 1539 2661 i.

810 2688 881 2715 417.

1005 2759 1188 2788 tempestaset
1199 2755 1263 2780 coeli
1273 2753 1369 2779 mobilis
1379 2754 1469 2779 humor

840 2799 981 2821 Mutavere
991 2795 1057 2826 vias,
1074 2799 1103 2821 et
1113 2795 1222 2827 Jupiter,
1239 2793 1341 2819 uvidus
1351 2793 1518 2818 austris—z

809 2860 893 2901 quod
908 2870 970 2890 non
983 2858 1108 2889 silentio
1123 2857 1373 2898 praetereundum
1388 2857 1536 2889 habui.—

810 2912 898 2948 Bon,
916 2912 952 2942 B.
967 2913 1072 2950 largis.

853 2963 927 2995 Ver.
944 2966 1015 2996 895.
1033 2963 1247 3004 dispargitur:
1271 2961 1314 2993 ita
1329 2961 1367 2994 P.
1380 2960 1420 2992 V.
1435 2960 1483 2991 ed.
1498 2959 1536 2993 L.

753 3023 822 3055 22
