<?xml version="1.0" encoding="UTF-8"?>
<!DOCTYPE html PUBLIC "-//W3C//DTD XHTML 1.0 Transitional//EN"
    "http://www.w3.org/TR/xhtml1/DTD/xhtml1-transitional.dtd">
<html xmlns="http://www.w3.org/1999/xhtml" xml:lang="en" lang="en">
 <head>
  <title>
</title>
<meta http-equiv="Content-Type" content="text/html;charset=utf-8" />
  <meta name='ocr-system' content='tesseract 3.04.00' />
  <meta name='ocr-capabilities' content='ocr_page ocr_carea ocr_par ocr_line ocrx_word'/>
</head>
<body>
  <div class='ocr_page' id='page_1' title='image "./tlucretiicarider02lucruoft_0050.png"; bbox 0 0 1912 3292; ppageno 0'>
   <div class='ocr_carea' id='block_1_1' title="bbox 351 223 412 263">
    <p class='ocr_par' dir='ltr' id='par_1_1' title="bbox 351 223 412 263">
     <span class='ocr_line' id='line_1_1' title="bbox 351 223 412 263; baseline 0.016 -1"><span class='ocrx_word' id='word_1_1' title='bbox 351 223 412 263; x_wconf 79' lang='lat'>22</span> 
     </span>
    </p>
   </div>
   <div class='ocr_carea' id='block_1_2' title="bbox 841 215 1332 266">
    <p class='ocr_par' dir='ltr' id='par_1_2' title="bbox 841 215 1332 266">
     <span class='ocr_line' id='line_1_2' title="bbox 841 215 1332 266; baseline 0 -2"><span class='ocrx_word' id='word_1_2' title='bbox 841 215 902 264; x_wconf 89' lang='lat' dir='ltr'>T.</span> <span class='ocrx_word' id='word_1_3' title='bbox 951 215 1332 266; x_wconf 91' lang='lat' dir='ltr'>LUCRETII</span> 
     </span>
    </p>
   </div>
   <div class='ocr_carea' id='block_1_3' title="bbox 380 345 1814 777">
    <p class='ocr_par' dir='ltr' id='par_1_3' title="bbox 380 345 1814 777">
     <span class='ocr_line' id='line_1_3' title="bbox 549 345 1814 408; baseline 0.006 -21"><span class='ocrx_word' id='word_1_4' title='bbox 549 345 673 388; x_wconf 93' lang='lat' dir='ltr'>Nunc</span> <span class='ocrx_word' id='word_1_5' title='bbox 692 348 875 389; x_wconf 76' lang='lat' dir='ltr'>animam</span> <span class='ocrx_word' id='word_1_6' title='bbox 893 363 1058 405; x_wconf 91' lang='lat' dir='ltr'>quoque</span> <span class='ocrx_word' id='word_1_7' title='bbox 1078 356 1124 390; x_wconf 92' lang='lat' dir='ltr'>ut</span> <span class='ocrx_word' id='word_1_8' title='bbox 1142 349 1186 390; x_wconf 91' lang='lat' dir='ltr'>in</span> <span class='ocrx_word' id='word_1_9' title='bbox 1206 348 1401 391; x_wconf 87' lang='lat' dir='ltr'>membris</span> <span class='ocrx_word' id='word_1_10' title='bbox 1420 363 1668 408; x_wconf 85' lang='lat' dir='ltr'>cognoscere</span> <span class='ocrx_word' id='word_1_11' title='bbox 1686 353 1814 406; x_wconf 86' lang='lat' dir='ltr'>possis</span> 
     </span>
     <span class='ocr_line' id='line_1_4' title="bbox 491 419 1534 478; baseline 0.004 -16"><span class='ocrx_word' id='word_1_12' title='bbox 491 419 607 472; x_wconf 88' lang='lat' dir='ltr'>Esse,</span> <span class='ocrx_word' id='word_1_13' title='bbox 629 436 762 478; x_wconf 92' lang='lat' dir='ltr'>neque</span> <span class='ocrx_word' id='word_1_14' title='bbox 781 421 998 465; x_wconf 55' lang='lat' dir='ltr'>harmoni&amp;</span> <span class='ocrx_word' id='word_1_15' title='bbox 1018 437 1169 478; x_wconf 89' lang='lat' dir='ltr'>corpus</span> <span class='ocrx_word' id='word_1_16' title='bbox 1188 423 1366 464; x_wconf 89' lang='lat' dir='ltr'>retinere</span> <span class='ocrx_word' id='word_1_17' title='bbox 1387 423 1534 474; x_wconf 84' lang='lat' dir='ltr'>solere;</span> 
     </span>
     <span class='ocr_line' id='line_1_5' title="bbox 380 495 1479 553; baseline 0.004 -18"><span class='ocrx_word' id='word_1_18' title='bbox 380 499 459 536; x_wconf 80' lang='lat'>120</span> <span class='ocrx_word' id='word_1_19' title='bbox 491 495 718 551; x_wconf 88' lang='lat' dir='ltr'>Principio,</span> <span class='ocrx_word' id='word_1_20' title='bbox 740 496 788 538; x_wconf 93' lang='lat' dir='ltr'>fit</span> <span class='ocrx_word' id='word_1_21' title='bbox 812 497 912 548; x_wconf 90' lang='lat' dir='ltr'>utei,</span> <span class='ocrx_word' id='word_1_22' title='bbox 933 497 1119 539; x_wconf 86' lang='lat' dir='ltr'>detracto</span> <span class='ocrx_word' id='word_1_23' title='bbox 1139 512 1313 553; x_wconf 90' lang='lat' dir='ltr'>corpore</span> <span class='ocrx_word' id='word_1_24' title='bbox 1332 498 1479 548; x_wconf 89' lang='lat' dir='ltr'>multo,</span> 
     </span>
     <span class='ocr_line' id='line_1_6' title="bbox 492 570 1514 626; baseline 0.004 -15"><span class='ocrx_word' id='word_1_25' title='bbox 492 570 613 626; x_wconf 87' lang='lat' dir='ltr'>Saepe</span> <span class='ocrx_word' id='word_1_26' title='bbox 631 579 770 612; x_wconf 83' lang='lat' dir='ltr'>tamen</span> <span class='ocrx_word' id='word_1_27' title='bbox 789 571 909 613; x_wconf 92' lang='lat' dir='ltr'>nobis</span> <span class='ocrx_word' id='word_1_28' title='bbox 928 572 972 613; x_wconf 90' lang='lat' dir='ltr'>in</span> <span class='ocrx_word' id='word_1_29' title='bbox 992 572 1188 614; x_wconf 88' lang='lat' dir='ltr'>membris</span> <span class='ocrx_word' id='word_1_30' title='bbox 1207 572 1291 613; x_wconf 88' lang='lat' dir='ltr'>vita</span> <span class='ocrx_word' id='word_1_31' title='bbox 1309 580 1494 615; x_wconf 89' lang='lat' dir='ltr'>moretur</span> <span class='ocrx_word' id='word_1_32' title='bbox 1499 591 1514 623; x_wconf 81' lang='lat'>3</span> 
     </span>
     <span class='ocr_line' id='line_1_7' title="bbox 489 645 1652 703; baseline 0.003 -17"><span class='ocrx_word' id='word_1_33' title='bbox 489 645 630 702; x_wconf 85' lang='lat' dir='ltr'>Atque</span> <span class='ocrx_word' id='word_1_34' title='bbox 649 646 793 688; x_wconf 88' lang='lat' dir='ltr'>eadem</span> <span class='ocrx_word' id='word_1_35' title='bbox 813 661 992 698; x_wconf 86' lang='lat' dir='ltr'>rursum,</span> <span class='ocrx_word' id='word_1_36' title='bbox 1015 662 1142 703; x_wconf 87' lang='lat' dir='ltr'>quom</span> <span class='ocrx_word' id='word_1_37' title='bbox 1161 661 1337 702; x_wconf 82' lang='lat' dir='ltr'>corpora</span> <span class='ocrx_word' id='word_1_38' title='bbox 1355 661 1488 702; x_wconf 87' lang='lat' dir='ltr'>pauca</span> <span class='ocrx_word' id='word_1_39' title='bbox 1507 647 1652 690; x_wconf 86' lang='lat' dir='ltr'>caloris</span> 
     </span>
     <span class='ocr_line' id='line_1_8' title="bbox 486 719 1425 777; baseline 0 -15"><span class='ocrx_word' id='word_1_40' title='bbox 486 719 718 777; x_wconf 83' lang='lat' dir='ltr'>Diffugere,</span> <span class='ocrx_word' id='word_1_41' title='bbox 740 720 929 777; x_wconf 81' lang='lat' dir='ltr'>forasque</span> <span class='ocrx_word' id='word_1_42' title='bbox 947 735 1022 776; x_wconf 87' lang='lat' dir='ltr'>per</span> <span class='ocrx_word' id='word_1_43' title='bbox 1041 736 1088 762; x_wconf 92' lang='lat' dir='ltr'>os</span> <span class='ocrx_word' id='word_1_44' title='bbox 1107 730 1168 762; x_wconf 87' lang='lat' dir='ltr'>est</span> <span class='ocrx_word' id='word_1_45' title='bbox 1184 720 1319 762; x_wconf 85' lang='lat' dir='ltr'>editus</span> <span class='ocrx_word' id='word_1_46' title='bbox 1339 723 1425 772; x_wconf 71' lang='lat' dir='ltr'>a&#39;eSr,</span> 
     </span>
    </p>
   </div>
   <div class='ocr_carea' id='block_1_4' title="bbox 374 794 1610 927">
    <p class='ocr_par' dir='ltr' id='par_1_4' title="bbox 374 794 1610 927">
     <span class='ocr_line' id='line_1_9' title="bbox 488 794 1542 852; baseline 0.002 -17"><span class='ocrx_word' id='word_1_47' title='bbox 488 794 654 836; x_wconf 82' lang='lat' dir='ltr'>Deserit</span> <span class='ocrx_word' id='word_1_48' title='bbox 674 810 727 837; x_wconf 87' lang='lat' dir='ltr'>ex</span> <span class='ocrx_word' id='word_1_49' title='bbox 747 796 900 851; x_wconf 90' lang='lat' dir='ltr'>templo</span> <span class='ocrx_word' id='word_1_50' title='bbox 919 811 1057 846; x_wconf 85' lang='lat' dir='ltr'>venas,</span> <span class='ocrx_word' id='word_1_51' title='bbox 1080 804 1201 852; x_wconf 90' lang='lat' dir='ltr'>atque</span> <span class='ocrx_word' id='word_1_52' title='bbox 1222 811 1313 837; x_wconf 91' lang='lat' dir='ltr'>ossa</span> <span class='ocrx_word' id='word_1_53' title='bbox 1331 795 1542 852; x_wconf 84' lang='lat' dir='ltr'>relinquit3</span> 
     </span>
     <span class='ocr_line' id='line_1_10' title="bbox 374 867 1610 927; baseline 0.004 -20"><span class='ocrx_word' id='word_1_54' title='bbox 374 871 454 908; x_wconf 77' lang='lat'>125</span> <span class='ocrx_word' id='word_1_55' title='bbox 487 867 668 910; x_wconf 89' lang='lat' dir='ltr'>Noscere</span> <span class='ocrx_word' id='word_1_56' title='bbox 686 878 733 912; x_wconf 92' lang='lat' dir='ltr'>ut</span> <span class='ocrx_word' id='word_1_57' title='bbox 751 869 850 912; x_wconf 89' lang='lat' dir='ltr'>hinc</span> <span class='ocrx_word' id='word_1_58' title='bbox 869 871 1013 926; x_wconf 89' lang='lat' dir='ltr'>possis,</span> <span class='ocrx_word' id='word_1_59' title='bbox 1035 885 1121 912; x_wconf 92' lang='lat' dir='ltr'>non</span> <span class='ocrx_word' id='word_1_60' title='bbox 1141 885 1280 927; x_wconf 86' lang='lat' dir='ltr'>aequas</span> <span class='ocrx_word' id='word_1_61' title='bbox 1299 871 1441 912; x_wconf 87' lang='lat' dir='ltr'>omnia</span> <span class='ocrx_word' id='word_1_62' title='bbox 1459 870 1610 926; x_wconf 85' lang='lat' dir='ltr'>parteis</span> 
     </span>
    </p>
   </div>
   <div class='ocr_carea' id='block_1_5' title="bbox 333 1038 1068 2091">
    <p class='ocr_par' dir='ltr' id='par_1_5' title="bbox 373 1038 1068 1109">
     <span class='ocr_line' id='line_1_11' title="bbox 373 1038 1068 1074; baseline 0.001 -8"><span class='ocrx_word' id='word_1_63' title='bbox 373 1039 410 1066; x_wconf 72' lang='lat' dir='ltr'>At</span> <span class='ocrx_word' id='word_1_64' title='bbox 427 1038 535 1070; x_wconf 73' lang='lat' dir='ltr'>Thetis,</span> <span class='ocrx_word' id='word_1_65' title='bbox 554 1040 690 1065; x_wconf 81' lang='lat' dir='ltr'>undisonis</span> <span class='ocrx_word' id='word_1_66' title='bbox 708 1047 759 1073; x_wconf 80' lang='lat' dir='ltr'>per</span> <span class='ocrx_word' id='word_1_67' title='bbox 777 1045 889 1067; x_wconf 87' lang='lat' dir='ltr'>noctem</span> <span class='ocrx_word' id='word_1_68' title='bbox 910 1041 938 1066; x_wconf 85' lang='lat' dir='ltr'>in</span> <span class='ocrx_word' id='word_1_69' title='bbox 958 1042 1068 1074; x_wconf 80' lang='lat' dir='ltr'>rupibus</span> 
     </span>
     <span class='ocr_line' id='line_1_12' title="bbox 465 1079 581 1109; baseline 0.009 -6"><span class='ocrx_word' id='word_1_70' title='bbox 465 1079 581 1109; x_wconf 84' lang='lat' dir='ltr'>adstans,</span> 
     </span>
    </p>

    <p class='ocr_par' dir='ltr' id='par_1_6' title="bbox 372 1120 1022 1154">
     <span class='ocr_line' id='line_1_13' title="bbox 372 1120 1022 1154; baseline 0.008 -10"><span class='ocrx_word' id='word_1_71' title='bbox 372 1120 443 1152; x_wconf 76' lang='lat' dir='ltr'>Quae</span> <span class='ocrx_word' id='word_1_72' title='bbox 454 1123 520 1145; x_wconf 86' lang='lat' dir='ltr'>nato</span> <span class='ocrx_word' id='word_1_73' title='bbox 530 1124 634 1146; x_wconf 86' lang='lat' dir='ltr'>secreta</span> <span class='ocrx_word' id='word_1_74' title='bbox 644 1121 720 1151; x_wconf 87' lang='lat' dir='ltr'>velit,</span> <span class='ocrx_word' id='word_1_75' title='bbox 731 1122 827 1154; x_wconf 79' lang='lat' dir='ltr'>quihus</span> <span class='ocrx_word' id='word_1_76' title='bbox 837 1123 934 1149; x_wconf 88' lang='lat' dir='ltr'>abdere</span> <span class='ocrx_word' id='word_1_77' title='bbox 945 1123 1022 1149; x_wconf 84' lang='lat' dir='ltr'>terris</span> 
     </span>
    </p>

    <p class='ocr_par' dir='ltr' id='par_1_7' title="bbox 334 1159 1067 1988">
     <span class='ocr_line' id='line_1_14' title="bbox 370 1159 1004 1191; baseline 0.008 -8"><span class='ocrx_word' id='word_1_78' title='bbox 370 1159 506 1190; x_wconf 66' lang='lat' dir='ltr'>Destinet,</span> <span class='ocrx_word' id='word_1_79' title='bbox 515 1159 568 1184; x_wconf 88' lang='lat' dir='ltr'>huc</span> <span class='ocrx_word' id='word_1_80' title='bbox 578 1160 641 1185; x_wconf 87' lang='lat' dir='ltr'>illuc</span> <span class='ocrx_word' id='word_1_81' title='bbox 652 1160 772 1191; x_wconf 59' lang='lat' dir='ltr'>diversa,</span> <span class='ocrx_word' id='word_1_82' title='bbox 781 1166 875 1187; x_wconf 88' lang='lat' dir='ltr'>mente</span> <span class='ocrx_word' id='word_1_83' title='bbox 883 1163 988 1188; x_wconf 83' lang='lat' dir='ltr'>volutat</span> <span class='ocrx_word' id='word_1_84' title='bbox 996 1171 1004 1187; x_wconf 87' lang='lat'>:</span> 
     </span>
     <span class='ocr_line' id='line_1_15' title="bbox 334 1221 1067 1264; baseline 0.007 -12"><span class='ocrx_word' id='word_1_85' title='bbox 334 1221 359 1253; x_wconf 78' lang='lat' dir='ltr'>i.</span> <span class='ocrx_word' id='word_1_86' title='bbox 374 1233 402 1253; x_wconf 84' lang='lat' dir='ltr'>e.</span> <span class='ocrx_word' id='word_1_87' title='bbox 429 1228 535 1253; x_wconf 86' lang='lat' dir='ltr'>mente</span> <span class='ocrx_word' id='word_1_88' title='bbox 549 1234 582 1253; x_wconf 89' lang='lat' dir='ltr'>se</span> <span class='ocrx_word' id='word_1_89' title='bbox 596 1223 737 1264; x_wconf 91' lang='lat' dir='ltr'>undique</span> <span class='ocrx_word' id='word_1_90' title='bbox 751 1231 897 1256; x_wconf 76' lang='lat' dir='ltr'>vertente.</span> <span class='ocrx_word' id='word_1_91' title='bbox 943 1227 1067 1257; x_wconf 87' lang='lat' dir='ltr'>Mirum</span> 
     </span>
     <span class='ocr_line' id='line_1_16' title="bbox 340 1277 1067 1319; baseline 0.006 -14"><span class='ocrx_word' id='word_1_92' title='bbox 340 1281 399 1311; x_wconf 84' lang='lat' dir='ltr'>est,</span> <span class='ocrx_word' id='word_1_93' title='bbox 414 1281 490 1315; x_wconf 91' lang='lat' dir='ltr'>quot</span> <span class='ocrx_word' id='word_1_94' title='bbox 504 1285 621 1306; x_wconf 87' lang='lat' dir='ltr'>errores</span> <span class='ocrx_word' id='word_1_95' title='bbox 636 1286 673 1306; x_wconf 82' lang='lat' dir='ltr'>ex</span> <span class='ocrx_word' id='word_1_96' title='bbox 689 1277 778 1307; x_wconf 86' lang='lat' dir='ltr'>omni</span> <span class='ocrx_word' id='word_1_97' title='bbox 800 1287 914 1318; x_wconf 82' lang='lat' dir='ltr'>genere</span> <span class='ocrx_word' id='word_1_98' title='bbox 936 1279 1067 1319; x_wconf 90' lang='lat' dir='ltr'>hujusce</span> 
     </span>
     <span class='ocr_line' id='line_1_17' title="bbox 337 1326 1066 1368; baseline 0.007 -12"><span class='ocrx_word' id='word_1_99' title='bbox 337 1326 532 1366; x_wconf 79' lang='lat' dir='ltr'>proprietatis</span> <span class='ocrx_word' id='word_1_100' title='bbox 568 1327 722 1368; x_wconf 78' lang='lat' dir='ltr'>ignoratio</span> <span class='ocrx_word' id='word_1_101' title='bbox 757 1330 918 1368; x_wconf 83' lang='lat' dir='ltr'>pepererit.</span> <span class='ocrx_word' id='word_1_102' title='bbox 978 1330 1066 1361; x_wconf 88' lang='lat' dir='ltr'>Hinc</span> 
     </span>
     <span class='ocr_line' id='line_1_18' title="bbox 339 1382 1066 1422; baseline 0.006 -13"><span class='ocrx_word' id='word_1_103' title='bbox 339 1385 447 1410; x_wconf 85' lang='lat' dir='ltr'>autem</span> <span class='ocrx_word' id='word_1_104' title='bbox 476 1389 615 1418; x_wconf 81' lang='lat' dir='ltr'>exorsus,</span> <span class='ocrx_word' id='word_1_105' title='bbox 644 1387 820 1412; x_wconf 62' lang='lat' dir='ltr'>venustates</span> <span class='ocrx_word' id='word_1_106' title='bbox 856 1382 1066 1422; x_wconf 83' lang='lat' dir='ltr'>plurimorum</span> 
     </span>
     <span class='ocr_line' id='line_1_19' title="bbox 336 1428 1064 1472; baseline 0.005 -13"><span class='ocrx_word' id='word_1_107' title='bbox 336 1428 489 1466; x_wconf 88' lang='lat' dir='ltr'>locorum,</span> <span class='ocrx_word' id='word_1_108' title='bbox 505 1429 638 1461; x_wconf 87' lang='lat' dir='ltr'>minime</span> <span class='ocrx_word' id='word_1_109' title='bbox 652 1438 823 1470; x_wconf 86' lang='lat' dir='ltr'>perceptas,</span> <span class='ocrx_word' id='word_1_110' title='bbox 835 1439 930 1472; x_wconf 83' lang='lat' dir='ltr'>gustu</span> <span class='ocrx_word' id='word_1_111' title='bbox 939 1443 1064 1463; x_wconf 84' lang='lat' dir='ltr'>accura-</span> 
     </span>
     <span class='ocr_line' id='line_1_20' title="bbox 337 1481 1064 1521; baseline 0.007 -11"><span class='ocrx_word' id='word_1_112' title='bbox 337 1481 416 1511; x_wconf 80' lang='lat' dir='ltr'>tiore</span> <span class='ocrx_word' id='word_1_113' title='bbox 442 1487 479 1511; x_wconf 87' lang='lat' dir='ltr'>tu</span> <span class='ocrx_word' id='word_1_114' title='bbox 502 1481 659 1521; x_wconf 83' lang='lat' dir='ltr'>percipias.</span> <span class='ocrx_word' id='word_1_115' title='bbox 704 1482 885 1513; x_wconf 76' lang='lat' dir='ltr'>PerIculurn</span> <span class='ocrx_word' id='word_1_116' title='bbox 902 1483 998 1514; x_wconf 83' lang='lat' dir='ltr'>facias</span> <span class='ocrx_word' id='word_1_117' title='bbox 1011 1494 1064 1515; x_wconf 79' lang='lat' dir='ltr'>ve-</span> 
     </span>
     <span class='ocr_line' id='line_1_21' title="bbox 338 1531 1065 1578; baseline 0.008 -17"><span class='ocrx_word' id='word_1_118' title='bbox 338 1531 396 1562; x_wconf 89' lang='lat' dir='ltr'>lim</span> <span class='ocrx_word' id='word_1_119' title='bbox 411 1532 445 1563; x_wconf 89' lang='lat' dir='ltr'>in</span> <span class='ocrx_word' id='word_1_120' title='bbox 462 1533 599 1564; x_wconf 81' lang='lat' dir='ltr'>Sallustii</span> <span class='ocrx_word' id='word_1_121' title='bbox 617 1534 766 1573; x_wconf 64' lang='lat' dir='ltr'>Catilina,</span> <span class='ocrx_word' id='word_1_122' title='bbox 783 1535 813 1565; x_wconf 90' lang='lat' dir='ltr'>ii.</span> <span class='ocrx_word' id='word_1_123' title='bbox 832 1539 859 1566; x_wconf 93' lang='grc'>1.</span> <span class='ocrx_word' id='word_1_124' title='bbox 875 1542 906 1566; x_wconf 89' lang='lat' dir='ltr'>et</span> <span class='ocrx_word' id='word_1_125' title='bbox 921 1536 970 1574; x_wconf 89' lang='lat' dir='ltr'>iis,</span> <span class='ocrx_word' id='word_1_126' title='bbox 994 1547 1065 1578; x_wconf 87' lang='lat' dir='ltr'>quae</span> 
     </span>
     <span class='ocr_line' id='line_1_22' title="bbox 334 1584 1064 1629; baseline 0.007 -16"><span class='ocrx_word' id='word_1_127' title='bbox 334 1584 493 1624; x_wconf 85' lang='lat' dir='ltr'>congessit</span> <span class='ocrx_word' id='word_1_128' title='bbox 518 1585 651 1616; x_wconf 86' lang='lat' dir='ltr'>Cortius.</span> <span class='ocrx_word' id='word_1_129' title='bbox 700 1586 783 1616; x_wconf 77' lang='lat' dir='ltr'>Novi</span> <span class='ocrx_word' id='word_1_130' title='bbox 812 1587 985 1626; x_wconf 87' lang='lat' dir='ltr'>neminem,</span> <span class='ocrx_word' id='word_1_131' title='bbox 1009 1589 1064 1629; x_wconf 87' lang='lat' dir='ltr'>qui</span> 
     </span>
     <span class='ocr_line' id='line_1_23' title="bbox 336 1636 1065 1681; baseline 0.007 -16"><span class='ocrx_word' id='word_1_132' title='bbox 336 1636 419 1666; x_wconf 87' lang='lat' dir='ltr'>hanc</span> <span class='ocrx_word' id='word_1_133' title='bbox 440 1646 508 1666; x_wconf 88' lang='lat' dir='ltr'>rem</span> <span class='ocrx_word' id='word_1_134' title='bbox 529 1637 561 1667; x_wconf 90' lang='lat' dir='ltr'>in</span> <span class='ocrx_word' id='word_1_135' title='bbox 586 1638 705 1668; x_wconf 84' lang='lat' dir='ltr'>Latinis</span> <span class='ocrx_word' id='word_1_136' title='bbox 727 1640 873 1676; x_wconf 88' lang='lat' dir='ltr'>tenuerit,</span> <span class='ocrx_word' id='word_1_137' title='bbox 901 1640 962 1670; x_wconf 88' lang='lat' dir='ltr'>nisi</span> <span class='ocrx_word' id='word_1_138' title='bbox 987 1651 1065 1681; x_wconf 87' lang='lat' dir='ltr'>quos</span> 
     </span>
     <span class='ocr_line' id='line_1_24' title="bbox 334 1687 1063 1731; baseline 0.007 -13"><span class='ocrx_word' id='word_1_139' title='bbox 334 1687 402 1727; x_wconf 89' lang='lat' dir='ltr'>ipse</span> <span class='ocrx_word' id='word_1_140' title='bbox 416 1690 509 1719; x_wconf 80' lang='lat' dir='ltr'>verbo</span> <span class='ocrx_word' id='word_1_141' title='bbox 523 1689 671 1729; x_wconf 85' lang='lat' dir='ltr'>deprecor</span> <span class='ocrx_word' id='word_1_142' title='bbox 683 1691 849 1731; x_wconf 56' lang='lat' dir='ltr'>infidiam)</span> <span class='ocrx_word' id='word_1_143' title='bbox 863 1692 1007 1723; x_wconf 84' lang='lat' dir='ltr'>certiores</span> <span class='ocrx_word' id='word_1_144' title='bbox 1018 1693 1063 1723; x_wconf 88' lang='lat' dir='ltr'>fe·</span> 
     </span>
     <span class='ocr_line' id='line_1_25' title="bbox 334 1740 1064 1783; baseline 0.005 -13"><span class='ocrx_word' id='word_1_145' title='bbox 334 1740 443 1778; x_wconf 84' lang='lat' dir='ltr'>cerim,</span> <span class='ocrx_word' id='word_1_146' title='bbox 469 1741 612 1782; x_wconf 74' lang='lat' dir='ltr'>quamvis</span> <span class='ocrx_word' id='word_1_147' title='bbox 629 1742 662 1772; x_wconf 91' lang='lat' dir='ltr'>in</span> <span class='ocrx_word' id='word_1_148' title='bbox 681 1743 801 1773; x_wconf 83' lang='lat' dir='ltr'>Graecis</span> <span class='ocrx_word' id='word_1_149' title='bbox 815 1744 863 1773; x_wconf 88' lang='lat' dir='ltr'>vel</span> <span class='ocrx_word' id='word_1_150' title='bbox 878 1744 965 1783; x_wconf 88' lang='lat' dir='ltr'>pueri</span> <span class='ocrx_word' id='word_1_151' title='bbox 981 1751 1064 1774; x_wconf 90' lang='lat' dir='ltr'>recte</span> 
     </span>
     <span class='ocr_line' id='line_1_26' title="bbox 334 1791 1062 1834; baseline 0.008 -13"><span class='ocrx_word' id='word_1_152' title='bbox 334 1791 477 1823; x_wconf 83' lang='lat' dir='ltr'>calleant.</span> <span class='ocrx_word' id='word_1_153' title='bbox 524 1793 694 1832; x_wconf 85' lang='lat' dir='ltr'>Caeterum,</span> <span class='ocrx_word' id='word_1_154' title='bbox 724 1805 781 1833; x_wconf 90' lang='lat' dir='ltr'>pro</span> <span class='ocrx_word' id='word_1_155' title='bbox 809 1798 922 1827; x_wconf 83' lang='lat' dir='ltr'>diversi</span> <span class='ocrx_word' id='word_1_156' title='bbox 945 1807 1062 1834; x_wconf 85' lang='lat' dir='ltr'>errare,</span> 
     </span>
     <span class='ocr_line' id='line_1_27' title="bbox 335 1843 1063 1884; baseline 0.005 -11"><span class='ocrx_word' id='word_1_157' title='bbox 335 1843 505 1884; x_wconf 79' lang='lat' dir='ltr'>aliquando</span> <span class='ocrx_word' id='word_1_158' title='bbox 519 1844 630 1875; x_wconf 91' lang='lat' dir='ltr'>dicunt</span> <span class='ocrx_word' id='word_1_159' title='bbox 641 1847 674 1876; x_wconf 83' lang='lat' dir='ltr'>in</span> <span class='ocrx_word' id='word_1_160' title='bbox 690 1848 841 1877; x_wconf 72' lang='lat' dir='ltr'>diversum</span> <span class='ocrx_word' id='word_1_161' title='bbox 857 1858 972 1884; x_wconf 80' lang='lat' dir='ltr'>errare,</span> <span class='ocrx_word' id='word_1_162' title='bbox 989 1857 1063 1877; x_wconf 88' lang='lat' dir='ltr'>cum</span> 
     </span>
     <span class='ocr_line' id='line_1_28' title="bbox 336 1896 1062 1938; baseline 0.007 -13"><span class='ocrx_word' id='word_1_163' title='bbox 336 1896 568 1936; x_wconf 79' lang='lat' dir='ltr'>praepositione:</span> <span class='ocrx_word' id='word_1_164' title='bbox 594 1897 633 1927; x_wconf 90' lang='lat' dir='ltr'>de</span> <span class='ocrx_word' id='word_1_165' title='bbox 659 1897 721 1938; x_wconf 66' lang='lat' dir='ltr'>qua</span> <span class='ocrx_word' id='word_1_166' title='bbox 746 1899 894 1929; x_wconf 77' lang='lat' dir='ltr'>varietate</span> <span class='ocrx_word' id='word_1_167' title='bbox 917 1899 1062 1930; x_wconf 83' lang='lat' dir='ltr'>Draken-</span> 
     </span>
     <span class='ocr_line' id='line_1_29' title="bbox 334 1947 896 1988; baseline 0.007 -10"><span class='ocrx_word' id='word_1_168' title='bbox 334 1947 479 1978; x_wconf 85' lang='lat' dir='ltr'>borchius</span> <span class='ocrx_word' id='word_1_169' title='bbox 494 1948 570 1988; x_wconf 86' lang='lat' dir='ltr'>agit,</span> <span class='ocrx_word' id='word_1_170' title='bbox 586 1948 627 1978; x_wconf 86' lang='lat' dir='ltr'>ad</span> <span class='ocrx_word' id='word_1_171' title='bbox 640 1949 709 1979; x_wconf 86' lang='lat' dir='ltr'>Liv.</span> <span class='ocrx_word' id='word_1_172' title='bbox 726 1950 806 1980; x_wconf 74' lang='lat' dir='ltr'>xxvi.</span> <span class='ocrx_word' id='word_1_173' title='bbox 822 1954 851 1981; x_wconf 82' lang='lat'>5.</span> <span class='ocrx_word' id='word_1_174' title='bbox 870 1954 896 1982; x_wconf 88' lang='lat'>1.</span> 
     </span>
    </p>

    <p class='ocr_par' dir='ltr' id='par_1_8' title="bbox 333 1998 1063 2091">
     <span class='ocr_line' id='line_1_30' title="bbox 378 1998 1063 2032; baseline 0.006 -4"><span class='ocrx_word' id='word_1_175' title='bbox 378 1998 454 2029; x_wconf 88' lang='lat' dir='ltr'>Ver.</span> <span class='ocrx_word' id='word_1_176' title='bbox 473 2001 542 2030; x_wconf 90' lang='grc'>107.</span> <span class='ocrx_word' id='word_1_177' title='bbox 566 1999 620 2029; x_wconf 91' lang='lat' dir='ltr'>Ad</span> <span class='ocrx_word' id='word_1_178' title='bbox 642 1999 793 2030; x_wconf 89' lang='lat' dir='ltr'>librorum</span> <span class='ocrx_word' id='word_1_179' title='bbox 815 2001 961 2032; x_wconf 87' lang='lat' dir='ltr'>omnium</span> <span class='ocrx_word' id='word_1_180' title='bbox 984 2001 1063 2032; x_wconf 89' lang='lat' dir='ltr'>inte-</span> 
     </span>
     <span class='ocr_line' id='line_1_31' title="bbox 333 2049 1062 2091; baseline 0.005 -12"><span class='ocrx_word' id='word_1_181' title='bbox 333 2049 507 2090; x_wconf 86' lang='lat' dir='ltr'>gerrimum</span> <span class='ocrx_word' id='word_1_182' title='bbox 546 2060 734 2081; x_wconf 85' lang='lat' dir='ltr'>consensum</span> <span class='ocrx_word' id='word_1_183' title='bbox 767 2062 873 2083; x_wconf 86' lang='lat' dir='ltr'>versus</span> <span class='ocrx_word' id='word_1_184' title='bbox 908 2053 1062 2091; x_wconf 82' lang='lat' dir='ltr'>scribitur,</span> 
     </span>
    </p>
   </div>
   <div class='ocr_carea' id='block_1_6' title="bbox 333 2101 1062 2196">
    <p class='ocr_par' dir='ltr' id='par_1_9' title="bbox 333 2101 1062 2196">
     <span class='ocr_line' id='line_1_32' title="bbox 333 2101 1062 2144; baseline 0.004 -13"><span class='ocrx_word' id='word_1_185' title='bbox 333 2111 431 2141; x_wconf 87' lang='lat' dir='ltr'>quem</span> <span class='ocrx_word' id='word_1_186' title='bbox 440 2101 484 2131; x_wconf 89' lang='lat' dir='ltr'>sic</span> <span class='ocrx_word' id='word_1_187' title='bbox 494 2101 563 2131; x_wconf 87' lang='lat' dir='ltr'>ausi</span> <span class='ocrx_word' id='word_1_188' title='bbox 573 2108 647 2132; x_wconf 88' lang='lat' dir='ltr'>sunt</span> <span class='ocrx_word' id='word_1_189' title='bbox 657 2102 822 2143; x_wconf 86' lang='lat' dir='ltr'>refmgere,</span> <span class='ocrx_word' id='word_1_190' title='bbox 834 2110 865 2133; x_wconf 87' lang='lat' dir='ltr'>et</span> <span class='ocrx_word' id='word_1_191' title='bbox 876 2104 1062 2144; x_wconf 88' lang='lat' dir='ltr'>impressum</span> 
     </span>
     <span class='ocr_line' id='line_1_33' title="bbox 333 2152 956 2196; baseline 0.006 -14"><span class='ocrx_word' id='word_1_192' title='bbox 333 2152 490 2190; x_wconf 81' lang='lat' dir='ltr'>exhibere,</span> <span class='ocrx_word' id='word_1_193' title='bbox 505 2152 638 2184; x_wconf 84' lang='lat' dir='ltr'>editores</span> <span class='ocrx_word' id='word_1_194' title='bbox 653 2154 798 2185; x_wconf 87' lang='lat' dir='ltr'>audaculi</span> <span class='ocrx_word' id='word_1_195' title='bbox 813 2155 956 2196; x_wconf 82' lang='lat' dir='ltr'>quidam:</span> 
     </span>
    </p>
   </div>
   <div class='ocr_carea' id='block_1_7' title="bbox 329 2229 1058 2947">
    <p class='ocr_par' dir='ltr' id='par_1_10' title="bbox 330 2229 1058 2417">
     <span class='ocr_line' id='line_1_34' title="bbox 363 2229 1058 2264; baseline 0.004 -10"><span class='ocrx_word' id='word_1_196' title='bbox 363 2229 442 2262; x_wconf 80' lang='lat' dir='ltr'>Saepe</span> <span class='ocrx_word' id='word_1_197' title='bbox 452 2230 539 2262; x_wconf 77' lang='lat' dir='ltr'>utique</span> <span class='ocrx_word' id='word_1_198' title='bbox 549 2231 576 2255; x_wconf 86' lang='lat' dir='ltr'>in</span> <span class='ocrx_word' id='word_1_199' title='bbox 588 2236 717 2264; x_wconf 84' lang='lat' dir='ltr'>promptu</span> <span class='ocrx_word' id='word_1_200' title='bbox 728 2238 835 2263; x_wconf 80' lang='lat' dir='ltr'>corpus,</span> <span class='ocrx_word' id='word_1_201' title='bbox 845 2233 919 2264; x_wconf 87' lang='lat' dir='ltr'>quod</span> <span class='ocrx_word' id='word_1_202' title='bbox 929 2232 1058 2263; x_wconf 82' lang='lat' dir='ltr'>cernitur,</span> 
     </span>
     <span class='ocr_line' id='line_1_35' title="bbox 454 2271 541 2303; baseline 0.011 -7"><span class='ocrx_word' id='word_1_203' title='bbox 454 2271 541 2303; x_wconf 82' lang='lat' dir='ltr'>aegrit:</span> 
     </span>
     <span class='ocr_line' id='line_1_36' title="bbox 331 2334 1057 2376; baseline 0.004 -11"><span class='ocrx_word' id='word_1_204' title='bbox 331 2334 419 2376; x_wconf 89' lang='lat' dir='ltr'>quasi</span> <span class='ocrx_word' id='word_1_205' title='bbox 435 2345 553 2366; x_wconf 86' lang='lat' dir='ltr'>novum</span> <span class='ocrx_word' id='word_1_206' title='bbox 567 2341 647 2366; x_wconf 86' lang='lat' dir='ltr'>esset</span> <span class='ocrx_word' id='word_1_207' title='bbox 661 2335 765 2367; x_wconf 87' lang='lat' dir='ltr'>omitti</span> <span class='ocrx_word' id='word_1_208' title='bbox 776 2338 903 2367; x_wconf 88' lang='lat' dir='ltr'>verbum</span> <span class='ocrx_word' id='word_1_209' title='bbox 914 2339 1057 2368; x_wconf 83' lang='lat' dir='ltr'>substan-</span> 
     </span>
     <span class='ocr_line' id='line_1_37' title="bbox 330 2386 441 2417; baseline 0 0"><span class='ocrx_word' id='word_1_210' title='bbox 330 2386 441 2417; x_wconf 82' lang='lat' dir='ltr'>tivum.</span> 
     </span>
    </p>

    <p class='ocr_par' dir='ltr' id='par_1_11' title="bbox 329 2437 1058 2733">
     <span class='ocr_line' id='line_1_38' title="bbox 373 2437 1057 2479; baseline 0.004 -11"><span class='ocrx_word' id='word_1_211' title='bbox 373 2437 449 2468; x_wconf 87' lang='lat' dir='ltr'>Ver.</span> <span class='ocrx_word' id='word_1_212' title='bbox 469 2441 538 2470; x_wconf 92' lang='lat'>108.</span> <span class='ocrx_word' id='word_1_213' title='bbox 561 2438 624 2470; x_wconf 67' lang='lat' dir='ltr'>alid</span> <span class='ocrx_word' id='word_1_214' title='bbox 635 2446 726 2479; x_wconf 76' lang='lat' dir='ltr'>parte</span> <span class='ocrx_word' id='word_1_215' title='bbox 744 2441 868 2471; x_wconf 77' lang='lat' dir='ltr'>latenti:</span> <span class='ocrx_word' id='word_1_216' title='bbox 894 2441 1057 2478; x_wconf 88' lang='lat' dir='ltr'>nimirum,</span> 
     </span>
     <span class='ocr_line' id='line_1_39' title="bbox 331 2490 1057 2531; baseline 0.001 -11"><span class='ocrx_word' id='word_1_217' title='bbox 331 2491 444 2520; x_wconf 80' lang='lat' dir='ltr'>animo.</span> <span class='ocrx_word' id='word_1_218' title='bbox 490 2490 565 2521; x_wconf 91' lang='lat' dir='ltr'>Hoc</span> <span class='ocrx_word' id='word_1_219' title='bbox 586 2497 691 2522; x_wconf 87' lang='lat' dir='ltr'>autem</span> <span class='ocrx_word' id='word_1_220' title='bbox 716 2491 780 2521; x_wconf 86' lang='lat' dir='ltr'>fieri</span> <span class='ocrx_word' id='word_1_221' title='bbox 803 2502 867 2522; x_wconf 87' lang='lat' dir='ltr'>non</span> <span class='ocrx_word' id='word_1_222' title='bbox 889 2492 1001 2531; x_wconf 90' lang='lat' dir='ltr'>potuit,</span> <span class='ocrx_word' id='word_1_223' title='bbox 1032 2492 1057 2521; x_wconf 90' lang='lat' dir='ltr'>si</span> 
     </span>
     <span class='ocr_line' id='line_1_40' title="bbox 330 2541 1056 2583; baseline 0.004 -12"><span class='ocrx_word' id='word_1_224' title='bbox 330 2541 457 2572; x_wconf 81' lang='lat' dir='ltr'>animus</span> <span class='ocrx_word' id='word_1_225' title='bbox 471 2549 551 2574; x_wconf 87' lang='lat' dir='ltr'>esset</span> <span class='ocrx_word' id='word_1_226' title='bbox 561 2554 648 2574; x_wconf 87' lang='lat' dir='ltr'>mera</span> <span class='ocrx_word' id='word_1_227' title='bbox 656 2544 792 2583; x_wconf 90' lang='lat' dir='ltr'>corporis</span> <span class='ocrx_word' id='word_1_228' title='bbox 803 2544 981 2575; x_wconf 84' lang='lat' dir='ltr'>harmonia:</span> <span class='ocrx_word' id='word_1_229' title='bbox 999 2544 1056 2574; x_wconf 87' lang='lat' dir='ltr'>ali·</span> 
     </span>
     <span class='ocr_line' id='line_1_41' title="bbox 331 2587 1058 2633; baseline 0.006 -10"><span class='ocrx_word' id='word_1_230' title='bbox 331 2587 379 2624; x_wconf 75' lang='lat' dir='ltr'>ter</span> <span class='ocrx_word' id='word_1_231' title='bbox 405 2595 502 2633; x_wconf 85' lang='lat' dir='ltr'>enim,</span> <span class='ocrx_word' id='word_1_232' title='bbox 528 2595 639 2626; x_wconf 85' lang='lat' dir='ltr'>eadem</span> <span class='ocrx_word' id='word_1_233' title='bbox 653 2606 702 2627; x_wconf 92' lang='lat' dir='ltr'>res</span> <span class='ocrx_word' id='word_1_234' title='bbox 716 2596 835 2627; x_wconf 86' lang='lat' dir='ltr'>doleret</span> <span class='ocrx_word' id='word_1_235' title='bbox 849 2607 885 2627; x_wconf 87' lang='lat' dir='ltr'>ac</span> <span class='ocrx_word' id='word_1_236' title='bbox 900 2596 1058 2627; x_wconf 80' lang='lat' dir='ltr'>laetaretur</span> 
     </span>
     <span class='ocr_line' id='line_1_42' title="bbox 331 2648 1056 2690; baseline 0.007 -15"><span class='ocrx_word' id='word_1_237' title='bbox 331 2655 398 2676; x_wconf 91' lang='lat' dir='ltr'>uno</span> <span class='ocrx_word' id='word_1_238' title='bbox 412 2652 506 2687; x_wconf 86' lang='lat' dir='ltr'>atque</span> <span class='ocrx_word' id='word_1_239' title='bbox 527 2648 638 2679; x_wconf 83' lang='lat' dir='ltr'>eodem</span> <span class='ocrx_word' id='word_1_240' title='bbox 660 2655 815 2689; x_wconf 87' lang='lat' dir='ltr'>tempore;</span> <span class='ocrx_word' id='word_1_241' title='bbox 836 2648 923 2690; x_wconf 85' lang='lat' dir='ltr'>quod</span> <span class='ocrx_word' id='word_1_242' title='bbox 949 2650 1056 2680; x_wconf 83' lang='lat' dir='ltr'>absur-</span> 
     </span>
     <span class='ocr_line' id='line_1_43' title="bbox 329 2696 417 2733; baseline 0 0"><span class='ocrx_word' id='word_1_243' title='bbox 329 2696 417 2733; x_wconf 79' lang='lat' dir='ltr'>dum·</span> 
     </span>
    </p>

    <p class='ocr_par' dir='ltr' id='par_1_12' title="bbox 329 2747 1056 2947">
     <span class='ocr_line' id='line_1_44' title="bbox 374 2747 1054 2794; baseline 0.006 -17"><span class='ocrx_word' id='word_1_244' title='bbox 374 2747 450 2778; x_wconf 85' lang='lat' dir='ltr'>Ver.</span> <span class='ocrx_word' id='word_1_245' title='bbox 471 2752 539 2780; x_wconf 87' lang='lat'>109.</span> <span class='ocrx_word' id='word_1_246' title='bbox 562 2757 640 2781; x_wconf 78' lang='lat' dir='ltr'>retro</span> <span class='ocrx_word' id='word_1_247' title='bbox 646 2753 691 2793; x_wconf 82' lang='lat' dir='ltr'>fit</span> <span class='ocrx_word' id='word_1_248' title='bbox 699 2765 710 2782; x_wconf 92' lang='lat'>.·</span> <span class='ocrx_word' id='word_1_249' title='bbox 730 2758 771 2783; x_wconf 84' lang='grc' dir='ltr'>Π.</span> <span class='ocrx_word' id='word_1_250' title='bbox 785 2758 866 2783; x_wconf 77' lang='lat' dir='ltr'>recto</span> <span class='ocrx_word' id='word_1_251' title='bbox 870 2751 1054 2794; x_wconf 68' lang='lat' dir='ltr'>ficiL—uli:</span> 
     </span>
     <span class='ocr_line' id='line_1_45' title="bbox 329 2797 1056 2843; baseline 0.006 -14"><span class='ocrx_word' id='word_1_252' title='bbox 329 2797 368 2829; x_wconf 90' lang='lat' dir='ltr'>P.</span> <span class='ocrx_word' id='word_1_253' title='bbox 383 2798 481 2830; x_wconf 82' lang='lat' dir='ltr'>vind.</span> <span class='ocrx_word' id='word_1_254' title='bbox 498 2800 539 2830; x_wconf 89' lang='lat' dir='ltr'>V.</span> <span class='ocrx_word' id='word_1_255' title='bbox 555 2801 604 2831; x_wconf 89' lang='lat' dir='ltr'>ed.</span> <span class='ocrx_word' id='word_1_256' title='bbox 622 2802 659 2832; x_wconf 92' lang='lat' dir='ltr'>B.</span> <span class='ocrx_word' id='word_1_257' title='bbox 677 2802 716 2834; x_wconf 91' lang='grc' dir='ltr'>Ο.</span> <span class='ocrx_word' id='word_1_258' title='bbox 733 2808 768 2835; x_wconf 81' lang='grc' dir='ltr'>Σ.</span> <span class='ocrx_word' id='word_1_259' title='bbox 785 2805 853 2841; x_wconf 76' lang='lat' dir='ltr'>ub1&#39;5</span> <span class='ocrx_word' id='word_1_260' title='bbox 877 2809 917 2840; x_wconf 87' lang='lat' dir='ltr'>et,</span> <span class='ocrx_word' id='word_1_261' title='bbox 933 2803 1056 2843; x_wconf 88' lang='lat' dir='ltr'>opinor,</span> 
     </span>
     <span class='ocr_line' id='line_1_46' title="bbox 329 2851 1055 2896; baseline 0.011 -17"><span class='ocrx_word' id='word_1_262' title='bbox 329 2859 408 2881; x_wconf 71' lang='lat' dir='ltr'>vere.</span> <span class='ocrx_word' id='word_1_263' title='bbox 453 2851 578 2891; x_wconf 86' lang='lat' dir='ltr'>Nempe</span> <span class='ocrx_word' id='word_1_264' title='bbox 581 2854 627 2894; x_wconf 82' lang='lat' dir='ltr'>fit</span> <span class='ocrx_word' id='word_1_265' title='bbox 643 2854 712 2890; x_wconf 75' lang='lat' dir='ltr'><em>ubi,-</em></span> <span class='ocrx_word' id='word_1_266' title='bbox 732 2858 754 2873; x_wconf 92' lang='lat'><strong>“</strong></span> <span class='ocrx_word' id='word_1_267' title='bbox 769 2861 816 2885; x_wconf 84' lang='lat' dir='ltr'>est</span> <span class='ocrx_word' id='word_1_268' title='bbox 825 2854 904 2886; x_wconf 91' lang='lat' dir='ltr'>illud</span> <span class='ocrx_word' id='word_1_269' title='bbox 919 2861 1055 2896; x_wconf 83' lang='lat' dir='ltr'>tempuS,</span> 
     </span>
     <span class='ocr_line' id='line_1_47' title="bbox 331 2901 1056 2947; baseline 0.007 -14"><span class='ocrx_word' id='word_1_270' title='bbox 331 2906 353 2921; x_wconf 73' lang='lat'>‘⁴</span> <span class='ocrx_word' id='word_1_271' title='bbox 370 2901 404 2934; x_wconf 86' lang='lat' dir='ltr'>in</span> <span class='ocrx_word' id='word_1_272' title='bbox 419 2904 556 2945; x_wconf 86' lang='lat' dir='ltr'>quo—.&#39;’</span> <span class='ocrx_word' id='word_1_273' title='bbox 602 2905 645 2936; x_wconf 87' lang='lat' dir='ltr'>Et</span> <span class='ocrx_word' id='word_1_274' title='bbox 671 2905 715 2938; x_wconf 89' lang='lat' dir='ltr'>sic</span> <span class='ocrx_word' id='word_1_275' title='bbox 740 2907 867 2939; x_wconf 84' lang='lat' dir='ltr'>tandem</span> <span class='ocrx_word' id='word_1_276' title='bbox 892 2907 989 2947; x_wconf 81' lang='lat' dir='ltr'>volui,</span> <span class='ocrx_word' id='word_1_277' title='bbox 1015 2907 1056 2938; x_wconf 87' lang='lat' dir='ltr'>ad</span> 
     </span>
    </p>
   </div>
   <div class='ocr_carea' id='block_1_8' title="bbox 1108 1042 1843 1539">
    <p class='ocr_par' dir='ltr' id='par_1_13' title="bbox 1110 1042 1838 1125">
     <span class='ocr_line' id='line_1_48' title="bbox 1110 1042 1838 1085; baseline 0.004 -12"><span class='ocrx_word' id='word_1_278' title='bbox 1110 1049 1251 1074; x_wconf 80' lang='lat' dir='ltr'>tenorem</span> <span class='ocrx_word' id='word_1_279' title='bbox 1266 1042 1446 1084; x_wconf 83' lang='lat' dir='ltr'>generalem</span> <span class='ocrx_word' id='word_1_280' title='bbox 1460 1042 1529 1074; x_wconf 87' lang='lat' dir='ltr'>loci.</span> <span class='ocrx_word' id='word_1_281' title='bbox 1560 1042 1692 1085; x_wconf 84' lang='lat' dir='ltr'>Perlege</span> <span class='ocrx_word' id='word_1_282' title='bbox 1706 1053 1838 1085; x_wconf 86' lang='lat' dir='ltr'>sequen·</span> 
     </span>
     <span class='ocr_line' id='line_1_49' title="bbox 1111 1100 1284 1125; baseline 0 0"><span class='ocrx_word' id='word_1_283' title='bbox 1111 1100 1158 1125; x_wconf 58' lang='grc' dir='ltr'>ιω</span> <span class='ocrx_word' id='word_1_284' title='bbox 1171 1105 1284 1125; x_wconf 87' lang='lat' dir='ltr'>versus.</span> 
     </span>
    </p>

    <p class='ocr_par' dir='ltr' id='par_1_14' title="bbox 1109 1147 1840 1291">
     <span class='ocr_line' id='line_1_50' title="bbox 1154 1147 1840 1182; baseline 0.003 -6"><span class='ocrx_word' id='word_1_285' title='bbox 1154 1147 1231 1177; x_wconf 84' lang='lat' dir='ltr'>Ver.</span> <span class='ocrx_word' id='word_1_286' title='bbox 1251 1150 1320 1177; x_wconf 88' lang='lat' dir='ltr'>llo.</span> <span class='ocrx_word' id='word_1_287' title='bbox 1349 1148 1443 1182; x_wconf 83' lang='lat' dir='ltr'>Quom</span> <span class='ocrx_word' id='word_1_288' title='bbox 1458 1148 1600 1177; x_wconf 81' lang='lat' dir='ltr'>loetatur:</span> <span class='ocrx_word' id='word_1_289' title='bbox 1627 1152 1662 1177; x_wconf 90' lang='grc' dir='ltr'>Δ.</span> <span class='ocrx_word' id='word_1_290' title='bbox 1690 1148 1770 1178; x_wconf 83' lang='lat' dir='ltr'>Tum</span> <span class='ocrx_word' id='word_1_291' title='bbox 1785 1149 1840 1178; x_wconf 65' lang='grc' dir='ltr'>ἰω-</span> 
     </span>
     <span class='ocr_line' id='line_1_51' title="bbox 1109 1198 1840 1239; baseline 0.003 -11"><span class='ocrx_word' id='word_1_292' title='bbox 1109 1205 1185 1229; x_wconf 84' lang='lat' dir='ltr'>tare.</span> <span class='ocrx_word' id='word_1_293' title='bbox 1231 1198 1313 1228; x_wconf 87' lang='lat' dir='ltr'>Sane</span> <span class='ocrx_word' id='word_1_294' title='bbox 1339 1200 1456 1229; x_wconf 78' lang='lat' dir='ltr'>loetart&#39;s</span> <span class='ocrx_word' id='word_1_295' title='bbox 1480 1208 1546 1228; x_wconf 89' lang='lat' dir='ltr'>non</span> <span class='ocrx_word' id='word_1_296' title='bbox 1571 1199 1840 1239; x_wconf 81' lang='lat' dir='ltr'>improbavissem,</span> 
     </span>
     <span class='ocr_line' id='line_1_52' title="bbox 1109 1251 1363 1291; baseline 0 -10"><span class='ocrx_word' id='word_1_297' title='bbox 1109 1251 1265 1281; x_wconf 75' lang='lat' dir='ltr'>varietatis</span> <span class='ocrx_word' id='word_1_298' title='bbox 1280 1261 1363 1291; x_wconf 85' lang='lat' dir='ltr'>ergo.</span> 
     </span>
    </p>

    <p class='ocr_par' dir='ltr' id='par_1_15' title="bbox 1154 1302 1726 1339">
     <span class='ocr_line' id='line_1_53' title="bbox 1154 1302 1726 1339; baseline 0.002 -7"><span class='ocrx_word' id='word_1_299' title='bbox 1154 1302 1228 1333; x_wconf 88' lang='lat' dir='ltr'>Ver.</span> <span class='ocrx_word' id='word_1_300' title='bbox 1247 1305 1317 1332; x_wconf 80' lang='lat'>112.</span> <span class='ocrx_word' id='word_1_301' title='bbox 1340 1304 1397 1333; x_wconf 83' lang='lat' dir='ltr'>sit:</span> <span class='ocrx_word' id='word_1_302' title='bbox 1423 1302 1465 1332; x_wconf 90' lang='lat' dir='ltr'>V.</span> <span class='ocrx_word' id='word_1_303' title='bbox 1483 1302 1531 1332; x_wconf 87' lang='lat' dir='ltr'>ed.</span> <span class='ocrx_word' id='word_1_304' title='bbox 1546 1305 1589 1339; x_wconf 76' lang='grc' dir='ltr'>εἱ,-</span> <span class='ocrx_word' id='word_1_305' title='bbox 1615 1309 1657 1333; x_wconf 88' lang='grc' dir='ltr'>Π.</span> <span class='ocrx_word' id='word_1_306' title='bbox 1672 1304 1726 1334; x_wconf 82' lang='lat' dir='ltr'>sic.</span> 
     </span>
    </p>

    <p class='ocr_par' dir='ltr' id='par_1_16' title="bbox 1108 1353 1843 1539">
     <span class='ocr_line' id='line_1_54' title="bbox 1152 1353 1840 1393; baseline 0.001 -9"><span class='ocrx_word' id='word_1_307' title='bbox 1152 1354 1227 1384; x_wconf 83' lang='lat' dir='ltr'>Ver.</span> <span class='ocrx_word' id='word_1_308' title='bbox 1255 1357 1325 1383; x_wconf 78' lang='lat'>115.</span> <span class='ocrx_word' id='word_1_309' title='bbox 1348 1364 1436 1393; x_wconf 81' lang='lat' dir='ltr'>quom</span> <span class='ocrx_word' id='word_1_310' title='bbox 1461 1364 1572 1384; x_wconf 77' lang='lat' dir='ltr'>somno.</span> <span class='ocrx_word' id='word_1_311' title='bbox 1617 1353 1765 1385; x_wconf 75' lang='lat' dir='ltr'>Editores</span> <span class='ocrx_word' id='word_1_312' title='bbox 1788 1365 1840 1385; x_wconf 90' lang='lat' dir='ltr'>or-</span> 
     </span>
     <span class='ocr_line' id='line_1_55' title="bbox 1110 1404 1839 1443; baseline 0.003 -8"><span class='ocrx_word' id='word_1_313' title='bbox 1110 1404 1218 1435; x_wconf 89' lang='lat' dir='ltr'>dinem</span> <span class='ocrx_word' id='word_1_314' title='bbox 1233 1405 1398 1434; x_wconf 84' lang='lat' dir='ltr'>verborum</span> <span class='ocrx_word' id='word_1_315' title='bbox 1416 1405 1580 1443; x_wconf 82' lang='lat' dir='ltr'>invertere,</span> <span class='ocrx_word' id='word_1_316' title='bbox 1597 1404 1636 1435; x_wconf 89' lang='lat' dir='ltr'>ad</span> <span class='ocrx_word' id='word_1_317' title='bbox 1652 1416 1745 1436; x_wconf 87' lang='lat' dir='ltr'>suum</span> <span class='ocrx_word' id='word_1_318' title='bbox 1757 1407 1839 1437; x_wconf 84' lang='lat' dir='ltr'>arbi-</span> 
     </span>
     <span class='ocr_line' id='line_1_56' title="bbox 1108 1456 1843 1496; baseline 0.005 -9"><span class='ocrx_word' id='word_1_319' title='bbox 1108 1458 1206 1488; x_wconf 89' lang='lat' dir='ltr'>trium</span> <span class='ocrx_word' id='word_1_320' title='bbox 1227 1456 1335 1487; x_wconf 85' lang='lat' dir='ltr'>onmia</span> <span class='ocrx_word' id='word_1_321' title='bbox 1361 1456 1573 1496; x_wconf 85' lang='lat' dir='ltr'>disponentes,</span> <span class='ocrx_word' id='word_1_322' title='bbox 1601 1463 1633 1487; x_wconf 86' lang='lat' dir='ltr'>et</span> <span class='ocrx_word' id='word_1_323' title='bbox 1655 1457 1843 1491; x_wconf 77' lang='lat' dir='ltr'>insultantes</span> 
     </span>
     <span class='ocr_line' id='line_1_57' title="bbox 1108 1509 1345 1539; baseline -0.004 0"><span class='ocrx_word' id='word_1_324' title='bbox 1108 1509 1194 1539; x_wconf 87' lang='lat' dir='ltr'>libris</span> <span class='ocrx_word' id='word_1_325' title='bbox 1209 1509 1345 1539; x_wconf 82' lang='lat' dir='ltr'>vetustis.</span> 
     </span>
    </p>
   </div>
   <div class='ocr_carea' id='block_1_9' title="bbox 1103 1568 1841 2229">
    <p class='ocr_par' dir='ltr' id='par_1_17' title="bbox 1106 1568 1841 1856">
     <span class='ocr_line' id='line_1_58' title="bbox 1151 1568 1841 1603; baseline 0.004 -3"><span class='ocrx_word' id='word_1_326' title='bbox 1151 1570 1226 1600; x_wconf 86' lang='lat' dir='ltr'>Ver.</span> <span class='ocrx_word' id='word_1_327' title='bbox 1250 1573 1321 1600; x_wconf 84' lang='lat'>114.</span> <span class='ocrx_word' id='word_1_328' title='bbox 1343 1575 1503 1600; x_wconf 81' lang='lat' dir='ltr'>onustum:</span> <span class='ocrx_word' id='word_1_329' title='bbox 1530 1568 1627 1599; x_wconf 82' lang='lat' dir='ltr'>Viud.</span> <span class='ocrx_word' id='word_1_330' title='bbox 1656 1568 1697 1600; x_wconf 90' lang='lat' dir='ltr'>V.</span> <span class='ocrx_word' id='word_1_331' title='bbox 1725 1569 1774 1601; x_wconf 85' lang='lat' dir='ltr'>ed.</span> <span class='ocrx_word' id='word_1_332' title='bbox 1799 1571 1841 1603; x_wconf 88' lang='grc' dir='ltr'>Β.</span> 
     </span>
     <span class='ocr_line' id='line_1_59' title="bbox 1108 1621 1840 1657; baseline 0.003 -6"><span class='ocrx_word' id='word_1_333' title='bbox 1108 1621 1145 1651; x_wconf 89' lang='lat' dir='ltr'>L.</span> <span class='ocrx_word' id='word_1_334' title='bbox 1162 1621 1211 1651; x_wconf 82' lang='lat' dir='ltr'>M.</span> <span class='ocrx_word' id='word_1_335' title='bbox 1237 1621 1277 1657; x_wconf 85' lang='lat' dir='ltr'>Q.</span> <span class='ocrx_word' id='word_1_336' title='bbox 1294 1627 1334 1651; x_wconf 89' lang='grc' dir='ltr'>Π.</span> <span class='ocrx_word' id='word_1_337' title='bbox 1356 1626 1391 1652; x_wconf 87' lang='grc' dir='ltr'>Σ.</span> <span class='ocrx_word' id='word_1_338' title='bbox 1412 1622 1568 1651; x_wconf 76' lang='lat' dir='ltr'>honestum</span> <span class='ocrx_word' id='word_1_339' title='bbox 1575 1635 1586 1655; x_wconf 91' lang='grc'>,·</span> <span class='ocrx_word' id='word_1_340' title='bbox 1613 1630 1716 1651; x_wconf 83' lang='lat' dir='ltr'>errore</span> <span class='ocrx_word' id='word_1_341' title='bbox 1730 1631 1769 1652; x_wconf 85' lang='lat' dir='ltr'>ex</span> <span class='ocrx_word' id='word_1_342' title='bbox 1790 1632 1840 1653; x_wconf 84' lang='lat' dir='ltr'>as·</span> 
     </span>
     <span class='ocr_line' id='line_1_60' title="bbox 1108 1671 1836 1711; baseline 0.004 -9"><span class='ocrx_word' id='word_1_343' title='bbox 1108 1672 1272 1711; x_wconf 86' lang='lat' dir='ltr'>piratione,</span> <span class='ocrx_word' id='word_1_344' title='bbox 1302 1671 1414 1702; x_wconf 87' lang='lat' dir='ltr'>mediis</span> <span class='ocrx_word' id='word_1_345' title='bbox 1439 1671 1552 1702; x_wconf 87' lang='lat' dir='ltr'>seculis</span> <span class='ocrx_word' id='word_1_346' title='bbox 1581 1671 1682 1711; x_wconf 67' lang='lat' dir='ltr'>solita,</span> <span class='ocrx_word' id='word_1_347' title='bbox 1713 1679 1836 1705; x_wconf 78' lang='lat' dir='ltr'>exorto:</span> 
     </span>
     <span class='ocr_line' id='line_1_61' title="bbox 1109 1723 1837 1763; baseline 0.004 -10"><span class='ocrx_word' id='word_1_348' title='bbox 1109 1723 1236 1763; x_wconf 88' lang='lat' dir='ltr'>quando</span> <span class='ocrx_word' id='word_1_349' title='bbox 1266 1723 1458 1754; x_wconf 83' lang='lat' dir='ltr'>scribebatur</span> <span class='ocrx_word' id='word_1_350' title='bbox 1490 1733 1620 1761; x_wconf 89' lang='lat' dir='ltr'>nomen,</span> <span class='ocrx_word' id='word_1_351' title='bbox 1658 1726 1837 1763; x_wconf 66' lang='lat' dir='ltr'>honustum,-</span> 
     </span>
     <span class='ocr_line' id='line_1_62' title="bbox 1107 1774 1838 1816; baseline 0.004 -12"><span class='ocrx_word' id='word_1_352' title='bbox 1107 1780 1143 1804; x_wconf 91' lang='lat' dir='ltr'>ut</span> <span class='ocrx_word' id='word_1_353' title='bbox 1157 1774 1190 1804; x_wconf 87' lang='lat' dir='ltr'>in</span> <span class='ocrx_word' id='word_1_354' title='bbox 1206 1774 1392 1815; x_wconf 84' lang='lat' dir='ltr'>quibusdam</span> <span class='ocrx_word' id='word_1_355' title='bbox 1413 1774 1572 1805; x_wconf 90' lang='lat' dir='ltr'>codicibus</span> <span class='ocrx_word' id='word_1_356' title='bbox 1594 1776 1838 1816; x_wconf 75' lang='lat' dir='ltr'>superscriptum</span> 
     </span>
     <span class='ocr_line' id='line_1_63' title="bbox 1106 1831 1160 1856; baseline 0 0"><span class='ocrx_word' id='word_1_357' title='bbox 1106 1831 1160 1856; x_wconf 85' lang='lat' dir='ltr'>est.</span> 
     </span>
    </p>

    <p class='ocr_par' dir='ltr' id='par_1_18' title="bbox 1106 1886 1836 2028">
     <span class='ocr_line' id='line_1_64' title="bbox 1150 1886 1835 1928; baseline 0.006 -12"><span class='ocrx_word' id='word_1_358' title='bbox 1150 1886 1222 1917; x_wconf 87' lang='lat' dir='ltr'>Ver.</span> <span class='ocrx_word' id='word_1_359' title='bbox 1251 1889 1322 1918; x_wconf 87' lang='lat'>115.</span> <span class='ocrx_word' id='word_1_360' title='bbox 1356 1888 1463 1918; x_wconf 76' lang='lat' dir='ltr'>aliud:</span> <span class='ocrx_word' id='word_1_361' title='bbox 1497 1886 1631 1928; x_wconf 82' lang='lat' dir='ltr'>ideoque</span> <span class='ocrx_word' id='word_1_362' title='bbox 1660 1897 1726 1918; x_wconf 88' lang='lat' dir='ltr'>non</span> <span class='ocrx_word' id='word_1_363' title='bbox 1753 1887 1835 1920; x_wconf 88' lang='lat' dir='ltr'>illud</span> 
     </span>
     <span class='ocr_line' id='line_1_65' title="bbox 1106 1937 1836 1980; baseline 0.003 -12"><span class='ocrx_word' id='word_1_364' title='bbox 1106 1948 1226 1977; x_wconf 64' lang='lat' dir='ltr'>contus,</span> <span class='ocrx_word' id='word_1_365' title='bbox 1243 1937 1327 1978; x_wconf 92' lang='lat' dir='ltr'>quod</span> <span class='ocrx_word' id='word_1_366' title='bbox 1339 1948 1455 1968; x_wconf 84' lang='lat' dir='ltr'>somno</span> <span class='ocrx_word' id='word_1_367' title='bbox 1469 1938 1675 1980; x_wconf 84' lang='lat' dir='ltr'>degravatum</span> <span class='ocrx_word' id='word_1_368' title='bbox 1685 1939 1780 1980; x_wconf 83' lang='lat' dir='ltr'>jacet,</span> <span class='ocrx_word' id='word_1_369' title='bbox 1803 1946 1836 1971; x_wconf 88' lang='lat' dir='ltr'>et</span> 
     </span>
     <span class='ocr_line' id='line_1_66' title="bbox 1108 1989 1350 2028; baseline 0.008 -10"><span class='ocrx_word' id='word_1_370' title='bbox 1108 1999 1217 2028; x_wconf 86' lang='lat' dir='ltr'>expers</span> <span class='ocrx_word' id='word_1_371' title='bbox 1232 1989 1350 2020; x_wconf 72' lang='lat' dir='ltr'>sensus.</span> 
     </span>
    </p>

    <p class='ocr_par' dir='ltr' id='par_1_19' title="bbox 1106 2042 1834 2125">
     <span class='ocr_line' id='line_1_67' title="bbox 1151 2042 1834 2074; baseline 0.003 -2"><span class='ocrx_word' id='word_1_372' title='bbox 1151 2043 1229 2072; x_wconf 82' lang='lat' dir='ltr'>Ver.</span> <span class='ocrx_word' id='word_1_373' title='bbox 1250 2045 1320 2072; x_wconf 87' lang='lat'>117.</span> <span class='ocrx_word' id='word_1_374' title='bbox 1340 2052 1395 2072; x_wconf 83' lang='lat' dir='ltr'>ac:</span> <span class='ocrx_word' id='word_1_375' title='bbox 1420 2043 1465 2071; x_wconf 86' lang='lat' dir='ltr'>ita</span> <span class='ocrx_word' id='word_1_376' title='bbox 1488 2047 1523 2072; x_wconf 93' lang='grc' dir='ltr'>Δ.</span> <span class='ocrx_word' id='word_1_377' title='bbox 1545 2051 1618 2072; x_wconf 84' lang='lat' dir='ltr'>cum</span> <span class='ocrx_word' id='word_1_378' title='bbox 1634 2042 1722 2073; x_wconf 86' lang='lat' dir='ltr'>suavi</span> <span class='ocrx_word' id='word_1_379' title='bbox 1737 2043 1834 2074; x_wconf 85' lang='lat' dir='ltr'>varie-</span> 
     </span>
     <span class='ocr_line' id='line_1_68' title="bbox 1106 2094 1517 2125; baseline 0.002 -1"><span class='ocrx_word' id='word_1_380' title='bbox 1106 2100 1184 2125; x_wconf 84' lang='lat' dir='ltr'>tate:</span> <span class='ocrx_word' id='word_1_381' title='bbox 1210 2094 1313 2124; x_wconf 86' lang='lat' dir='ltr'>caeteri</span> <span class='ocrx_word' id='word_1_382' title='bbox 1328 2094 1464 2124; x_wconf 89' lang='lat' dir='ltr'>retinent</span> <span class='ocrx_word' id='word_1_383' title='bbox 1478 2100 1517 2125; x_wconf 82' lang='lat' dir='ltr'>et.</span> 
     </span>
    </p>

    <p class='ocr_par' dir='ltr' id='par_1_20' title="bbox 1103 2145 1834 2229">
     <span class='ocr_line' id='line_1_69' title="bbox 1149 2145 1834 2188; baseline 0.004 -12"><span class='ocrx_word' id='word_1_384' title='bbox 1149 2145 1231 2176; x_wconf 88' lang='lat' dir='ltr'>Ibid.</span> <span class='ocrx_word' id='word_1_385' title='bbox 1253 2156 1345 2177; x_wconf 84' lang='lat' dir='ltr'>curas</span> <span class='ocrx_word' id='word_1_386' title='bbox 1361 2147 1490 2179; x_wconf 81' lang='lat' dir='ltr'>inaneis.</span> <span class='ocrx_word' id='word_1_387' title='bbox 1528 2145 1695 2187; x_wconf 86' lang='lat' dir='ltr'>Virgilius,</span> <span class='ocrx_word' id='word_1_388' title='bbox 1711 2157 1780 2188; x_wconf 87' lang='lat' dir='ltr'>geo.</span> <span class='ocrx_word' id='word_1_389' title='bbox 1793 2147 1834 2180; x_wconf 86' lang='lat' dir='ltr'>iv.</span> 
     </span>
     <span class='ocr_line' id='line_1_70' title="bbox 1103 2201 1175 2229; baseline -0.014 0"><span class='ocrx_word' id='word_1_390' title='bbox 1103 2201 1175 2229; x_wconf 82' lang='lat'>545.</span> 
     </span>
    </p>
   </div>
   <div class='ocr_carea' id='block_1_10' title="bbox 1164 2273 1805 2344">
    <p class='ocr_par' dir='ltr' id='par_1_21' title="bbox 1164 2273 1805 2344">
     <span class='ocr_line' id='line_1_71' title="bbox 1164 2273 1805 2306; baseline 0.002 -8"><span class='ocrx_word' id='word_1_391' title='bbox 1164 2275 1238 2299; x_wconf 78' lang='lat' dir='ltr'>Inter</span> <span class='ocrx_word' id='word_1_392' title='bbox 1248 2280 1312 2304; x_wconf 80' lang='lat' dir='ltr'>quas</span> <span class='ocrx_word' id='word_1_393' title='bbox 1323 2280 1411 2298; x_wconf 83' lang='lat' dir='ltr'>curam</span> <span class='ocrx_word' id='word_1_394' title='bbox 1422 2273 1556 2306; x_wconf 81' lang='lat' dir='ltr'>Clymene</span> <span class='ocrx_word' id='word_1_395' title='bbox 1567 2274 1691 2298; x_wconf 85' lang='lat' dir='ltr'>narrabat</span> <span class='ocrx_word' id='word_1_396' title='bbox 1702 2274 1805 2299; x_wconf 77' lang='lat' dir='ltr'>inanem</span> 
     </span>
     <span class='ocr_line' id='line_1_72' title="bbox 1164 2312 1574 2344; baseline -0.002 -6"><span class='ocrx_word' id='word_1_397' title='bbox 1164 2313 1285 2343; x_wconf 83' lang='lat' dir='ltr'>Volcani,</span> <span class='ocrx_word' id='word_1_398' title='bbox 1295 2313 1442 2344; x_wconf 81' lang='lat' dir='ltr'>Martisque</span> <span class='ocrx_word' id='word_1_399' title='bbox 1453 2312 1574 2337; x_wconf 85' lang='lat' dir='ltr'>dolos—:</span> 
     </span>
    </p>
   </div>
   <div class='ocr_carea' id='block_1_11' title="bbox 1099 2385 1832 2946">
    <p class='ocr_par' dir='ltr' id='par_1_22' title="bbox 1100 2385 1832 2628">
     <span class='ocr_line' id='line_1_73' title="bbox 1100 2385 1830 2426; baseline 0.001 -10"><span class='ocrx_word' id='word_1_400' title='bbox 1100 2385 1154 2416; x_wconf 94' lang='lat' dir='ltr'>ubi</span> <span class='ocrx_word' id='word_1_401' title='bbox 1177 2385 1293 2426; x_wconf 83' lang='lat' dir='ltr'>legitur</span> <span class='ocrx_word' id='word_1_402' title='bbox 1308 2385 1415 2424; x_wconf 85' lang='lat' dir='ltr'>etiam,</span> <span class='ocrx_word' id='word_1_403' title='bbox 1437 2396 1528 2417; x_wconf 76' lang='lat' dir='ltr'>curas</span> <span class='ocrx_word' id='word_1_404' title='bbox 1550 2387 1668 2424; x_wconf 82' lang='lat' dir='ltr'>inanis,</span> <span class='ocrx_word' id='word_1_405' title='bbox 1696 2385 1738 2416; x_wconf 87' lang='lat' dir='ltr'>ad</span> <span class='ocrx_word' id='word_1_406' title='bbox 1762 2386 1830 2417; x_wconf 89' lang='lat' dir='ltr'>Lu-</span> 
     </span>
     <span class='ocr_line' id='line_1_74' title="bbox 1101 2436 1829 2477; baseline 0.001 -9"><span class='ocrx_word' id='word_1_407' title='bbox 1101 2437 1188 2468; x_wconf 88' lang='lat' dir='ltr'>cretii</span> <span class='ocrx_word' id='word_1_408' title='bbox 1217 2448 1351 2468; x_wconf 80' lang='lat' dir='ltr'>morem:</span> <span class='ocrx_word' id='word_1_409' title='bbox 1378 2437 1432 2468; x_wconf 88' lang='lat' dir='ltr'>sed</span> <span class='ocrx_word' id='word_1_410' title='bbox 1458 2436 1617 2474; x_wconf 85' lang='lat' dir='ltr'>mendose,</span> <span class='ocrx_word' id='word_1_411' title='bbox 1645 2443 1682 2468; x_wconf 83' lang='lat' dir='ltr'>ut</span> <span class='ocrx_word' id='word_1_412' title='bbox 1703 2444 1829 2477; x_wconf 85' lang='lat' dir='ltr'>putem;</span> 
     </span>
     <span class='ocr_line' id='line_1_75' title="bbox 1101 2491 1831 2532; baseline 0.001 -11"><span class='ocrx_word' id='word_1_413' title='bbox 1101 2491 1254 2532; x_wconf 89' lang='lat' dir='ltr'>siquidem</span> <span class='ocrx_word' id='word_1_414' title='bbox 1271 2491 1418 2522; x_wconf 86' lang='lat' dir='ltr'>credibile</span> <span class='ocrx_word' id='word_1_415' title='bbox 1433 2497 1490 2530; x_wconf 89' lang='lat' dir='ltr'>est,</span> <span class='ocrx_word' id='word_1_416' title='bbox 1518 2491 1647 2522; x_wconf 83' lang='lat' dir='ltr'>Maroni</span> <span class='ocrx_word' id='word_1_417' title='bbox 1666 2491 1700 2522; x_wconf 86' lang='lat' dir='ltr'>in</span> <span class='ocrx_word' id='word_1_418' title='bbox 1723 2491 1831 2523; x_wconf 64' lang='lat' dir='ltr'>{mimo</span> 
     </span>
     <span class='ocr_line' id='line_1_76' title="bbox 1101 2542 1832 2584; baseline 0.001 -11"><span class='ocrx_word' id='word_1_419' title='bbox 1101 2542 1196 2573; x_wconf 86' lang='lat' dir='ltr'>fuisse</span> <span class='ocrx_word' id='word_1_420' title='bbox 1225 2543 1366 2584; x_wconf 86' lang='lat' dir='ltr'>ambigui</span> <span class='ocrx_word' id='word_1_421' title='bbox 1395 2543 1445 2573; x_wconf 88' lang='lat' dir='ltr'>vel</span> <span class='ocrx_word' id='word_1_422' title='bbox 1472 2542 1661 2574; x_wconf 84' lang='lat' dir='ltr'>levissimam</span> <span class='ocrx_word' id='word_1_423' title='bbox 1696 2543 1832 2582; x_wconf 80' lang='lat' dir='ltr'>speciem</span> 
     </span>
     <span class='ocr_line' id='line_1_77' title="bbox 1101 2597 1225 2628; baseline 0.008 -1"><span class='ocrx_word' id='word_1_424' title='bbox 1101 2597 1225 2628; x_wconf 80' lang='lat' dir='ltr'>evitare.</span> 
     </span>
    </p>

    <p class='ocr_par' dir='ltr' id='par_1_23' title="bbox 1104 2649 1825 2740">
     <span class='ocr_line' id='line_1_78' title="bbox 1144 2649 1825 2688; baseline 0.001 -10"><span class='ocrx_word' id='word_1_425' title='bbox 1144 2649 1217 2679; x_wconf 88' lang='lat' dir='ltr'>Ver.</span> <span class='ocrx_word' id='word_1_426' title='bbox 1234 2652 1304 2679; x_wconf 90' lang='lat'>118.</span> <span class='ocrx_word' id='word_1_427' title='bbox 1327 2655 1362 2680; x_wconf 77' lang='lat' dir='ltr'>ut</span> <span class='ocrx_word' id='word_1_428' title='bbox 1383 2650 1469 2680; x_wconf 89' lang='lat' dir='ltr'>abest</span> <span class='ocrx_word' id='word_1_429' title='bbox 1493 2655 1534 2680; x_wconf 87' lang='grc' dir='ltr'>Π.</span> <span class='ocrx_word' id='word_1_430' title='bbox 1551 2653 1825 2688; x_wconf 71' lang='lat' dir='ltr'>2.—congscerc:</span> 
     </span>
     <span class='ocr_line' id='line_1_79' title="bbox 1104 2706 1330 2740; baseline 0 -10"><span class='ocrx_word' id='word_1_431' title='bbox 1104 2706 1148 2731; x_wconf 79' lang='grc' dir='ltr'>Ω.</span> <span class='ocrx_word' id='word_1_432' title='bbox 1162 2711 1330 2740; x_wconf 69' lang='lat' dir='ltr'>agnoscere.</span> 
     </span>
    </p>

    <p class='ocr_par' dir='ltr' id='par_1_24' title="bbox 1099 2749 1828 2946">
     <span class='ocr_line' id='line_1_80' title="bbox 1145 2749 1828 2792; baseline -0.001 -11"><span class='ocrx_word' id='word_1_433' title='bbox 1145 2750 1225 2782; x_wconf 87' lang='lat' dir='ltr'>Ibid.</span> <span class='ocrx_word' id='word_1_434' title='bbox 1247 2753 1384 2781; x_wconf 83' lang='lat' dir='ltr'>animam</span> <span class='ocrx_word' id='word_1_435' title='bbox 1400 2762 1533 2792; x_wconf 80' lang='lat' dir='ltr'>quoque:</span> <span class='ocrx_word' id='word_1_436' title='bbox 1559 2749 1579 2780; x_wconf 89' lang='lat' dir='ltr'>i.</span> <span class='ocrx_word' id='word_1_437' title='bbox 1595 2760 1621 2780; x_wconf 91' lang='lat' dir='ltr'>e.</span> <span class='ocrx_word' id='word_1_438' title='bbox 1632 2751 1828 2790; x_wconf 78' lang='lat' dir='ltr'>principium</span> 
     </span>
     <span class='ocr_line' id='line_1_81' title="bbox 1099 2801 1828 2843; baseline -0.001 -9"><span class='ocrx_word' id='word_1_439' title='bbox 1099 2805 1190 2835; x_wconf 81' lang='lat' dir='ltr'>vitale</span> <span class='ocrx_word' id='word_1_440' title='bbox 1196 2819 1207 2840; x_wconf 92' lang='lat'><em>;</em></span> <span class='ocrx_word' id='word_1_441' title='bbox 1232 2808 1253 2821; x_wconf 76' lang='lat'>‘⁸</span> <span class='ocrx_word' id='word_1_442' title='bbox 1269 2817 1302 2834; x_wconf 62' lang='lat' dir='ltr'>tro</span> <span class='ocrx_word' id='word_1_443' title='bbox 1319 2805 1453 2843; x_wconf 68' lang='grc' dir='ltr'>ψυχικοι</span> <span class='ocrx_word' id='word_1_444' title='bbox 1468 2812 1533 2832; x_wconf 87' lang='lat' dir='ltr'>non</span> <span class='ocrx_word' id='word_1_445' title='bbox 1547 2801 1666 2840; x_wconf 88' lang='lat' dir='ltr'>minus,</span> <span class='ocrx_word' id='word_1_446' title='bbox 1681 2811 1776 2842; x_wconf 80' lang='lat' dir='ltr'>quarn</span> <span class='ocrx_word' id='word_1_447' title='bbox 1793 2815 1828 2833; x_wconf 74' lang='lat' dir='ltr'>«ro</span> 
     </span>
     <span class='ocr_line' id='line_1_82' title="bbox 1100 2851 1828 2896; baseline -0.008 -8"><span class='ocrx_word' id='word_1_448' title='bbox 1100 2859 1122 2874; x_wconf 88' lang='lat'>“</span> <span class='ocrx_word' id='word_1_449' title='bbox 1138 2854 1336 2896; x_wconf 40' lang='lat' dir='ltr'>hyspanum?</span> <span class='ocrx_word' id='word_1_450' title='bbox 1358 2864 1419 2884; x_wconf 80' lang='lat' dir='ltr'>ver.</span> <span class='ocrx_word' id='word_1_451' title='bbox 1435 2855 1553 2886; x_wconf 87' lang='lat'>95.—“</span> <span class='ocrx_word' id='word_1_452' title='bbox 1569 2858 1636 2883; x_wconf 75' lang='lat' dir='ltr'>tam</span> <span class='ocrx_word' id='word_1_453' title='bbox 1649 2851 1742 2891; x_wconf 75' lang='lat' dir='ltr'>illud,</span> <span class='ocrx_word' id='word_1_454' title='bbox 1764 2862 1828 2893; x_wconf 89' lang='lat' dir='ltr'>quo</span> 
     </span>
     <span class='ocr_line' id='line_1_83' title="bbox 1100 2902 1827 2946; baseline -0.004 -9"><span class='ocrx_word' id='word_1_455' title='bbox 1100 2910 1122 2927; x_wconf 85' lang='lat'>“</span> <span class='ocrx_word' id='word_1_456' title='bbox 1138 2906 1290 2946; x_wconf 87' lang='lat' dir='ltr'>spiramus</span> <span class='ocrx_word' id='word_1_457' title='bbox 1305 2911 1336 2938; x_wconf 85' lang='lat' dir='ltr'>et</span> <span class='ocrx_word' id='word_1_458' title='bbox 1349 2914 1528 2944; x_wconf 84' lang='lat' dir='ltr'>movemur;</span> <span class='ocrx_word' id='word_1_459' title='bbox 1550 2914 1646 2946; x_wconf 84' lang='lat' dir='ltr'>quam</span> <span class='ocrx_word' id='word_1_460' title='bbox 1660 2902 1752 2944; x_wconf 82' lang='lat' dir='ltr'>illud,</span> <span class='ocrx_word' id='word_1_461' title='bbox 1764 2912 1827 2945; x_wconf 83' lang='lat' dir='ltr'>quo</span> 
     </span>
    </p>
   </div>
  </div>
 </body>
</html>
