1912 3292
512 268 746 317 LIBER
783 265 1166 324 QUARTUS.

1490 272 1583 314 395

227 401 390 443 Caetera
408 399 461 442 de
479 414 634 456 genere
654 399 749 448 hoc,
772 397 944 454 longum
963 402 1038 445 est,
1063 396 1096 436 si
1117 395 1253 439 dicere
1271 409 1409 438 coner.

225 475 308 517 Sed
328 483 465 517 tamen
484 481 571 514 esto
583 473 672 528 jam
692 479 849 528 quanto
870 471 930 511 vis
950 469 1034 511 oris
1054 469 1230 522 honore,

128 631 202 662 Ver.
222 634 310 662 1160.
336 632 410 661 Prae
436 631 550 660 macie:
576 629 618 659 V.
642 629 690 661 ed.
717 631 806 660 Prae-

82 682 341 724 mutim—paam.-
359 681 410 712 Pii
419 682 539 712 codices
553 681 686 722 antiqui,
702 681 808 725 ροδανι.

81 734 204 774 -jarm
230 733 268 764 Β.
283 736 501 764 nanu—tussi:
528 733 565 764 P.
580 735 685 770 tussit‚·
702 734 744 764 V.
757 734 805 765 ed.

79 786 194 820 cussis,-
221 784 258 814 B.
273 787 379 821 tussis,-
405 791 447 815 Π.
467 791 574 816 tussas.

124 835 206 867 Ibid.
229 836 504 879 fioe31vn·teres.·cui
524 837 720 868 lineamenta
742 847 809 869 cor-

81 891 166 931 poris
180 891 311 921 delicata
325 897 399 922 sunt
412 893 564 923 tenuitate
578 893 810 924 rotundataz—

82 953 154 983 quae
168 943 351 973 tenuitatem
367 953 520 983 sane.prae
534 954 566 974 se
581 944 650 980 fert,
678 954 737 975 nec
752 945 810 976 sic-

79 995 206 1026 citatem
221 995 423 1026 macilentam
444 1002 559 1027 tamen.
604 997 722 1027 Parum
745 997 807 1028 dis-

80 1052 150 1077 tant
172 1060 269 1087 ισχνος
293 1057 328 1077 ac
357 1047 473 1089 ῥαδινος,
503 1050 633 1088 gracilis
657 1054 688 1078 et
711 1054 804 1079 teres:

81 1097 153 1128 vide
168 1108 233 1133 nos,
257 1098 297 1129 ad
311 1098 330 1128 i.
347 1102 399 1130 56.
451 1101 569 1130 Teretes
585 1110 674 1130 surus
697 1098 808 1138 puellae

84 1149 170 1188 apud
186 1149 369 1189 Horatium,
392 1150 442 1181 od.
457 1150 489 1180 ii.
504 1154 533 1181 4.
550 1154 599 1180 21.
616 1156 705 1180 vetus
719 1160 808 1180 enar-

79 1205 164 1230 rator
189 1200 388 1242 Cruquianus
417 1202 535 1241 optime
570 1202 712 1241 exposuit
753 1213 810 1242 per

82 1254 106 1270 “
122 1254 270 1283 rotundas
284 1252 374 1283 tibias
389 1263 462 1283 cum
475 1253 698 1294 Iongz'tudine.’‘
745 1255 806 1294 Sic,

81 1303 116 1334 in
133 1303 252 1334 Graecis
267 1305 549 1345 epigrammafisfis,
565 1305 747 1345 saepiuscule
761 1306 806 1336 le-

79 1357 226 1398 gentibus
240 1358 441 1387 obversantur
462 1357 559 1399 ῥαδιναι
575 1357 668 1396 ποδες,
693 1364 725 1388 et
738 1371 806 1399 χει-

79 1421 119 1449 ρες
135 1407 252 1449 fidum:
277 1408 347 1438 vide
363 1407 477 1438 Catull.
499 1408 552 1439 lxi.
576 1412 647 1439 181.
697 1409 806 1440 Sueto-

80 1459 165 1496 nius,
188 1459 208 1489 i.
225 1462 275 1490 45.
298 1459 338 1489 de
355 1460 390 1489 C.
408 1460 546 1490 Caesare:
577 1463 599 1479 “
616 1460 726 1490 Fuisse
744 1467 807 1491 tra-

82 1514 106 1530 “
121 1511 207 1541 ditur
230 1510 344 1542 ercelsd
367 1510 500 1549 statur-d,
533 1511 637 1541 colore
665 1512 807 1548 candido,

79 1563 260 1593 “teretibus
282 1561 494 1593 membris—.''
542 1562 746 1593 Casaubonus
768 1563 808 1593 ad

79 1613 201 1645 locum:
233 1614 388 1644 Teretibus
411 1614 557 1644 membris.
593 1616 617 1632 “
635 1613 807 1644 Succulen-

82 1667 108 1683 “
123 1665 173 1701 tis,
210 1674 269 1695 nec
297 1671 403 1694 tamen
431 1664 539 1695 obesis.
598 1664 808 1704 Philosophus

81 1719 106 1735 “
121 1718 207 1748 hunc
219 1717 364 1747 habitum
376 1729 506 1759 svcoepzov
516 1722 605 1747 vocat
613 1717 721 1757 ;—qui
741 1727 807 1747 me-

80 1770 105 1787 “
121 1767 192 1799 dius
212 1775 259 1799 est
279 1768 362 1799 inter
384 1781 430 1799 τον
445 1775 556 1799 zea-ron
577 1773 609 1797 et
624 1767 808 1810 ‘repta-mov?

83 1819 167 1856 Quae
189 1825 262 1851 sunt
282 1819 428 1859 perdocta
452 1825 484 1849 et
506 1828 630 1849 summe
655 1825 809 1849 accurata.

85 1872 255 1913 Apuleius,
278 1877 351 1902 met.
375 1881 404 1902 x.
432 1872 489 1901 sub
518 1870 571 1901 fin.
606 1874 628 1889 “
653 1877 757 1902 teretes
780 1877 811 1902 et

83 1928 107 1945 “
123 1928 233 1957 lacteos
247 1924 369 1965 puellos
379 1924 398 1936 ”
421 1924 564 1964 epithetis
585 1923 715 1963 pulchre
730 1923 809 1954 soci-

81 1975 142 2006 atis
156 1975 246 2006 dixit:
278 1985 336 2006 nec
360 1975 458 2015 perite
483 1975 588 2005 minus
613 1984 719 2005 veram
747 1974 811 2004 vim

82 2027 229 2059 dictionis
242 2034 317 2059 teres
332 2026 500 2058 declaravit
513 2027 547 2057 in
559 2026 687 2067 floridis,
697 2038 726 2067 p.
739 2030 810 2059 777.

84 2079 133 2110 ed.
156 2079 337 2119 Delph.—“
351 2078 658 2118 ampullam—tereti
678 2079 811 2117 ambitu,

83 2133 108 2150 “
117 2130 260 2172 pressula
274 2129 533 2162 rotunditate—’²
570 2130 670 2162 Plura
684 2138 758 2161 sunt
772 2131 812 2162 ad

83 2193 230 2221 manum,
245 2189 276 2213 et
286 2189 510 2223 argumentum
525 2188 571 2213 est
585 2183 747 2224 elegantiis
762 2193 810 2214 re-

83 2234 286 2265 fertissimum
293 2246 302 2272 3
324 2234 379 2265 sed
403 2245 504 2275 neque
526 2245 577 2265 res
597 2235 812 2265 illustrationis

85 2286 271 2326 operosioris
284 2286 418 2327 indiget,
433 2297 535 2327 neque
545 2293 670 2326 tempus
683 2288 728 2317 ita
741 2297 809 2318 mo-

85 2347 154 2368 ram
178 2337 301 2377 patitur,
326 2343 364 2367 ut
388 2337 480 2367 nimii
505 2337 718 2376 effundamur3
753 2349 811 2369 nec

85 2399 161 2419 sane
182 2388 480 2419 commentariorum
503 2395 682 2420 nostrorum
703 2389 811 2420 moles

87 2440 278 2480 Temperare
300 2446 407 2470 tamen
429 2440 508 2470 mihi
530 2450 661 2481 nequeo,
684 2440 761 2481 quin
782 2446 813 2471 te

88 2491 175 2531 prius
188 2491 346 2522 remittam
360 2492 471 2522 saltem
488 2491 528 2522 ad
549 2491 682 2523 Luciani
696 2492 812 2528 locum,

88 2543 228 2574 maxime
250 2544 482 2583 tempestivum,
508 2543 547 2574 de
572 2554 712 2585 gymnas.
735 2550 808 2575 sect.

92 2598 143 2626 25.
166 2605 262 2636 quem
284 2595 424 2626 Pricaeus
446 2595 644 2626 doctissimus
667 2595 815 2626 indicavit

88 2646 128 2677 ad
145 2646 336 2686 Apuleium3
358 2657 454 2687 quam
479 2647 517 2678 ad
544 2658 588 2684 ea,
611 2657 681 2688 quae
705 2657 811 2687 super-

88 2698 162 2735 sint,
184 2698 381 2739 exsequenda
395 2708 566 2738 properem.

132 2750 210 2781 Ver.
229 2753 321 2782 1161.
342 2753 466 2790 gemina
481 2757 528 2782 et.-
553 2751 597 2781 sic
613 2756 654 2781 Π.
675 2756 713 2780 ut
731 2749 813 2780 Tur-

88 2803 190 2833 nebus
205 2803 329 2844 egregie
339 2803 484 2841 restituit,
498 2803 659 2833 veritatem
669 2803 704 2833 in
714 2812 814 2833 mem-

90 2855 260 2886 branarum
281 2855 465 2896 corruptelis
478 2855 628 2897 sagaciter
646 2855 814 2886 subodora-

89 2912 149 2937 tus.
174 2907 209 2938 P.
214 2907 364 2948 jamiast;
390 2908 484 2939 Vind.
511 2908 549 2939 L.
576 2907 624 2939 M.
653 2907 692 2938 Ο.
717 2912 753 2939 Σ.
770 2913 815 2938 Ω..

77 2958 205 2998 jamin«
221 2965 266 2996 ει,-
292 2959 333 2990 V.
348 2959 396 2992 ed.
420 2961 533 2993 Iavirna
549 2966 590 3000 et,
613 2960 665 2992 cui
679 2959 817 2991 concinit

853 628 890 658 B.
904 627 1022 658 lamina
1033 632 1062 657 et
1067 641 1078 664 ;
1097 629 1132 656 Δ.
1136 625 1259 665 jamma
1271 631 1515 657 et.—mammosa
1527 629 1579 658 Ce-

851 691 899 712 res
923 687 983 711 est:
1019 680 1057 711 P.
1087 680 1227 711 maniosa
1247 681 1328 710 deust
1353 686 1448 716 certe;
1481 680 1580 711 Vind.

851 743 1015 763 mmmosa
1029 737 1121 763 cerest
1128 747 1140 768 ,-
1164 731 1206 761 V.
1222 730 1269 761 ed.
1284 732 1409 761 munnio
1425 741 1511 761 sacer
1521 737 1582 767 est,-

854 784 891 814 B.
908 784 945 814 L.
969 784 1009 814 0.
1033 788 1068 813 Δ.
1092 788 1129 814 Σ.
1157 788 1201 813 Ω.
1228 793 1357 813 mammo
1382 793 1468 813 sacer
1490 788 1582 813 est.—

854 837 922 875 ipsa
945 835 983 865 ab
1005 836 1136 865 Iaccho:
1161 839 1196 866 Σ.
1217 835 1376 865 dulcedine
1399 835 1526 869 Iacclzi;
1551 839 1582 863 et

855 888 921 926 ipsa
938 885 1024 916 deest
1034 885 1130 915 Vind.

897 945 979 976 Ibid.
1016 947 1156 985 gemina:
1194 944 1214 975 i.
1241 954 1266 975 e.
1304 943 1443 984 grandiS,
1465 942 1580 983 ampla,

853 998 990 1038 turgida,
1021 1007 1150 1028 carnosa
1179 1002 1272 1036 atque
1301 995 1471 1026 suculenta.
1531 995 1583 1026 Ita

855 1049 957 1080 Graeci
979 1054 1132 1088 usurpant
1153 1047 1279 1083 δια-λοος,
1304 1053 1335 1077 et
1356 1046 1462 1077 Latini
1485 1046 1581 1076 etiam

851 1101 967 1140 duplex.
1016 1100 1163 1139 Geryona
1179 1097 1314 1129 Horatio
1329 1097 1432 1128 vocari
1446 1104 1492 1128 ter
1512 1109 1579 1128 am-

846 1154 948 1192 plum,
964 1152 1013 1182 od.
1029 1151 1060 1182 ii.
1078 1155 1126 1181 14.
1143 1154 1171 1181 7.
1187 1160 1281 1191 quem
1296 1149 1474 1187 Lucretius,
1490 1159 1517 1179 v.
1529 1152 1581 1179 28.

852 1210 884 1234 et
898 1203 1066 1244 Virgilius,
1088 1202 1150 1232 viii.
1174 1206 1245 1232 202.
1268 1203 1467 1240 tergeminum
1491 1210 1581 1230 voca>-

852 1265 934 1294 vere,
966 1255 1097 1294 pulchra
1134 1260 1181 1284 est
1216 1253 1365 1283 Lambini
1400 1252 1581 1282 observatio.

851 1308 941 1338 Hinc
954 1306 1167 1337 Claudianum
1184 1305 1337 1344 explicare
1352 1303 1448 1342 soleo,
1464 1304 1498 1333 in
1511 1303 1581 1333 Ru-

852 1359 905 1388 fin.
919 1359 940 1389 i,
956 1362 1026 1389 276.
1051 1357 1194 1398 quamvis
1211 1356 1295 1387 docti
1317 1354 1581 1386 animadversores

851 1409 1000 1441 aliorsum
1014 1408 1160 1439 tendant:

866 1492 910 1516 Te
920 1490 1006 1520 nobis,
1015 1489 1130 1522 trepidae
1142 1496 1192 1514 ceu
1203 1488 1274 1513 sidus
1286 1487 1366 1512 dulce
1376 1487 1487 1516 carinae,

868 1531 1015 1555 ostendere
1027 1530 1081 1559 dei,
1089 1529 1198 1561 geminis
1209 1535 1271 1560 quae
1284 1528 1350 1552 lassa
1358 1526 1473 1559 procellis

866 1571 1017 1600 Tunditur²
1027 1574 1054 1595 et
1065 1570 1139 1595 w'cto
1151 1569 1316 1602 rapiturjam
1328 1574 1403 1593 caeca
1414 1566 1552 1598 magistro:

852 1651 872 1681 i.
895 1661 922 1681 e.
946 1651 1170 1682 violentissimis
1191 1647 1343 1688 procellis.
1387 1647 1433 1677 Et
1454 1648 1579 1686 rapitur

852 1701 1086 1731 rescribendum
1115 1706 1203 1739 puto,
1226 1700 1293 1729 vice
1319 1700 1457 1730 trahitur
1486 1698 1582 1728 libro-

852 1763 942 1790 rum;
968 1751 1115 1783 dictionis
1136 1751 1269 1781 minime
1284 1750 1500 1790 respondentis
1515 1750 1582 1779 effi-

853 1804 947 1834 caciae
967 1809 997 1833 et
1019 1803 1118 1843 vigori
1140 1802 1257 1833 sensus.
1301 1802 1377 1833 Jam
1397 1811 1469 1831 vero
1490 1802 1584 1831 verba

852 1858 940 1887 traho
957 1862 987 1887 et
1001 1858 1089 1896 rapio
1105 1861 1180 1886 sunt
1201 1855 1309 1885 scribis
1331 1860 1522 1885 commutata
1541 1854 1582 1886 ad

856 1908 948 1939 Ovid.
970 1914 1045 1939 met.
1067 1908 1121 1938 xii.
1147 1911 1219 1939 591.
1245 1907 1300 1937 ubi
1325 1906 1399 1937 vide
1422 1907 1582 1937 Burman-

854 1969 949 1997 num3
970 1959 1046 1990 trist.
1069 1959 1108 1989 iv.
1132 1963 1160 1990 5.
1185 1963 1215 1990 9.
1257 1958 1346 1988 Hinc
1373 1957 1468 1988 etiam
1490 1967 1583 1997 opem

854 2010 1024 2040 salutarem
1040 2010 1120 2040 feras
1132 2009 1260 2039 Valerio
1274 2009 1397 2047 Flacco,
1420 2009 1483 2039 viii.
1510 2011 1582 2039 255.

855 2062 910 2092 ubi
926 2073 958 2092 se
979 2063 1185 2093 Burmannus
1207 2060 1352 2100 expedire
1373 2060 1506 2101 nequiit,
1529 2059 1582 2090 alii

855 2119 1045 2151 erraverunt,
1069 2119 1101 2143 et
1117 2112 1272 2142 Heinsius
1295 2111 1335 2142 ad
1356 2117 1478 2142 textum
1500 2110 1582 2140 male

854 2164 1091 2195 immutandum
1106 2169 1152 2194 est
1166 2163 1316 2194 redactus.

999 2247 1058 2278 Ipsa
1068 2252 1144 2270 suam
1155 2244 1278 2277 duplicem
1289 2244 1427 2277 Cytherea
1437 2250 1554 2268 coronam

869 2287 971 2316 Donat,
987 2290 1015 2310 et
1027 2292 1128 2310 amiras
1140 2284 1190 2309 alia
1201 2291 1266 2310 cum
1276 2284 1380 2316 virgine
1390 2289 1529 2315 gemmas:

853 2359 873 2388 i.
889 2367 916 2388 e.
935 2359 1155 2397 amplissimam
1171 2362 1263 2397 atque
1278 2353 1581 2394 sumptuosissimam

855 2419 1012 2440 coronam.
1054 2409 1100 2439 Et
1122 2408 1250 2438 Horatii
1271 2407 1418 2444 rationes,
1442 2405 1482 2436 ad
1496 2405 1545 2436 od.
1561 2405 1580 2435 i.

857 2463 886 2492 6.
903 2464 931 2492 7.
947 2470 1042 2491 nemo
1055 2461 1150 2499 probe
1168 2465 1341 2499 perspectas
1354 2456 1478 2487 habuit:

887 2542 950 2571 Nos,
961 2541 1090 2573 Agrippa,
1100 2547 1188 2571 neque
1195 2539 1257 2564 haec
1267 2538 1367 2568 dicere,
1378 2544 1428 2562 nec
1439 2543 1551 2569 gravem

887 2581 983 2606 Pelidae
995 2581 1178 2610 stomachum,
1189 2580 1284 2605 cedere
1295 2579 1386 2609 nescii,

887 2623 942 2648 Nec
953 2629 1044 2648 cursus
1054 2621 1160 2655 duplicis
1171 2628 1219 2654 per
1228 2627 1303 2646 mare
1314 2619 1488 2651 myssei—.

857 2698 933 2729 Non
946 2698 1054 2738 inepto
1068 2697 1197 2728 consilio
1217 2706 1284 2727 rem
1298 2695 1528 2730 administrant,
1552 2699 1583 2723 et

858 2750 991 2781 minime
1005 2750 1150 2781 omnium
1173 2755 1247 2779 sunt
1268 2746 1442 2783 deridendi,
1464 2746 1519 2787 qui
1539 2744 1584 2775 le-

859 2810 939 2845 gunt
953 2806 1099 2845 duplices,
1122 2809 1154 2833 et
1168 2813 1303 2843 magnos,
1325 2801 1375 2831 vel
1389 2800 1509 2840 longos,
1534 2799 1582 2828 in-

858 2862 1074 2895 terpretantur:
1100 2864 1210 2885 verum
1231 2853 1317 2884 enim
1335 2861 1408 2882 vero
1429 2861 1494 2881 non
1516 2849 1583 2879 ani-

859 2906 1092 2937 madverterunt
1106 2905 1201 2944 docti,
1218 2904 1420 2936 Venusinum
1434 2900 1584 2940 respicere

859 2960 998 2999 primum
1012 2969 1135 2992 versum
1150 2957 1269 2991 Iliados
1283 2957 1318 2989 in
1329 2955 1454 2988 vocibus
1461 2963 1581 2994 gravem

786 3018 886 3050 Cc5
