1912 3292
316 252 347 293 6
822 240 883 289 Τ.
925 238 1305 290 LUCRETII

519 374 644 425 Nam,
666 372 784 415 simul
804 387 853 414 ac
871 372 980 414 ratio
998 379 1071 413 tua
1089 371 1214 426 ooepit
1232 370 1444 413 vociferari

379 453 430 491 15
461 448 664 491 Naturam
685 462 840 498 rerum,
860 445 999 489 divina
1019 453 1158 487 mente
1177 453 1378 496 coortam,

460 523 699 581 Diffugiunt
717 522 844 567 animi
865 529 1059 570 terrores;
1091 520 1246 561 moenia
1266 520 1411 561 mundi

316 681 372 720 Et,
382 685 536 712 Χνιιυεται·
553 678 608 721 (ad
622 678 734 710 mediae
749 678 832 709 vocis
843 677 1041 718 potestatem)

321 737 614 770 nEPfflNIZETAl,
639 732 714 773 (sibi
727 731 877 772 decerpit)
892 735 1040 762 AAMBA-

318 783 545 824 NE1.—Atque
559 783 626 812 haec
640 776 799 812 hactenus.

361 835 436 866 Ver.
470 838 517 866 12.
553 836 764 875 depascimur:
805 835 969 876 φερξομεθα,
1007 839 1043 864 ut

318 889 413 919 modo
429 889 539 920 Zonas.
586 888 708 919 Scilicet
731 889 766 919 in
787 891 893 929 apium
909 889 1039 919 transla-

316 941 402 971 tione
429 941 559 980 pulchre
583 947 688 971 noster
710 946 889 980 perseverat.
934 941 1039 982 virgi-

316 991 390 1030 h'us,
406 991 461 1022 ecl.
477 992 497 1022 i.
513 995 563 1023 55.

601 1048 691 1073 vicino
701 1048 735 1072 ab
746 1048 833 1072 limite
842 1054 938 1079 saepes,

378 1089 496 1120 Hyblaeis
505 1087 595 1121 apibus
606 1088 701 1113 florem
713 1087 817 1120 depasta
827 1087 952 1112 salicti—.

316 1138 463 1170 Valerius
482 1137 656 1174 Maximus,
679 1138 700 1168 i.
719 1141 748 1168 6.
763 1136 944 1167 finem:—“
958 1148 1041 1177 apes,

316 1194 339 1209 “
355 1201 420 1221 non
435 1195 577 1220 montem
589 1189 792 1230 Hymettum,
805 1188 858 1218 sed
876 1189 1042 1218 Musarum

315 1244 338 1260 “
356 1241 540 1281 Heliconios
554 1239 868 1280 colles,—depastoe.”
911 1239 1042 1279 Calpur-

317 1293 398 1330 nius,
410 1293 468 1324 ecl.
478 1293 530 1323 ¹iii.
545 1296 597 1323 80.

376 1364 624 1371 —-——--—-
633 1350 682 1375 vix
693 1352 760 1375 dum
775 1351 843 1376 bene
854 1350 947 1375 florem

377 1390 534 1422 Degustabat
545 1390 670 1422 apis—.

318 1439 412 1471 Idem
440 1440 607 1482 Virgilius,
637 1451 705 1481 geo.
735 1441 773 1471 iv.
806 1445 875 1472 180.
910 1440 952 1471 de
980 1441 1044 1472 suis

313 1493 438 1532 apibus:

570 1554 713 1584 pascuntur
724 1554 752 1577 et
762 1552 857 1576 arbuta
867 1552 973 1584 passim.

358 1599 433 1630 Ver.
451 1603 500 1631 15.
532 1602 648 1631 Aurea.
703 1600 897 1631 Dulcissima
931 1601 1042 1640 repeti-

317 1650 416 1682 none:
442 1651 513 1682 vide
527 1653 680 1692 superius,
704 1653 735 1683 ii.
753 1656 824 1685 954.
869 1653 967 1684 Nulla
982 1653 1044 1684 ele.

318 1703 426 1743 gantia
453 1704 672 1745 hujuscemodi
698 1704 906 1736 discurrentes
937 1706 1043 1736 oculos

317 1754 445 1795 Virgilii
460 1755 562 1794 potuit
576 1755 723 1796 effugere.
767 1756 818 1787 Ita
833 1757 895 1793 ille,
914 1756 988 1788 AEn.
1003 1757 1041 1788 vi.

318 1809 390 1838 495.

620 1866 740 1892 lacerum
751 1866 896 1892 crudeliter
905 1874 949 1892 ora
958 1875 969 1896 ;

363 1907 426 1935 Ora,
442 1912 590 1937 manusque
600 1907 701 1931 ambas.

320 1953 382 1984 Sed
408 1965 502 1984 nemo
525 1954 557 1984 in
584 1955 760 1985 exhibenda
778 1966 976 1996 quacumque
990 1956 1043 1986 de-

319 2015 409 2035 mum
424 2005 544 2044 poetica
565 2011 728 2036 venustate
746 2006 869 2046 Peligni
889 2007 971 2036 ruris
991 2017 1043 2036 va-

319 2063 384 2087 tem
409 2063 479 2096 post
501 2068 534 2088 se
558 2057 718 2099 reliquisse
743 2064 859 2088 temere
883 2058 1043 2099 glorietur.

317 2107 530 2139 Felicissimus
553 2109 607 2140 ille
632 2115 678 2139 est
695 2108 824 2150 hujusce
839 2109 984 2140 formulae
1005 2110 1045 2140 ad

318 2166 375 2190 art.
390 2171 451 2190 am.
466 2161 498 2192 ii.
516 2164 565 2192 95.
587 2161 694 2191 locum
715 2161 778 2192 alio
799 2162 894 2192 etiam
916 2161 1045 2192 nomine

317 2212 411 2253 longe
426 2213 658 2243 suavissimum:

337 2273 372 2298 At
383 2276 461 2305 pater
471 2273 580 2304 infelix,
591 2280 641 2299 nec
650 2275 706 2305 jam
718 2278 805 2307 pater,
817 2277 897 2305 1care,
905 2274 1009 2304 clamat,

366 2315 447 2343 kare,
463 2313 567 2344 clamat,
583 2314 629 2339 ubi
640 2316 683 2339 es?
701 2321 790 2347 quove
801 2317 850 2340 sub
860 2322 914 2341 axe
925 2316 1012 2340 volas?

321 2363 404 2394 Cum
419 2363 468 2394 his
481 2374 629 2404 compara
643 2364 732 2405 Virg.
749 2375 817 2406 geo.
832 2365 871 2396 iv.
887 2369 960 2398 498.
995 2365 1046 2396 Sic

318 2415 404 2446 idem
419 2415 505 2446 Naso
519 2416 553 2447 in
570 2416 660 2447 Nuce
675 2417 783 2456 etiam,
805 2428 868 2449 ver.
889 2421 958 2449 108.

361 2466 434 2497 Ver.
456 2470 503 2499 15.
534 2467 673 2508 Benigni
703 2468 847 2508 editores,
877 2469 1043 2500 cerebello-

319 2528 392 2549 rum
418 2529 548 2550 suorum
571 2520 655 2551 fetus
682 2521 832 2552 Lucretio
860 2521 938 2552 nihil
965 2522 1043 2552 invi-

316 2569 434 2606 dentes,
461 2571 663 2613 negationem
677 2574 763 2603 haud
787 2578 857 2612 post
877 2583 978 2604 rerum
994 2573 1043 2603 iu-

318 2625 491 2658 truserunt3
519 2622 626 2653 locum
647 2623 805 2654 fedissime
827 2625 1043 2655 contaminan-

318 2677 365 2702 tes
378 2678 487 2703 contra
501 2673 651 2705 librorum
662 2676 807 2707 omnium
819 2677 1044 2714 auctoritatem,

318 2729 412 2764 atque
448 2724 737 2758 manifestissimam
769 2729 868 2768 po'etae
897 2735 1044 2759 mentem.

317 2774 394 2806 Jam
429 2785 514 2813 vero,
550 2782 587 2806 ut
624 2777 658 2807 id
693 2779 793 2809 obiter
817 2779 1044 2820 praestringam‚

318 2836 419 2866 quum
433 2837 551 2866 nupera
566 2828 662 2860 editio
674 2830 878 2870 Viennensis,
892 2832 933 2863 ad
944 2842 1044 2863 mem-

317 2878 430 2908 branas
445 2877 706 2912 vindobonenses
720 2889 838 2921 exacta,
855 2882 933 2914 illud
947 2886 1044 2922 haud,

316 2929 537 2970 interpolatum
564 2932 689 2973 criticis,
716 2944 779 2973 prae
803 2944 835 2965 se
859 2934 948 2972 ferat,
973 2935 1046 2966 satis

1811 637 1824 653 Ι

1084 681 1205 706 constat
1220 685 1284 705 non
1300 684 1376 713 esse,
1398 674 1433 705 in
1450 684 1485 705 re
1498 674 1663 709 lubricaet
1683 676 1813 718 ancipiti

1084 727 1206 766 saltem,
1228 726 1416 758 testimoniis
1437 727 1582 757 codicum
1597 728 1693 759 Vind.
1713 739 1750 760 ac
1772 729 1813 765 Q„

1084 779 1350 820 quemadmodum
1371 779 1523 810 recensita
1536 780 1723 819 accepimus,
1746 780 1814 811 ullo

1085 837 1175 870 pacto
1189 830 1398 861 innitendum.
1445 830 1533 862 Ordo
1555 841 1630 862 sane
1647 833 1813 862 verborum

1084 889 1115 914 et
1140 883 1198 914 loci
1226 883 1379 914 sententia
1406 883 1449 913 sic
1475 894 1508 914 se
1531 879 1659 914 habent:
1686 888 1710 903 “
1727 884 1815 915 Nm

1086 938 1108 953 “
1124 935 1219 965 simul
1234 945 1271 966 ac
1285 942 1339 965 tua
1358 935 1438 965 ratio
1459 934 1494 976 (i.
1511 946 1537 966 e.
1558 942 1621 966 tuae
1628 935 1752 966 ‘mentis
1765 946 1815 966 sa·

1085 991 1108 1005 “
1124 987 1255 1027 gacitas)
1278 987 1371 1027 coepit
1384 986 1545 1018 vociferari
1570 989 1606 1029 (i.
1628 998 1653 1018 e.
1678 988 1816 1028 proferre

1086 1041 1108 1056 ‘⁶
1127 1043 1158 1067 et
1172 1037 1387 1079 promulgare)
1415 1037 1572 1069 Naturam
1593 1049 1711 1076 rerum,
1736 1039 1771 1081 (i.
1789 1049 1818 1070 e.

1086 1092 1108 1107 ‘⁴‘
1124 1094 1212 1118 tuam
1236 1089 1476 1128 philosophiam,
1503 1090 1535 1120 in
1561 1091 1620 1120 hoc
1644 1100 1737 1130 opere
1759 1090 1815 1121 de·

1086 1143 1108 1158 “
1124 1139 1288 1180 claratam)
1312 1146 1452 1171 coortam
1467 1141 1574 1172 divina
1587 1148 1704 1180 mente,
1732 1141 1768 1183 (i.
1787 1151 1816 1173 e.

1089 1194 1111 1209 “
1127 1191 1228 1222 fetum
1244 1191 1290 1221 tui
1313 1191 1431 1232 ingenii
1447 1192 1608 1232 coelaetis3)
1623 1191 1815 1232 superstitio—

1088 1245 1110 1260 “
1127 1253 1168 1272 sae
1182 1242 1312 1283 fugiunt
1326 1242 1612 1275 solicitudines—.”
1657 1242 1748 1274 Nihil
1761 1253 1815 1274 ex-

1087 1293 1221 1332 peditius
1245 1299 1276 1324 et
1302 1294 1453 1325 sincerius
1466 1295 1525 1324 hac
1545 1294 1814 1334 interpretatione:

1085 1344 1139 1375 sed
1164 1345 1337 1385 jucundius
1364 1352 1430 1377 erat
1455 1346 1637 1385 editoribus,
1667 1346 1814 1378 emenda-

1086 1402 1168 1426 tores
1182 1407 1285 1438 ageoe,
1302 1407 1396 1438 quarn
1412 1403 1613 1428 enarratores.

1131 1447 1212 1478 Ibid.
1238 1450 1397 1479 Naturam
1420 1461 1523 1480 rerum
1546 1449 1727 1491 vociferari:
1753 1450 1773 1480 i.
1791 1460 1818 1481 e.

1088 1503 1111 1520 ‘⁶
1128 1499 1189 1529 alte
1214 1500 1396 1531 hominibus
1424 1501 1593 1532 inclamare
1618 1507 1651 1531 et
1676 1511 1816 1541 pronun·

1089 1554 1111 1568 “
1126 1551 1207 1581 ciare
1222 1551 1377 1582 doctrinas
1399 1559 1468 1584 tuas
1481 1553 1642 1584 divinas:''
1667 1553 1701 1583 in
1716 1553 1818 1585 activo

1087 1613 1188 1633 sensu.
1235 1603 1285 1634 Sic
1300 1603 1468 1644 Virgilius,
1486 1604 1560 1634 AEn.
1577 1603 1608 1634 ii.
1626 1606 1698 1636 679.

1104 1661 1176 1686 Talia
1187 1661 1346 1693 vocffemm,
1357 1662 1461 1693 gemitu
1473 1665 1579 1688 tectum
1591 1668 1674 1688 omne
1685 1662 1814 1694 replebat.

1088 1721 1207 1758 Cicero,
1231 1721 1264 1751 in
1280 1721 1370 1751 Verr.
1386 1720 1418 1750 ii.
1434 1725 1463 1751 2.
1480 1724 1597 1751 21.-“
1612 1721 1637 1751 si
1652 1724 1707 1752 koc
1729 1732 1815 1754 nunc

1087 1776 1109 1792 “
1126 1773 1288 1815 vociferari
1303 1773 1466 1803 velim—.”
1512 1773 1550 1809 Q.
1569 1772 1709 1812 Curtius,
1728 1774 1772 1805 iii.
1789 1778 1817 1805 2.

1091 1824 1143 1855 fin.
1167 1829 1189 1843 “
1207 1827 1287 1856 Haec
1300 1825 1527 1866 vociferantem,
1549 1825 1665 1866 quibus
1687 1830 1734 1856 est
1754 1825 1815 1856 im-

1088 1879 1110 1893 “
1128 1881 1281 1914 peratum,
1308 1875 1488 1916 jugulant.'’

1088 1928 1187 1958 Theb.
1204 1927 1235 1958 ii.
1252 1931 1327 1959 467.

1220 1987 1271 2011 haec
1281 1987 1384 2017 audax,
1398 1986 1549 2012 etiamnum
1562 1987 1590 2011 in
1601 1987 1704 2018 limine,
1714 1990 1788 2013 ret-ro

1118 2028 1302 2059 Vociferans—.

1534 1876 1653 1907 Statius
1678 1877 1818 1917 insuper,

1091 2087 1142 2117 Ita
1156 2087 1271 2126 passim
1288 2086 1400 2117 Graeci.
1423 2085 1593 2126 Euripides
1608 2086 1752 2126 exemplo
1766 2086 1818 2126 sit,

1090 2137 1179 2168 Med.
1193 2141 1243 2168 21.

1167 2202 1265 2231 Μηδεια
1279 2200 1300 2228 δ’
1315 2202 1329 2230 ἡ
1343 2202 1467 2231 δυσ-τηις,
1481 2211 1651 2235 mmmmm.

1165 2250 1232 2293 ΒΟᾼ
1247 2259 1293 2283 με,
1306 2250 1453 2280 ΟΡΚΟΥΣ,
1468 2253 1595 2275 aunam
1612 2249 1637 2274 δε
1650 2248 1736 2281 δεξιου.

1088 2316 1199 2357 Neque
1230 2315 1421 2346 Ammianus
1456 2313 1661 2345 Marcellinus
1689 2314 1815 2346 accedet

1088 2367 1332 2408 intempestivus,
1354 2365 1395 2396 ad
1418 2365 1481 2396 xxi.
1500 2368 1548 2396 14.
1581 2368 1604 2384 “
1622 2365 1663 2395 In
1685 2366 1745 2396 hoc
1766 2376 1815 2396 re-

1089 2423 1110 2438 “
1126 2429 1198 2449 rum
1222 2418 1421 2449 adversarum
1447 2416 1587 2447 tumultu
1602 2417 1725 2447 haerens
1748 2417 1816 2458 ejus

1088 2474 1110 2489 ‘⁴
1128 2471 1254 2500 fortuna
1275 2469 1355 2510 jam,
1385 2474 1416 2498 et
1441 2468 1620 2506 subsistens,
1651 2467 1817 2499 adventare

1088 2526 1109 2540 “
1126 2532 1234 2552 casum
1265 2521 1336 2551 vitae
1366 2519 1528 2550 difficilem
1556 2519 1652 2550 modo
1681 2514 1746 2550 non
1771 2521 1815 2550 lo-

1088 2577 1110 2592 “
1127 2575 1286 2614 quentibus
1301 2575 1398 2613 signis
1412 2578 1518 2612 aperte
1532 2570 1754 2602 monstrabaff’

1132 2624 1212 2656 Ibid.
1238 2625 1395 2655 Naturam
1410 2635 1522 2654 rerum.
1553 2623 1602 2653 Sic
1617 2617 1731 2652 {vocitat
1745 2623 1814 2652 bre-

1088 2675 1172 2706 viore
1186 2675 1314 2706 nomine
1325 2674 1420 2705 libros
1434 2675 1501 2716 ejus
1515 2674 1555 2705 de
1564 2669 1675 2704 natura
1690 2683 1811 2704 rerum:

1089 2727 1158 2758 w'de
1183 2737 1254 2767 quae
1271 2726 1353 2756 dicta
1375 2731 1449 2756 sunt
1463 2724 1620 2762 Bentleio,
1652 2729 1725 2755 ante
1747 2723 1817 2754 ani-

1089 2778 1317 2809 madversiones
1331 2787 1418 2808 meas
1433 2777 1467 2808 in
1489 2777 1509 2807 i.
1526 2780 1554 2807 1.
1591 2775 1695 2807 Aliter
1708 2781 1816 2806 tamen

1091 2829 1246 2869 Sosipater
1263 2827 1434 2867 Charisius,
1456 2828 1541 2858 instt.
1559 2836 1691 2868 gramm.
1707 2825 1762 2856 lib.
1779 2825 1813 2856 ii.

1089 2893 1117 2922 p.
1136 2884 1206 2913 185.
1233 2884 1254 2899 ‘⁶
1270 2881 1436 2912 Lucretius
1454 2890 1581 2922 quoque
1597 2881 1635 2910 de
1655 2879 1742 2910 rebus
1756 2889 1814 2909 na-

1090 2938 1112 2953 ‘⁸
1127 2934 1278 2965 eui-alibus
1291 2932 1408 2964 tertios·
