1912 3292
494 230 728 280 LIBER
763 227 1116 277 TERTIUS.

1463 233 1553 272 153

205 365 347 415 Quom
365 361 517 418 pariter
533 374 650 401 mens
669 366 710 400 et
729 373 893 413 corpus,
915 357 1062 412 sopita,
1084 356 1318 412 quiescunt3

204 438 315 480 Nam
333 437 425 477 licet
443 442 645 476 aeternum
664 449 738 489 per
757 448 833 474 nos
854 433 910 473 sic
931 447 1016 472 esse
1036 444 1242 485 soporem:

90 517 172 553 935
204 512 292 553 Nec
311 509 557 551 desiderium
575 508 706 549 nostri
725 522 801 547 nos
820 505 968 562 adtigit
986 505 1130 546 ullum:

205 584 259 625 Et
278 591 416 624 tamen
435 582 548 624 haud
568 596 775 639 quaquam
793 588 955 622 nostros
974 587 1074 620 tunc
1093 577 1160 618 illa
1178 591 1253 632 per
1273 583 1384 617 artus

63 737 237 780 brigiensis,
252 738 301 768 his
315 737 415 768 oculis
429 743 605 778 usurpatus,
622 737 662 768 ad
676 744 730 769 sat.
745 737 786 770 ix.

65 795 115 822 17.
130 791 175 821 ita
189 790 348 821 scribitur:

94 860 200 891 Torquet
211 861 307 890 quarta
317 858 382 888 dies,
391 858 509 890 olimque
520 859 668 884 domestica
678 859 769 884 febris:

63 925 118 956 ubi
133 925 210 955 solet
224 924 364 966 evulgari
385 926 500 956 Torret.
546 925 717 961 Arnobius,
737 924 789 956 lib.

63 977 108 1008 iii.
123 988 154 1017 p.
170 980 239 1009 125.
262 978 305 1008 sic
320 977 368 1007 uti
382 977 455 1007 viris
472 976 570 1007 doctis
593 977 791 1016 probabiliter

63 1035 221 1060 correctus
243 1029 367 1070 legitur,
390 1029 525 1069 vulgatae
540 1029 680 1059 Lucretii
695 1029 790 1069 scrip-

65 1086 145 1110 turae
159 1080 459 1119 patrocinatur2——“
475 1081 542 1110 haec
565 1080 656 1117 mala,
679 1081 794 1121 quibus

67 1135 90 1150 “
106 1141 192 1170 uror,
221 1138 343 1167 torreor,
378 1131 548 1162 vexor—.”
592 1132 794 1171 Exemplaria

68 1184 165 1214 MSS.
181 1184 257 1214 dant
271 1191 394 1215 terreor.

69 1235 240 1273 Caeterum,
263 1235 393 1275 hujusce
409 1235 514 1265 versus
529 1235 712 1265 Lucretiani
727 1245 795 1265 me-

69 1295 138 1315 mor
149 1292 214 1316 erat
229 1286 370 1316 Avienus
386 1287 420 1316 in
437 1287 547 1322 Arato,
563 1296 623 1316 ver.
639 1290 712 1317 492.
734 1286 796 1315 Sed

68 1338 157 1369 locus
171 1339 208 1369 eci
223 1344 270 1369 est
283 1339 437 1379 exquisita
446 1345 618 1377 venustate,
628 1345 664 1368 ut
674 1339 797 1379 integer

69 1390 183 1428 apponi
212 1390 374 1429 tyronibus
398 1397 562 1421 mereatur.
607 1391 659 1420 De
681 1392 797 1430 Pegaso

69 1440 208 1482 loquitur
222 1442 424 1481 politissimus
439 1443 543 1482 po‘e'ta:

100 1525 173 1549 Hunc
181 1524 247 1549 hunc
255 1525 341 1550 Aonio
348 1526 486 1557 quondam
495 1530 649 1551 memorant
659 1526 796 1557 Helicone,

101 1563 206 1595 Inclyta
215 1568 275 1595 post
285 1565 378 1596 Lyciae
390 1565 550 1590 redeuntem
558 1565 627 1590 bella
637 1566 797 1597 Chimaerae,

101 1604 216 1635 Mystica
228 1605 280 1635 quii
292 1612 370 1637 rupes
382 1606 467 1630 doctis
479 1607 667 1631 obmurmurat
674 1607 767 1638 antris,

101 1644 251 1668 Herbarum
263 1645 387 1676 carpsisse
399 1652 500 1676 comas,
511 1650 539 1671 et
551 1646 672 1677 gramine
683 1647 767 1671 odoro

101 1684 258 1716 Explevisse
272 1685 392 1710 famem:
409 1686 466 1716 sed,
482 1693 546 1710 cum
558 1686 612 1710 sitis
621 1686 697 1712 arida
708 1687 799 1712 fauces

103 1726 201 1754 Ureret,
212 1731 243 1749 ac
255 1724 329 1748 nullo
342 1729 465 1749 manaret
475 1732 572 1757 gurges
583 1726 670 1757 hiatu,

103 1763 207 1788 misisse
218 1764 331 1795 pedem3
349 1771 488 1796 cornuque
498 1766 590 1790 excita
601 1770 723 1798 repente,

103 1806 231 1838 Lympha
249 1807 439 1832 Camoenalem
456 1807 528 1832 fudit
547 1809 640 1840 procul
657 1809 802 1841 Hippocre-

194 1852 258 1870 nen.

77 1917 187 1959 Vulgo
197 1918 313 1959 legitur
326 1919 361 1949 in
372 1919 475 1959 primo
489 1930 586 1957 versu,
599 1922 697 1952 N'zcnc
707 1923 802 1958 lzunc;

76 1970 132 2000 sed
161 1981 218 2000 nos
245 1971 389 2001 videmur
411 1983 481 2002 vere
504 1973 705 2012 rescripsisse:
731 1973 802 2004 vide

77 2031 139 2052 ver.
171 2024 242 2052 741.
271 2022 389 2052 ibidem
395 2034 405 2060 3
437 2029 468 2053 et
496 2023 546 2053 his
568 2024 804 2063 repetitionibus

77 2083 276 2113 summopere
308 2074 425 2115 gaudet
462 2075 614 2106 Avienus.
666 2076 806 2106 Voculas

79 2131 185 2156 autem
202 2127 299 2157 Hunc
314 2132 345 2157 et
361 2128 460 2158 Ναηε
475 2127 625 2158 facillime
636 2128 806 2167 permutari

77 2186 176 2216 posse,
191 2183 223 2207 te
236 2177 395 2208 docebunt
409 2178 504 2208 modo
515 2178 597 2209 dicta
605 2179 647 2209 ad
657 2189 718 2209 ver.
730 2182 794 2211 925
798 2203 804 2209 .

79 2234 112 2258 et
125 2238 159 2258 re
173 2228 246 2259 vera
259 2235 451 2268 permutatas
465 2240 531 2260 esse
546 2230 752 2260 Burmannus
766 2230 807 2261 ad

78 2279 199 2310 Lucan.
215 2279 246 2310 ii.
262 2282 314 2311 85.
336 2286 428 2321 atque
444 2281 642 2320 potissimum
658 2279 805 2311 Draken-

79 2331 232 2367 borchius,
259 2332 300 2362 ad
323 2332 391 2362 Liv.
407 2333 448 2363 ix.
466 2337 493 2364 9.
510 2337 538 2364 9.
563 2332 703 2363 Accedat
724 2333 805 2364 Am-

81 2382 207 2412 mianus
236 2383 454 2422 Blarcellinus,
491 2385 553 2414 xix·
584 2388 685 2414 8.--“
711 2385 809 2425 qui—

80 2437 104 2451 “
120 2434 210 2464 facile
224 2437 320 2473 sitim,
332 2435 395 2476 qua
405 2438 619 2472 adurebamur,
631 2436 809 2467 exstinxit.’'

82 2485 145 2524 Sic,
161 2488 281 2525 opinor,
297 2488 531 2529 corrigendum:
552 2488 632 2524 libri,
647 2490 810 2519 haurieba-

80 2548 166 2573 mur5
197 2537 348 2575 Valesius,
364 2541 544 2575 urebamur;
567 2540 752 2577 Gronovius,
765 2543 808 2571 ita

79 2590 252 2621 urebantur.

124 2640 200 2672 Ver.
219 2645 291 2673 951.
316 2645 441 2683 quoius:
461 2648 496 2674 Δ.
514 2650 555 2674 Π.
571 2645 682 2680 cuivis5
699 2644 733 2673 in
748 2642 810 2684 quii

80 2693 228 2724 varietate
249 2694 395 2736 reliquias
427 2696 614 2737 antiquioris
638 2695 810 2736 scripturae,

82 2747 171 2776 nobis
187 2747 387 2786 resuscitatae,
403 2748 494 2779 facile
509 2759 669 2790 agnoscas.

68 2808 74 2812 '
126 2797 206 2830 Ibid.
221 2802 276 2830 rei.
299 2800 423 2831 Pariter
436 2803 660 2841 μονοσυλλαξως
684 2800 811 2832 effertur

84 2857 145 2879 vox
171 2850 206 2881 in
234 2852 370 2883 versibus
399 2853 567 2894 Ennianis,
598 2853 682 2895 apud
711 2853 810 2884 Cicer.

80 2898 172 2934 Tusc‚
190 2901 288 2945 dispp.
304 2904 347 2938 iii.
369 2909 416 2937 15.

861 738 929 769 Ego,
947 742 1030 767 quom
1047 733 1139 767 genui,
1156 737 1217 757 turn
1236 731 1381 757 morituros
1391 729 1472 760 scivi;
1490 731 1518 755 et
1535 728 1559 754 ei

954 775 990 800 rei
1000 774 1121 800 substuli.

834 840 885 871 Sic
899 839 1042 870 Lucilius
1057 838 1163 876 etiam,
1179 837 1213 867 in
1228 837 1370 867 Lactant.
1381 835 1420 865 vi.
1437 837 1467 866 5.

863 899 963 929 Virtus,
975 899 1132 930 quaerendae
1143 896 1227 922 finem
1238 896 1274 920 rei
1285 895 1362 925 scire,
1377 894 1557 924 modumque.

836 949 986 980 Similiter
999 949 1029 979 ei
1043 948 1077 977 in
1095 945 1228 982 Catullo,
1244 944 1352 975 lxxxii.
1363 947 1395 974 5.
1412 942 1467 973 ubi
1478 941 1563 973 docti

835 1000 1099 1031 animadversores
1114 998 1174 1028 alia
1189 996 1332 1035 exempla
1353 1003 1542 1035 congessere.

876 1053 953 1083 Ver.
969 1055 1039 1084 952.
1062 1058 1143 1082 tum.-
1172 1055 1206 1081 Δ.
1222 1048 1496 1087 cum—requiret:
1521 1044 1565 1074 sic

837 1104 976 1135 universi
990 1104 1123 1142 codices,
1148 1109 1178 1133 et
1202 1101 1278 1132 editi
1291 1099 1418 1130 vetusti:
1445 1097 1567 1137 sapien-

837 1157 933 1187 tiores
947 1161 1054 1187 autem
1068 1155 1201 1185 editores
1211 1153 1300 1184 nobis
1310 1152 1349 1182 de
1364 1161 1421 1181 suo
1436 1150 1567 1190 requirit

838 1207 1062 1248 benignissime
1086 1205 1279 1245 largiuntur3
1303 1202 1391 1242 quasi
1416 1210 1482 1230 non
1507 1200 1567 1228 hoc

839 1259 935 1289 modo
949 1258 1111 1297 scriptores
1126 1255 1237 1294 optimi
1264 1253 1381 1284 centies
1403 1251 1566 1284 variarent,

839 1316 870 1340 et
885 1310 944 1349 ipsi
957 1309 1008 1339 hic
1024 1307 1201 1338 obtinerent
1215 1314 1361 1346 regnum.

884 1360 966 1390 Ibid.
988 1371 1017 1391 se
1033 1361 1186 1397 vitamque
1211 1357 1359 1396 requirit:
1383 1353 1479 1383 latius
1504 1350 1569 1381 dic-

840 1419 910 1442 tum
926 1417 972 1442 est
987 1421 1043 1450 pro
1057 1412 1150 1440 vitam
1166 1419 1263 1439 suam.
1308 1404 1383 1436 Pari
1398 1413 1492 1434 sensu
1504 1401 1571 1432 dic-

842 1464 962 1495 tionem
990 1461 1146 1502 Virgilius
1171 1457 1403 1501 elegantissime
1418 1454 1572 1489 adhibuit,

841 1517 916 1547 ]En.
932 1517 952 1547 i.
969 1519 1043 1546 217.

919 1583 1030 1608 Amissus
1040 1583 1122 1614 longo
1134 1582 1210 1606 socios
1220 1586 1346 1606 sermone
1356 1577 1499 1611 requirunt.

842 1643 909 1673 Ubi
933 1640 1158 1673 commentaria
1182 1637 1362 1670 Burmanni
1383 1631 1572 1675 perlegenda

843 1700 926 1725 sunt.
973 1694 1093 1725 Confer
1108 1691 1249 1733 ejusdem
1263 1689 1364 1730 po'etae
1379 1697 1448 1728 geo.
1464 1686 1507 1715 iii.
1525 1688 1577 1715 70.

888 1745 962 1775 Ver.
993 1748 1065 1776 955.
1098 1746 1212 1778 Quom:
1236 1741 1284 1771 uti
1313 1749 1409 1780 quam
1433 1736 1577 1776 proxime

848 1803 889 1828 Π.
908 1798 977 1828 Com
993 1795 1156 1825 exhibens:
1184 1792 1252 1822 redi
1268 1791 1309 1821 ad
1324 1799 1383 1820 ver.
1401 1792 1473 1821 951.

893 1847 977 1878 Ibid.
999 1849 1098 1888 sopita
1114 1847 1283 1888 quiescunt.
1327 1842 1424 1877 Naso,
1446 1845 1520 1870 met.
1537 1839 1577 1869 xi.

848 1902 920 1932 251.

979 1965 1044 1983 cum
1056 1956 1144 1989 gelido
1155 1955 1235 1988 sopita
1248 1954 1355 1987 quiescet
1366 1953 1394 1977 in
1405 1954 1526 1976 antro—.

890 2017 967 2047 Ver¹
989 2020 1060 2048 954.
1083 2017 1155 2046 lz'cct
1164 2025 1223 2054 per
1237 2024 1291 2044 nos
1306 2014 1367 2043 sic:
1392 2010 1412 2041 i.
1429 2021 1457 2040 e.
1482 2012 1505 2027 ‘⁶
1520 2009 1579 2038 hac

849 2071 872 2088 “
889 2068 1075 2104 conditione,
1100 2073 1137 2097 ut
1162 2067 1361 2107 quiescamus
1382 2071 1518 2103 prorsus,
1549 2065 1582 2089 et

852 2125 874 2140 “
891 2120 1044 2152 altissimo
1074 2129 1187 2150 somno
1216 2116 1445 2152 devinciamur,
1475 2110 1582 2143 nostr&

852 2177 874 2192 “
891 2173 971 2203 nihil
986 2171 1136 2207 intererit,
1151 2171 1178 2201 si
1192 2170 1243 2200 vel
1263 2175 1401 2199 aeternus
1422 2175 1514 2205 sopor
1528 2163 1582 2194 ille

852 2230 874 2244 “
891 2225 1001 2264 fuerit3
1023 2235 1126 2265 neque
1145 2232 1290 2264 soporem
1312 2220 1420 2257 talem,
1444 2228 1506 2259 quo
1521 2217 1581 2246 mi-

852 2281 874 2297 “
891 2289 951 2308 nus
980 2284 1115 2308 aeternus
1144 2277 1196 2315 sit,
1226 2284 1335 2306 cavere
1365 2272 1500 2314 quimus,
1527 2274 1583 2300 aut

852 2333 874 2348 “
890 2331 985 2360 etiam
1001 2328 1180 2360 curamus.'’

896 2382 971 2413 Ver.
990 2385 1063 2414 955.
1080 2382 1210 2421 adtigit.-
1229 2379 1328 2409 Vind.
1341 2378 1378 2408 L.
1392 2377 1431 2407 O.
1447 2381 1481 2406 Δ.
1496 2381 1537 2404 Π.
1548 2378 1583 2405 Σ.

853 2437 971 2475 adigit5
998 2435 1039 2464 V.
1055 2434 1104 2464 ed.
1120 2435 1158 2464 B.
1182 2434 1284 2472 idigz‘t.
1330 2430 1454 2467 Nempe
1477 2432 1582 2456 vetus-

855 2486 916 2516 tior
927 2485 1022 2516 dictio
1033 2484 1217 2524 scrupulum
1228 2482 1336 2523 injecit
1347 2479 1462 2510 scribis.
1487 2476 1584 2508 Paul-

854 2537 918 2568 lus:
956 2540 978 2555 “
1000 2538 1094 2576 Tagic
1122 2535 1305 2574 simpliciter
1334 2532 1462 2567 dicitur3
1501 2528 1585 2569 quod

856 2592 879 2607 “
895 2590 1008 2628 attigit,
1045 2589 1184 2627 contigit,
1232 2585 1308 2615 facit
1343 2579 1582 2621 compositum.'’

855 2641 979 2671 Festus:
1021 2643 1044 2658 “
1067 2640 1168 2678 Tagit,
1200 2635 1356 2667 Pacuvius
1377 2635 1411 2664 in
1442 2633 1579 2663 Teucro:

856 2698 878 2714 “
898 2694 945 2724 Ut
958 2703 1029 2734 ego,
1044 2692 1071 2722 si
1085 2692 1253 2732 quisquam
1274 2700 1326 2719 me
1342 2690 1430 2727 tagit.
1474 2687 1520 2716 Et
1536 2692 1583 2716 ta-

855 2749 878 2766 “
891 2756 963 2785 gam
980 2744 1064 2775 idem
1081 2743 1115 2773 in
1131 2741 1323 2772 Hermione:
1353 2739 1422 2770 Aut
1436 2748 1501 2768 non
1516 2747 1583 2767 cer-

857 2802 880 2818 “
897 2808 985 2835 nam,
1009 2796 1071 2827 nisi
1096 2801 1199 2835 tagam
1205 2810 1217 2830 ‚·
1240 2793 1308 2824 sine
1337 2791 1434 2823 dubio
1456 2789 1585 2830 antiquo

856 2855 879 2870 “
895 2848 1123 2881 consuetudine
1145 2845 1319 2886 usurpavit:
1346 2854 1421 2875 nam
1448 2852 1532 2873 nunc
1547 2852 1584 2871 ea

856 2905 879 2922 ‘⁶
897 2903 964 2933 sine
979 2899 1249 2942 praepositionibus
1276 2907 1340 2928 non
1363 2895 1526 2929 dicuntum
1550 2899 1586 2922 ut

786 2963 851 2993 122
