1912 3292
333 221 423 261 160

830 206 893 254 Τ.
936 202 1317 254 LUCRETII

467 348 498 370 “
522 342 566 385 Si
586 341 660 384 tibi
680 353 766 382 non
785 339 903 381 annis
922 352 1071 393 corpus
1083 338 1172 393 jam
1192 342 1363 386 marcet,
1388 340 1429 376 et
1449 341 1560 375 artus

353 423 436 460 960
468 423 498 445 ‘⁶
522 415 732 458 Confectei
751 414 964 470 languent3
996 411 1138 453 eadem
1158 418 1297 452 tamen
1317 409 1457 450 omnia
1475 413 1644 456 restant,

464 496 497 520 “
519 490 675 534 Omnia
694 490 727 531 si
746 503 890 545 perges
910 486 1086 528 vivendo
1105 485 1268 526 vincere
1287 483 1413 532 secla;

468 571 498 592 “
522 566 660 621 Atque
679 564 801 605 etiam
820 562 972 618 potius,
994 560 1027 601 si
1049 572 1273 614 numquam
1296 557 1347 597 sis
1367 555 1689 597 moriturus:''-—

324 723 375 755 eui
397 731 523 753 veneres
548 727 654 752 tamen
670 730 727 760 per
748 719 960 760 pravissimam
984 717 1046 748 dis-

326 775 508 806 tinctionem
523 772 638 813 magna
655 782 694 802 ex
708 777 794 811 parte
808 772 938 812 periere:

338 850 405 873 Sunt
413 847 462 871 tibi
472 846 540 871 cona
550 845 660 876 quidem
671 845 734 870 nive
743 843 896 870 candidiora
905 853 913 874 ;
930 843 1033 869 recenti

372 887 422 912 sed
431 887 503 916 nive,
519 891 596 917 quae,
611 884 685 909 nullo
697 884 810 909 marcida
821 884 886 914 sole,
895 885 977 915 jacet.

326 950 434 990 Vulgo
452 948 631 989 intel-pungi
647 947 724 978 solet
738 947 779 978 ad
792 949 916 978 recenti.
940 946 1049 977 Ovidi-

325 1013 372 1037 uS,
401 1010 498 1031 amor.
513 999 534 1030 i.
555 1003 602 1030 13.
618 1002 668 1029 41.

323 1071 379 1094 Cur
389 1075 440 1101 ego
450 1068 552 1100 plectar
561 1073 664 1097 amans,
672 1066 694 1094 si
705 1067 754 1091 ’τὶν
763 1066 806 1091 tibi
817 1068 910 1090 marce!
921 1065 952 1090 ab
963 1063 1053 1089 annis?

322 1129 377 1170 qui
392 1128 480 1159 locus
489 1127 680 1158 Lucretiano
694 1126 833 1157 multum
847 1125 966 1156 similis.

367 1180 442 1209 Ver.
460 1183 530 1211 960.
556 1178 723 1218 Confectei:
751 1179 769 1208 i.
796 1188 822 1208 e.
845 1181 866 1195 “
887 1176 978 1207 annis
1002 1175 1050 1205 in-

323 1235 346 1250 ·‘
361 1231 559 1272 gravantibus
589 1229 775 1270 defatigati.''
813 1230 864 1260 De
889 1230 946 1259 hac
977 1238 1051 1258 voce

322 1287 465 1318 consulas
475 1285 748 1326 Oudendorpium,
759 1284 799 1315 ad
810 1284 949 1315 Frontin.
960 1288 1044 1313 strat.

320 1338 354 1369 ii.
369 1341 398 1370 5.
415 1341 442 1369 4.
468 1337 528 1368 Sed
551 1337 636 1368 enim
661 1336 738 1366 nihil
761 1346 839 1376 opus
861 1341 906 1365 est
922 1335 1051 1374 repetito

323 1392 414 1421 armis
429 1403 489 1421 omo
504 1402 600 1420 xme:
625 1389 668 1419 sic
692 1388 779 1419 enim
805 1388 946 1418 absolute
972 1386 1048 1418 Ovi-

322 1442 406 1481 dius,
429 1442 469 1472 ad
483 1442 551 1472 Liv.
567 1445 639 1472 124.

385 1510 477 1535 Gloria
486 1509 603 1542 consectae
613 1512 677 1535 nate
687 1508 812 1542 parentis,
829 1508 876 1532 ubi
889 1509 931 1533 es?

324 1568 368 1599 Et
382 1567 560 1607 Terentius,
585 1568 669 1599 And.
686 1568 716 1598 ii.
734 1571 760 1598 1.
777 1571 808 1599 3.

355 1651 406 1681 lta,
422 1654 482 1682 post
493 1657 575 1681 quam
594 1650 723 1681 adempta
739 1655 798 1681 spes
816 1651 867 1678 est,
883 1647 963 1672 lassus
974 1647 1050 1678 curi,

431 1691 565 1722 confectus,
573 1694 662 1722 stupet
671 1697 678 1715 :

323 1773 362 1803 ab
376 1772 435 1802 hac
449 1771 535 1802 enim
550 1761 749 1802 distinctione
763 1770 842 1801 vires
857 1769 989 1812 acquirit
1002 1769 1048 1800 lo-

323 1835 386 1855 cus.
422 1824 472 1855 Sic
488 1830 602 1862 noster,
625 1824 664 1855 vi.
682 1827 774 1855 1246.
799 1825 890 1855 lassei
902 1823 1051 1854 lacrumis

324 1877 484 1916 luctuque.-
516 1877 611 1906 habet
635 1881 741 1905 tamen
771 1875 873 1910 Maro,
906 1874 981 1904 AEn.
1011 1873 1050 1904 vi.

323 1931 394 1960 520.
410 1928 578 1968 confectum
593 1929 686 1963 curis,
699 1932 735 1957 ut
749 1926 823 1957 alibi
838 1938 912 1964 aevo,
929 1932 960 1956 et
973 1931 1050 1956 aeta-

321 1986 363 2017 te,
386 1981 554 2020 consectus.-
583 1979 653 2010 vide
670 1979 859 2014 Bentleium‚
883 1977 923 2008 ad
940 1977 1049 2008 Phaed.

326 2030 345 2060 i.
362 2033 411 2061 21.
439 2034 468 2061 3.
502 2030 591 2060 Hinc
620 2029 794 2060 emendabo
825 2028 1048 2066 Democharin,

323 2082 408 2122 apud
433 2082 592 2113 Rutilium
615 2082 756 2121 Lupum,
788 2082 806 2111 i.
836 2085 863 2111 2.
894 2091 922 2120 p.
947 2085 975 2112 9.
997 2079 1050 2120 qui

323 2133 410 2164 locus
424 2133 588 2174 ingenium
612 2132 795 2164 Ruhnkenii
817 2131 982 2162 infeliciter
1002 2131 1050 2161 lu-

319 2195 395 2215 sum
421 2185 536 2220 habuit,
560 2190 592 2215 et
617 2184 814 2225 exercitum:>
835 2187 857 2202 ‘⁶
874 2183 959 2213 Nam
982 2183 1052 2224 quis

323 2240 346 2255 ¹‘
361 2237 428 2267 haec
453 2236 549 2267 simul
571 2237 717 2267 universa
739 2235 857 2276 perpeti
883 2235 987 2275 possit,
1011 2236 1050 2265 ti-

323 2291 347 2306 ⁴⁴
362 2297 493 2324 morem,
519 2289 676 2324 morbum,
706 2293 911 2325 senectutem,
938 2292 1048 2317 contu-

324 2344 346 2359 “
362 2340 500 2377 meliam,
523 2341 674 2380 inopiam,
697 2339 780 2371 vim?
805 2349 938 2380 quarum
965 2350 1050 2380 quae-

324 2395 346 2410 ‘⁴
362 2392 407 2422 vis
422 2402 486 2422 una
499 2402 549 2423 res
563 2403 617 2432 per
627 2402 659 2422 se
671 2392 743 2422 satis
754 2391 856 2432 gravis
871 2397 915 2421 cst
928 2390 967 2420 ad
979 2402 1049 2422 con-

325 2445 554 2487 “ficiendum.''
600 2443 691 2474 Nihil
713 2443 835 2474 videtur
857 2442 971 2473 certius
993 2443 1052 2472 hac

320 2496 553 2534 emendatione,
576 2506 646 2537 quae
661 2506 698 2527 ex
717 2495 836 2526 Aldina
858 2495 990 2525 lectione
1003 2494 1049 2535 of-

313 2549 489 2589 ficientium
515 2547 646 2578 faciliter
671 2547 814 2588 profluit;
843 2557 945 2588 neque
969 2545 1051 2576 ultra

323 2597 559 2638 disquirendum
573 2605 696 2639 putem:
722 2599 823 2637 aliter,
847 2608 885 2629 ex
900 2596 1051 2637 scriptura

325 2647 476 2679 librorum
492 2650 696 2691 reliquorum,
711 2650 906 2691 efficiendum
921 2649 1050 2687 scilicet,

324 2700 408 2730 haud
423 2701 539 2732 violens
560 2703 697 2733 nimium
719 2708 855 2743 potestas
875 2702 1051 2742 defatigan-

324 2754 409 2790 dum,
442 2762 550 2783 vocem
584 2755 844 2792 venustissimam,
877 2755 1047 2796 effingeret.

325 2802 481 2843 Hegesias
503 2804 631 2842 ibidem,
654 2816 719 2845 cap.
747 2810 776 2838 7.
815 2810 837 2825 “
853 2805 1052 2838 Miseremini

326 2858 347 2872 “
365 2854 529 2899 senectutis
536 2866 545 2892 ;
570 2866 639 2895 quae
662 2866 713 2887 me
737 2858 831 2888 etiam
853 2857 921 2888 sine
935 2856 1053 2888 caeteris

325 2909 345 2922 “
362 2905 453 2936 malis
477 2905 611 2947 graviter
635 2907 812 2947 defungar?
859 2909 966 2944 Porro,
995 2919 1051 2939 con

1091 722 1122 746 et
1136 717 1170 746 ob
1186 713 1315 746 confusa
1331 712 1433 743 videas
1454 710 1494 742 ad
1518 719 1579 740 ver.
1596 712 1668 741 908.
1693 712 1729 738 ut
1743 706 1815 740 alibi

1090 777 1179 807 saepe.

1134 820 1210 850 Ver.
1228 823 1298 851 961.
1317 828 1440 859 perges:
1467 816 1510 846 ita
1533 815 1573 846 P.
1594 813 1690 845 vind.
1706 813 1746 844 V.
1769 811 1818 843 ed.

1093 872 1131 903 B.
1157 872 1197 902 O.
1214 877 1249 903 Δ.
1274 877 1314 902 Π.
1331 875 1366 902 Σ.
1390 875 1420 900 et
1435 868 1547 908 placet:
1574 866 1681 907 vulgo,
1695 875 1815 906 pergas.

1093 925 1270 955 —vz'ncere:
1298 929 1338 953 Π.
1355 924 1470 957 vivere;
1497 918 1582 961 quod
1604 927 1668 948 non
1693 915 1816 958 rejecis-

1095 984 1172 1011 sem,
1189 973 1214 1004 si
1226 973 1345 1004 codices
1356 972 1407 1003 alii
1418 971 1621 1003 addixissent:
1639 970 1721 999 hanc
1731 967 1819 998 enim

1095 1025 1267 1056 eorundem
1297 1025 1515 1055 vocabulorum
1545 1022 1721 1052 societatem
1751 1019 1817 1050 Lu-

1096 1076 1209 1107 cretius
1223 1076 1347 1107 deamat
1362 1082 1393 1106 et
1406 1075 1594 1115 frequentat:
1623 1073 1657 1102 in
1673 1071 1817 1102 dictioni-

1096 1130 1154 1158 bus
1169 1129 1264 1158 etiam
1278 1131 1342 1159 vivo
1357 1138 1393 1158 ac
1407 1129 1493 1158 vinco
1508 1124 1578 1155 libri
1589 1123 1686 1154 MSS.
1696 1121 1819 1152 variant

1096 1179 1135 1210 ad
1162 1179 1256 1211 Ovid.
1283 1185 1357 1210 met.
1384 1188 1432 1209 xv.
1457 1180 1531 1208 401.
1555 1175 1675 1206 Lucan.
1690 1173 1729 1204 vi.
1743 1175 1817 1204 302.

1094 1233 1143 1263 adi
1170 1230 1463 1262 Drakenborchium
1486 1230 1519 1259 in
1545 1227 1614 1259 Liv.
1635 1225 1698 1256 viii.
1722 1229 1772 1256 20.
1788 1228 1819 1255 6.

1094 1284 1148 1314 sed
1164 1284 1243 1314 nihil
1257 1284 1289 1313 in
1307 1284 1389 1314 Caro
1403 1279 1557 1312 demutari
1573 1278 1690 1309 malim.
1717 1275 1818 1307 Hunc

1093 1346 1218 1367 versum
1233 1335 1388 1376 Virgilius
1402 1332 1486 1364 haud
1497 1331 1590 1363 dubie
1599 1331 1633 1360 in
1647 1327 1746 1360 oculis
1759 1328 1818 1359 ha-

1093 1391 1193 1426 bebnt,
1215 1389 1254 1420 ad
1270 1399 1339 1430 geo.
1356 1388 1387 1419 ii.
1405 1389 1476 1419 295.

1123 1475 1432 1484 -—————
1441 1461 1596 1491 multosque
1605 1461 1726 1490 nepotes,

1125 1503 1210 1528 Multa
1221 1503 1311 1529 virum
1323 1501 1433 1527 volvens
1445 1499 1562 1525 durando
1572 1497 1666 1527 secula,
1681 1494 1768 1521 ‘vincit
1777 1502 1788 1520 .·

1094 1567 1116 1597 i.
1133 1578 1159 1598 c.
1183 1570 1205 1586 ‘⁴
1221 1566 1298 1598 dum
1313 1566 1415 1602 durat,
1437 1570 1469 1595 et
1483 1562 1571 1605 quasi
1593 1571 1666 1593 cum
1681 1565 1822 1599 tempore

1094 1623 1116 1638 “
1132 1619 1272 1650 volvente
1294 1618 1398 1654 volvit,
1421 1616 1518 1647 vincit
1537 1614 1655 1646 multos
1679 1617 1819 1651 nepotes,

1094 1674 1116 1690 “
1133 1678 1164 1702 et
1178 1671 1280 1702 multa
1293 1669 1427 1701 secula.”
1464 1667 1516 1698 Ad
1544 1664 1675 1698 Anthol.
1690 1663 1759 1695 Lat.
1786 1661 1818 1692 ii.

1095 1727 1166 1755 119.
1185 1726 1256 1754 159.
1279 1721 1391 1752 eodem
1412 1719 1507 1751 modo
1526 1717 1646 1749 codices
1660 1716 1741 1746 inter
1755 1716 1819 1746 vit-

1093 1777 1164 1805 isses
1176 1779 1207 1803 et
1217 1774 1336 1804 vicisses
1346 1771 1515 1808 fluctuant;
1531 1777 1667 1811 quorum
1678 1767 1737 1798 hoc
1745 1774 1820 1797 cum

1094 1826 1280 1857 Busmanno
1294 1823 1441 1865 equidem
1453 1822 1549 1863 longe
1563 1819 1731 1862 preferam:

1156 1899 1273 1924 Nestoris
1282 1897 1374 1923 annosi
1385 1897 1491 1922 vicisses
1501 1895 1595 1926 secula,
1608 1895 1631 1921 si
1641 1900 1687 1920 me

1188 1939 1344 1970 Dispensata
1355 1937 1404 1962 tibi
1414 1936 1529 1961 stamina
1539 1938 1622 1960 nente
1631 1934 1732 1959 forent.

1094 2001 1337 2044 Elegantissime
1350 2000 1373 2032 J
1376 1998 1524 2035 uvenalis,
1548 2003 1603 2028 sat.
1619 1997 1671 2027 xii.
1689 1998 1762 2026 128.

1126 2071 1208 2095 Vivat
1219 2069 1359 2099 Pacuvius,
1375 2073 1479 2100 quaeso,
1495 2066 1537 2092 vel
1550 2068 1655 2091 Nestora
1667 2066 1756 2089 sotum.

1140 2127 1220 2159 lbid.
1244 2129 1325 2159 Secla
1355 2125 1471 2156 scilicet
1492 2125 1661 2160 hominum,
1682 2130 1746 2151 non
1761 2130 1819 2150 απ·

1095 2191 1220 2211 norum:
1246 2178 1299 2209 sed
1322 2177 1391 2208 vide
1413 2186 1475 2207 ver.
1497 2177 1589 2206 1103.
1633 2172 1721 2213 Ergo
1745 2179 1822 2210 cape

1095 2232 1135 2262 de
1151 2231 1298 2262 omnibus
1309 2231 1394 2261 seclis
1403 2238 1554 2259 annorum
1566 2235 1666 2266 usque
1676 2222 1821 2263 adhujus

1093 2283 1205 2314 mundi
1221 2282 1361 2313 exitium.
1392 2281 1617 2311 Bennmus.
1661 2274 1821 2307 Posterior

1094 2333 1305 2374 interpretatio
1319 2338 1401 2363 certe
1414 2340 1487 2362 vera
1501 2335 1555 2361 est.

1138 2387 1213 2416 Ver.
1226 2389 1300 2417 69‘2.
1332 2384 1398 2414 Hic
1421 2392 1526 2413 versus
1549 2377 1671 2411 rubrica
1694 2382 1821 2408 notatur

1095 2439 1127 2469 in
1155 2439 1191 2469 L.
1215 2444 1247 2468 et
1272 2436 1403 2467 omnino
1426 2434 1512 2466 deest
1535 2433 1582 2464 M.
1611 2431 1705 2469 Sane,
1737 2428 1824 2460 salvo

1095 2500 1195 2525 sensu,
1217 2494 1338 2529 poterat
1364 2489 1483 2523 abesse3
1507 2484 1573 2523 sed,
1595 2482 1687 2514 nobis
1710 2480 1822 2512 saltem

1089 2542 1258 2584 judicibus,
1281 2547 1417 2580 αφελςιαιι
1442 2544 1536 2579 atque
1556 2537 1731 2567 ubertatem
1750 2531 1822 2572 styli

1093 2592 1272 2625 Lucretiani
1295 2591 1386 2622 valde
1412 2590 1506 2629 sapit,
1533 2593 1566 2619 et
1593 2596 1687 2629 aegtev
1703 2584 1820 2616 ferrem

1094 2651 1220 2688 egomet
1234 2644 1402 2675 sublatum.
1447 2641 1566 2673 Similis
1577 2645 1626 2672 est
1639 2636 1818 2670 redundan-

1094 2699 1138 2729 tia
1151 2697 1304 2728 sermonis
1319 2706 1392 2727 mox
1408 2696 1442 2725 in
1456 2704 1517 2725 ver.
1534 2695 1606 2725 968.

1138 2750 1211 2780 Ver.
1228 2752 1300 2781 963.
1321 2748 1548 2788 respondentus:
1573 2743 1618 2774 sic
1631 2739 1767 2773 universi
1783 2739 1821 2770 li-
1872 2755 1877 2759 ·

1094 2802 1156 2840 bri;
1178 2801 1331 2831 facessant
1352 2798 1449 2839 igitur
1470 2805 1544 2827 cum
1565 2804 1624 2825 suo
1640 2794 1824 2833 respondea—

1095 2865 1162 2886 mus
1186 2851 1385 2883 inscitissima
1408 2848 1564 2879 editorum
1589 2845 1687 2883 natio,
1709 2843 1823 2885 quibus

1096 2905 1200 2937 aderat
1229 2913 1286 2934 nec
1320 2899 1482 2932 tantillum
1514 2897 1613 2938 pensi,
1651 2893 1820 2936 splendida*
