1912 3292
442 267 674 317 LIBER
728 257 1109 319 QUARTUS.

156 407 365 461 Tempore
385 406 585 443 semotum
604 395 739 442 fuerit,
770 392 973 445 longeque
992 391 1207 426 remotum.

161 482 284 530 Quur
304 478 427 535 igitur
446 472 598 513 mirum
618 475 691 516 est,
723 465 882 506 animus
907 461 939 501 si
960 467 1107 500 caetera
1125 456 1274 511 perdit,

163 555 320 596 Praeter
340 561 462 604 quam
482 543 629 600 quibus
649 548 708 581 est
728 539 771 579 in
791 537 912 578 rebus
932 533 1093 574 deditus
1114 530 1221 585 ipse?

164 625 344 673 Deinde,
367 620 640 675 adopinamur
661 615 712 655 de
733 611 857 669 signis
877 621 1072 650 maxuma
1091 605 1243 660 parvis,

49 709 130 746 815
162 702 226 744 Ac
246 714 321 741 nos
341 698 384 738 in
404 693 591 736 fraudem
610 688 818 731 induimus
838 680 1110 725 frustraminis
1130 677 1243 733 ipsei.

221 774 290 815 Fit
308 784 486 828 quoque,
517 773 563 807 ut
582 761 790 805 interdum
814 773 900 799 non
920 753 1201 810 subpeditetur
1220 750 1358 805 imago

25 950 199 986 Nimirum,
221 945 301 977 nihil
322 944 469 974 viderunt
484 937 664 971 Lucretiani
686 947 747 967 ser-

24 1002 127 1034 monis
142 999 292 1036 indolem,
308 993 497 1027 suavissimis
511 992 665 1022 variarum
676 1000 749 1019 con-

25 1053 234 1086 structionum
260 1045 467 1080 condimentis
489 1043 604 1083 passim
626 1050 751 1072 summo

26 1104 131 1136 studio
145 1100 309 1142 conspersi.
354 1100 393 1129 Id
417 1105 542 1134 nempe,
567 1093 616 1123 vel
630 1104 665 1123 ea
693 1102 751 1128 res,

27 1161 49 1176 ‘⁶
65 1162 209 1188 semotum
231 1151 338 1188 fuerit,
364 1149 448 1190 quod
471 1141 751 1184 contemplamur.‘’

28 1207 212 1240 Gemellum
225 1209 389 1235 structurae
401 1200 558 1240 specimen
572 1196 752 1235 nuperrime

27 1258 290 1293 confirmavimus,
321 1255 361 1285 ad
383 1263 444 1284 ver.
467 1254 537 1282 804.
583 1247 753 1280 Rarissime

28 1313 96 1343 sine
117 1311 255 1341 maximo
277 1305 415 1347 periculo
437 1302 554 1344 peccati
575 1306 682 1331 contra
703 1309 753 1328 ve-

29 1363 216 1395 tustissimos
248 1359 323 1390 Cari
351 1357 471 1388 codices
500 1353 607 1384 novari
643 1355 757 1390 potest;

32 1425 133 1456 neque
162 1411 211 1442 vel
239 1411 277 1440 de
310 1407 451 1439 minimis
487 1402 759 1435 immutationibus

30 1464 177 1508 prudenti
191 1462 299 1494 critico
317 1458 447 1500 cogitari
462 1457 565 1493 debet,
589 1454 649 1484 nisi
675 1451 755 1483 saeva

33 1522 170 1564 quadam
197 1516 377 1550 necessitate
405 1513 492 1554 leges
519 1521 591 1542 suas
620 1510 649 1539 ei
678 1508 755 1538 irro-

33 1579 136 1616 gante.

78 1634 153 1663 Ver.
171 1635 242 1662 812.
263 1632 306 1661 si:
332 1628 380 1658 M.
403 1636 459 1667 que
474 1626 502 1655 si
507 1640 517 1660 ,·
544 1633 580 1653 ac
605 1621 631 1651 si
657 1619 759 1657 vellet,

35 1685 141 1725 quasi:
167 1681 252 1723 quod
265 1687 372 1711 tamen
385 1677 436 1707 hic
451 1676 558 1706 locum
578 1683 642 1703 non
657 1672 757 1701 habet.

38 1736 136 1773 -Et‚
157 1744 214 1774 pro
235 1730 398 1763 communi
419 1730 491 1763 Cur,
516 1733 556 1756 Π.
577 1726 657 1758 Qum
684 1721 764 1752 anti-

41 1796 137 1828 quam
157 1781 410 1824 orthographiam
431 1777 572 1818 proxime
593 1774 762 1813 attingens:

44 1845 88 1868 Ω.
107 1848 184 1868 cum.

84 1888 160 1918 Ver.
177 1889 248 1917 815.
273 1887 410 1915 Praeter:
436 1881 479 1910 ita
502 1879 540 1910 P.
555 1876 652 1909 Vind.
677 1882 716 1906 Π.
734 1878 769 1905 Σ.

45 1939 156 1975 caeteri‚
196 1940 366 1971 Praeterea;
412 1932 505 1963 metri
541 1927 771 1961 conditionibus

45 1992 244 2021 vehementer
258 1984 506 2017 reclamantibus.

91 2042 164 2072 Ver.
183 2043 254 2070 814.
276 2039 498 2078 adopinamur:
533 2033 572 2063 O.
600 2033 771 2070 adopinan-

48 2101 114 2129 nar,-
133 2091 261 2122 librario
274 2090 397 2120 literam
412 2098 441 2117 m
457 2095 522 2115 non
538 2082 703 2114 difficiliter
717 2089 773 2120 pro

50 2152 83 2177 nt
99 2144 252 2184 capiente:
279 2140 363 2182 quod
377 2144 424 2169 est
438 2147 476 2168 ex
488 2135 597 2166 multis
608 2142 775 2174 argumen-

49 2198 101 2236 tis,
130 2197 215 2226 hunc
241 2194 368 2230 librum,
401 2196 438 2220 ut
459 2195 495 2219 ut
516 2186 776 2220 recentissimum,

52 2248 156 2287 scripti
171 2245 334 2286 cujusdam
351 2252 416 2273 esse
431 2240 661 2281 autographum
675 2242 776 2267 osten-

53 2299 207 2330 dentibus.

99 2349 179 2381 Ibid.
204 2348 379 2378 induimus:
405 2348 440 2374 Δ.
463 2344 617 2376 indimur;
642 2349 680 2369 ex
695 2337 781 2368 scioli

59 2398 223 2440 cujusdam
238 2394 504 2434 interpretatione:
532 2398 563 2422 et
579 2393 660 2421 hanc
675 2398 783 2419 vocem

59 2449 200 2492 sequenti
228 2444 652 2487 postponit—frustraminis
688 2441 780 2480 ipsez':

58 2504 103 2534 ita
118 2512 176 2532 nos
189 2510 259 2530 vere
279 2497 431 2537 scripsisse
453 2496 503 2525 vix
519 2500 620 2535 potest
634 2491 784 2528 dubitari;

60 2555 96 2586 L.
113 2564 178 2584 non
193 2552 293 2589 aliter,
299 2550 456 2591 frustrum
473 2550 534 2578 inis
547 2549 614 2586 ipsi,
630 2544 689 2574 nisi
703 2542 787 2583 quod

60 2607 230 2638 dictionem
245 2613 337 2643 prave
357 2605 489 2640 separet:
516 2597 613 2628 Vind.
630 2598 666 2627 B.
685 2596 726 2626 O.
752 2599 787 2624 Δ.

65 2666 108 2690 Π.
126 2663 161 2690 Σ.
180 2664 224 2688 Ω.
236 2655 457 2697 frustranz'mis
481 2653 541 2691 ipsi
547 2666 556 2686 ;
583 2649 694 2679 iisdem
719 2647 788 2677 lite-

65 2720 172 2740 rarum
186 2708 339 2742 ductibus,
352 2712 383 2735 et
397 2703 564 2735 certissime
579 2700 710 2732 eandem
725 2699 790 2729 dic-

67 2761 186 2791 tionem
214 2758 365 2789 volentes:
403 2756 444 2785 V.
469 2754 516 2785 ed.
534 2753 660 2794 frustra
690 2752 791 2781 minus

67 2813 129 2852 ipsi
136 2825 146 2846 ;
176 2810 273 2841 ductu
302 2807 441 2848 simplice
470 2812 708 2844 supervacaneo:
744 2800 793 2831 M.

57 2863 340 2904 frustraminipsz‘8;
367 2860 404 2890 P.
416 2859 614 2900 frustramur
629 2861 656 2885 ει
672 2855 743 2893 ipsi,
759 2857 795 2881 ut

68 2913 144 2944 editi
167 2921 363 2948 communes;
386 2909 470 2951 quod
485 2906 664 2939 correctoris
685 2913 791 2934 recen-

64 2964 150 2995 tioris
171 2962 438 3002 importunitatem
461 2959 575 2998 resipit.
621 2955 790 2989 Nimirum,

793 941 967 972 inauditam
996 946 1103 967 vocem
1133 933 1208 964 boni
1237 931 1293 961 viri
1330 938 1518 969 concoquere

794 993 991 1034 nequierunt,
1008 995 1039 1019 et
1054 988 1163 1028 ejicere
1178 988 1325 1015 contextu
1340 981 1518 1011 voluerunt:

795 1052 827 1076 at
841 1050 968 1075 centum
983 1046 1056 1071 sunt
1071 1049 1151 1069 nova
1171 1038 1280 1073 ferme,
1308 1039 1339 1064 et
1360 1033 1412 1062 vix
1436 1031 1520 1067 alibi,

796 1104 832 1129 ut
857 1097 1039 1137 plurimum,
1065 1097 1196 1132 reperta,
1219 1089 1344 1128 paribus
1370 1085 1521 1116 conditio-

797 1150 888 1180 nibus
903 1145 1091 1187 expellenda,
1115 1144 1148 1173 in
1171 1141 1307 1172 carmine
1324 1137 1522 1169 Lucretiano.

796 1202 847 1231 De
863 1202 921 1230 hoc
936 1199 1006 1228 loco
1019 1207 1083 1226 non
1099 1195 1194 1224 aliam
1205 1190 1391 1222 sententiam
1402 1188 1525 1218 dudum

797 1253 870 1283 tulit
901 1249 1064 1284 Heinsius,
1094 1247 1127 1275 in
1157 1243 1240 1274 notis
1270 1242 1337 1281 ejus
1367 1239 1406 1269 ad
1434 1237 1525 1268 Ovid.

801 1303 886 1342 epist.
910 1300 974 1330 xiii.
993 1301 1061 1329 155.
1084 1295 1138 1337 qui
1161 1293 1291 1324 omnino
1317 1288 1527 1321 consulendus

802 1360 847 1384 est
863 1351 971 1383 lectori
985 1359 1065 1379 meo.
1112 1347 1280 1380 Caeterum,
1303 1343 1401 1372 literae
1423 1343 1458 1371 nz‘
1471 1349 1527 1378 pro

802 1419 843 1444 m,
866 1411 903 1435 ut
917 1413 1021 1442 supra,
1044 1399 1181 1430 insident
1198 1397 1334 1437 glossam
1350 1392 1530 1428 Philoxeni,

799 1468 894 1500 quam
937 1453 1123 1485 emendabo:
1392 1445 1526 1476 Canibio.

800 1511 897 1549 Lege,
917 1507 1046 1538 Cambio.

1172 1450 1342 1489 Αμειξομαι·

844 1570 918 1600 Ver.
947 1568 1018 1597 815.
1041 1576 1094 1595 nos
1124 1565 1156 1593 in
1169 1562 1320 1603 fraudem
1351 1558 1525 1588 induimus:

804 1623 823 1653 i.
840 1632 864 1652 e.
879 1618 1057 1654 inferimus,
1073 1614 1239 1656 injicimus.
1284 1609 1418 1646 Gellius,
1434 1607 1464 1638 ii.
1480 1610 1530 1637 29.

807 1673 846 1704 de
863 1671 982 1708 AEsopo
1004 1665 1316 1707 appositissimez—“
1329 1660 1455 1690 festivos
1476 1657 1531 1687 de-

810 1728 832 1743 “
848 1719 1065 1759 lectabilesque
1084 1715 1232 1755 apologos
1256 1716 1459 1743 commentus,
1485 1717 1535 1738 res

811 1779 834 1794 “
849 1773 1012 1805 salubriter
1038 1781 1072 1800 ac
1097 1766 1318 1808 prospicienter
1341 1761 1535 1793 animadver-

812 1830 835 1845 “
851 1836 910 1863 sas,
944 1826 977 1854 in
1008 1826 1119 1852 mentes
1148 1818 1330 1857 animosque
1359 1814 1536 1846 hominum,

813 1881 836 1896 ‘⁶
852 1886 925 1907 cum
935 1872 1083 1905 audiendi
1094 1869 1229 1911 quadam
1240 1863 1390 1900 illecebra,
1404 1860 1538 1894 induz't.”

815 1930 896 1965 Quae
925 1923 1102 1956 Gronovius
1125 1921 1168 1951 ibi
1195 1920 1234 1950 de
1261 1915 1387 1952 Seneca,
1415 1913 1538 1950 Tacito,

815 1986 846 2011 et
862 1977 999 2018 Apuleio
1014 1974 1103 2005 nobis
1125 1970 1273 2007 obmovit‚
1300 1977 1424 2008 prorsus
1439 1965 1541 1995 aliena

817 2037 898 2067 sunt,
940 2035 1032 2068 atque
1073 2021 1321 2063 tempestivitatis
1357 2017 1542 2058 indigentia.

818 2081 995 2115 Translatio
1025 2084 1070 2109 est
1099 2078 1138 2106 ab
1166 2074 1281 2109 avibus,
1311 2071 1359 2101 vel
1391 2069 1478 2106 feris,
1512 2068 1545 2097 in

820 2145 918 2166 casses
932 2129 1158 2163 incidentibus:
1185 2125 1270 2156 unde
1285 2121 1459 2154 Lambinus
1474 2119 1545 2158 pul-

821 2188 894 2217 chre
909 2181 1054 2223 apposuit
1082 2179 1186 2210 Plaut.
1203 2176 1271 2206 Cas.
1294 2175 1312 2204 i.
1337 2175 1386 2204 25.
1409 2177 1440 2202 et
1457 2170 1547 2201 Cice·

820 2249 942 2276 ronem,
968 2236 1007 2266 de
1032 2233 1092 2264 div.
1119 2232 1150 2262 ii.
1169 2233 1217 2261 17.
1241 2232 1263 2247 ‘⁴
1281 2228 1347 2258 Cur
1373 2226 1470 2266 igitur
1496 2232 1549 2252 vos

824 2295 993 2326 “induitis
1019 2294 1053 2322 in
1081 2299 1132 2319 eas
1157 2288 1321 2328 captiones,
1348 2293 1425 2323 quas
1454 2289 1547 2310 num-

826 2352 848 2367 “
865 2356 960 2387 quam
997 2338 1194 2382 explicetis?”
1240 2337 1279 2368 ad
1315 2344 1409 2375 quem
1446 2332 1551 2362 locum

828 2397 1018 2430 Manucium
1040 2392 1154 2429 videas,
1181 2395 1212 2419 et
1234 2387 1430 2428 potissimum
1454 2381 1552 2412 Davi-

827 2451 917 2481 sium.
965 2445 1057 2476 Adde
1075 2442 1212 2473 eundem
1230 2438 1383 2472 Tullium,
1413 2435 1447 2466 in
1463 2434 1552 2463 Verr.

829 2512 856 2532 v,
871 2505 921 2532 529.
938 2498 1005 2528 init.
1027 2506 1084 2536 pro
1105 2494 1241 2524 Muraen.
1259 2492 1310 2520 25.
1336 2485 1454 2518 Acadd.
1478 2484 1509 2514 ii.
1527 2487 1556 2514 6.

831 2558 862 2583 et
876 2551 914 2582 de
929 2550 1094 2579 verborum
1109 2546 1203 2575 induo
1226 2547 1257 2572 et
1276 2541 1365 2570 inbuo
1382 2540 1557 2567 commuta-

832 2605 928 2640 tione,
948 2598 1168 2634 Arntzenium,
1185 2594 1224 2624 ad
1241 2592 1322 2623 Plin.
1337 2599 1447 2630 paneg.
1463 2586 1558 2617 lxxxi.

834 2661 862 2687 2.
888 2656 1054 2687 Caeterum,
1081 2650 1155 2679 hinc
1178 2645 1353 2687 legitimam
1378 2640 1488 2679 accipit
1510 2638 1559 2668 iu-

834 2704 1088 2746 terpretationem
1102 2698 1265 2739 Virgilius,
1291 2695 1331 2725 ad
1348 2695 1421 2724 AEn.
1445 2702 1473 2721 x.
1490 2693 1562 2721 682.

835 2761 890 2792 ubi
907 2757 1054 2797 Heynius
1069 2759 1100 2784 et
1117 2751 1242 2783 Servius
1263 2749 1297 2779 in
1311 2745 1411 2778 crassa
1427 2745 1564 2775 nimium

838 2810 971 2851 caligine
986 2808 1049 2838 sint
1063 2803 1188 2836 versati:

871 2904 912 2929 An
923 2907 978 2925 sese
988 2903 1105 2923 mucrone
1115 2895 1149 2920 ob
1160 2895 1269 2918 tantum
1279 2890 1394 2916 dedecus
1405 2891 1498 2911 amens

872 2941 977 2970 Induat,
988 2943 1015 2965 et
1027 2937 1141 2963 crudum
1153 2941 1200 2967 per
1211 2935 1296 2958 costas
1307 2930 1400 2961 exigat
1411 2924 1518 2952 ensem?
