1912 3292
484 226 717 274 LIBER
765 228 1116 282 TERTIUS.

1459 252 1548 292 135

88 354 167 389 865
201 352 309 402 Quei
329 353 490 395 fiiimus:
521 369 597 395 nec
609 357 696 410 jam
717 357 769 398 de
787 358 863 399 illis
882 374 958 401 nos
978 362 1117 405 adficit
1137 381 1282 424 angor,

200 426 316 475 Quos
336 428 387 468 de
405 429 573 470 materia
594 431 734 473 nostra
754 447 862 475 nova
881 435 1060 489 proferet
1079 449 1191 482 aetas.

193 500 316 550 Nam,
338 516 462 556 quom
482 504 671 558 respicias
689 506 864 550 inmensi
884 512 1080 565 temporis
1102 529 1228 556 omne

193 573 452 616 Praeteritum
472 579 665 632 spatium3
699 589 786 623 tum
805 592 942 626 motus
961 588 1146 629 materiai·

189 646 450 691 Multimodei
471 667 594 707 quam
614 655 713 706 sint3
745 656 860 699 facile
879 658 995 701 hocc’
1016 661 1239 705 adcredere
1257 667 1402 720 possis,

74 721 154 760 870
185 720 353 763 Semina
373 739 479 779 saepe
499 726 542 767 in
563 729 723 781 eodem,
746 740 792 773 ut
812 747 922 774 nunc
943 744 1053 786 sunt,
1076 737 1221 779 ordine
1239 749 1374 794 posta:

41 873 119 904 tium
134 881 285 914 nostrum,
310 880 457 913 referunt.
504 884 646 916 Omnino
667 887 764 928 igitur

40 934 161 955 versum
175 928 374 961 retinendum
387 932 527 965 arbitror.

81 976 161 1009 Ibid.
171 980 305 1021 Jmfferet
319 988 402 1014 aetas.
447 985 610 1024 Horatius,
634 989 720 1029 epist.
738 992 757 1022 i.

37 1031 65 1058 6.
81 1032 132 1059 ⁴24.

35 1089 171 1121 Quidquid
181 1093 229 1118 sub
241 1095 312 1120 terri
324 1099 375 1127 est,
395 1097 422 1122 in
433 1098 555 1130 apricum
563 1102 674 1133 preferet
683 1107 753 1129 aetas.

35 1136 145 1172 Quum
158 1150 231 1171 vero
252 1143 291 1173 de
305 1144 470 1185 gignendis
491 1138 670 1181 hominibus
688 1152 754 1182 Lu-

32 1189 146 1220 cretius
166 1192 324 1234 loquatur,
347 1208 425 1238 quos
446 1206 524 1231 satos
547 1212 613 1232 esse
627 1204 754 1244 scripto-

32 1248 81 1270 res
102 1244 216 1281 passim
241 1246 357 1284 dicunt,
381 1250 461 1281 forte
486 1261 526 1282 an
552 1253 669 1294 aliquid
692 1256 754 1286 ele-

30 1293 158 1330 gantius
172 1295 226 1326 ille
239 1299 407 1340 scripserit,
431 1303 471 1332 ad
486 1305 571 1334 hunc
587 1306 732 1337 modum:

57 1359 129 1389 Quos
139 1361 174 1386 de
185 1364 298 1389 materia
316 1367 406 1391 nostri
418 1374 488 1393 nova
495 1373 606 1401 promet
616 1376 693 1397 aetas.

27 1414 79 1445 De
98 1417 158 1447 hac
171 1420 356 1453 confusione
371 1427 524 1457 nonnulla
545 1428 683 1461 diximus
697 1441 748 1462 su-

26 1467 138 1504 perius,
161 1469 202 1500 ad
214 1471 245 1502 ii.
263 1477 333 1505 211.
357 1477 442 1507 unde
467 1479 579 1510 rectius
604 1483 748 1514 restituas

23 1517 149 1551 Julium
162 1522 347 1565 Fir-mim,
364 1538 392 1567 p.
408 1533 480 1561 425.
507 1535 529 1550 “
544 1533 632 1564 Mars
646 1535 741 1573 enim,

25 1572 47 1588 “
62 1570 96 1602 in
118 1574 202 1611 porci
220 1577 371 1616 sylvestris
393 1583 526 1621 speciem
546 1585 743 1629 formamque

24 1623 46 1638 “
60 1630 208 1665 mutatus,
223 1635 259 1659 ut
273 1630 331 1660 sibi
345 1632 462 1671 primas
476 1642 576 1674 partes
590 1638 623 1668 in
637 1649 742 1671 amore

23 1676 45 1692 “
61 1674 192 1708 Veneris
206 1679 384 1719 vindicaret,
399 1684 524 1717 incaute
534 1695 642 1720 contra
652 1702 682 1722 se
687 1692 740 1732 fi-

20 1727 42 1746 “
57 1735 169 1761 rentem
185 1733 318 1770 percutit
328 1734 509 1775 juvenem.”
533 1740 739 1780 Membranae,

17 1788 179 1812 serentem:
197 1793 252 1821 per
260 1786 351 1825 cujus
361 1787 496 1826 priorem
506 1790 655 1830 syllabam
666 1803 737 1831 pro-

17 1842 134 1863 nomen
148 1835 290 1874 perierat,
315 1838 361 1867 uti
383 1849 596 1879 saepenumero
620 1844 739 1875 factum

19 1889 72 1914 est.
97 1884 274 1922 Gronovius
289 1890 436 1928 reposuit,
451 1902 480 1922 se
495 1899 640 1925 ruentem.
666 1895 738 1926 Flo-

15 1945 80 1973 rus¹
102 1936 141 1967 iv.
160 1941 207 1968 ll.
225 1942 252 1969 7.
276 1943 298 1958 “
312 1941 444 1981 Quippe,
459 1943 612 1976 immensa
623 1947 737 1985 classis,

14 1989 36 2006 “
52 1987 218 2029 naufragio
231 1990 305 2020 belli
319 1992 414 2031 facto,
442 2001 508 2026 toto
521 1997 600 2027 mari
611 1999 736 2039 fereba-

15 2039 38 2055 “
50 2039 144 2068 ια’-,Ρ
166 2040 244 2076 imo,
257 2045 419 2081 serebatur,
435 2046 469 2076 ni
482 2047 588 2086 fallor;
604 2060 678 2080 nam
693 2050 732 2081 de

0 2087 217 2130 fragminibus
237 2100 269 2123 et
289 2096 388 2126 ruinis
410 2096 555 2139 loquitur.
599 2101 731 2143 Perlege

0 2143 176 2182 ;sequentia.
219 2146 482 2187 Dz'spergebantur
495 2151 623 2183 scilicet.
661 2153 728 2184 Eu-

0 2191 130 2256 jripides,
155 2195 251 2226 Herc.
263 2196 323 2228 fur.
342 2202 432 2230 1101.

0 2258 1 2310 i
46 2268 169 2303 Πτερωτα
180 2269 201 2295 τ’
214 2279 289 2305 εγχη,
309 2274 372 2304 ‘roga
385 2272 416 2305 τ’,
438 2276 624 2303 ΕΣΠΑΡΤΑῙ
636 2278 706 2313 πέδῳ.

32 2684 238 2728 ulgo,serens.
263 2690 364 2728 Silius,
380 2693 463 2724 Pun.
475 2694 517 2725 iii.
534 2699 605 2727 448.
620 2696 665 2727 ita
678 2697 717 2729 de

109 2749 156 2775 no,
179 2741 234 2771 ubi
259 2741 363 2773 videas
386 2744 493 2776 doctos
521 2748 715 2780 animadver-

56 2870 201 2902 Aggeribus
208 2879 290 2907 caput
300 2877 402 2910 Alpinis
413 2883 440 2905 et
451 2887 517 2913 rupe
527 2881 607 2907 nivali

57 2911 166 2938 Proser-it
174 2914 200 2940 in
210 2917 368 2946 celtas—.

36 2958 123 2992 Vox„
141 2961 188 2994 11.
701 2975 734 3006 K

851 889 925 921 Ver.
944 894 1015 922 867.
1030 904 1137 932 quom:
1159 900 1192 924 A.
1209 897 1399 927 ema-Mox
1416 905 1456 929 Π.
1474 910 1535 931 mo-

805 947 879 972 tum.

847 993 921 1023 Ver.
938 998 1009 1026 869.
1033 997 1244 1029 Multimodei:
1272 1005 1306 1030 Δ.
1326 1002 1535 1042 Multimodis,-

801 1043 855 1073 sed
870 1054 934 1075 non
950 1048 1132 1078 accesserim
1147 1049 1304 1090 equidem,
1327 1054 1469 1093 quamvis
1483 1066 1532 1086 re-

799 1106 887 1138 cepta
902 1100 1019 1132 locutio
1035 1113 1116 1134 nova
1131 1105 1170 1134 sit
1186 1111 1297 1142 nostro,
1314 1117 1416 1148 neque
1429 1109 1464 1139 in
1479 1120 1531 1141 re-

798 1153 902 1194 liquiis
927 1167 1095 1187 aureorum
1127 1159 1304 1189 seculorum
1333 1169 1525 1200 compareat:

798 1205 846 1234 usi
863 1212 936 1236 sunt
952 1207 1116 1245 Apuleius,
1140 1209 1343 1246 Prudentius,
1368 1217 1400 1241 et
1411 1212 1465 1242 alii
1479 1224 1528 1244 se-

803 1256 925 1295 quiores
931 1269 941 1294 3
966 1268 1030 1288 non
1058 1264 1173 1295 tamen,
1197 1261 1318 1300 opinor,
1345 1262 1527 1302 adhibituri,

802 1307 863 1337 nisi
884 1308 918 1338 in
940 1310 1116 1347 purissimis
1139 1310 1302 1343 literarum
1324 1315 1527 1348 monimentis

800 1354 1219 1394 invenissent—adcredere:
1242 1364 1281 1395 Ο.
1298 1370 1332 1396 Δ.
1349 1369 1382 1397 z'd
1397 1370 1525 1401 eredere.

793 1408 925 1440 Plautus
938 1417 1055 1447 autem,
1080 1413 1172 1444 Asin.
1188 1414 1234 1445 iii.
1251 1418 1281 1446 3.
1295 1420 1348 1448 57.

884 1483 947 1516 Quis
957 1491 1021 1509 nam
1031 1485 1102 1510 istuc
1112 1486 1234 1511 adcredat
1245 1489 1310 1514 tibi?

829 1555 903 1585 Ver.
922 1559 994 1587 871.
1027 1560 1262 1598 reprehendere:
1287 1561 1308 1592 i.
1335 1572 1362 1593 e.
1393 1573 1520 1596 rursum

785 1607 984 1644 prehendere,
1006 1614 1042 1638 ut
1058 1614 1234 1649 repetentia,
1257 1622 1318 1644 ver.
1343 1618 1414 1646 865.
1442 1619 1517 1648 reti-

785 1660 900 1693 nentia,
925 1670 986 1690 ver.
1003 1664 1076 1692 675.
1091 1668 1123 1692 et
1137 1662 1212 1694 alibi
1227 1664 1261 1693 in
1275 1665 1334 1696 hac
1349 1676 1424 1698 voce
1438 1678 1512 1699 nos-

784 1717 840 1742 ter.
885 1713 1002 1750 Cicero,
1017 1715 1052 1745 in
1062 1716 1153 1747 Verr.
1164 1718 1207 1749 iii.
1219 1722 1339 1749 20.—“
1351 1721 1438 1760 quod
1448 1728 1514 1753 erat

786 1767 808 1782 “
823 1764 1036 1804 imprudentia}
1067 1770 1319 1807 praetermissum,
1345 1772 1388 1808 id,
1413 1783 1513 1814 quas-

783 1819 805 1833 “
820 1821 855 1846 tu
886 1827 921 1847 ac
949 1823 1088 1858 tempore
1117 1821 1304 1859 admonitus,
1347 1827 1508 1864 reprelcew-

781 1868 888 1898 disci.’'
927 1869 1069 1908 Ovidius,
1092 1872 1179 1911 epist.
1203 1874 1245 1904 xi.
1264 1878 1315 1906 55.
1337 1877 1422 1907 haud
1437 1888 1511 1918 ope-

780 1929 848 1949 ram
863 1920 962 1951 levem
978 1929 1084 1954 navat:

811 1993 947 2019 Continuo
958 1995 1085 2027 gemitus,
1101 1997 1242 2029 elapsaque
1252 2000 1344 2030 verba,
1360 2002 1491 2033 reprendo.

778 2063 975 2096 Glossarium
985 2073 1087 2098 vetus:
1107 2071 1129 2086 “
1143 2071 1354 2110 Reprehendo,
1365 2080 1503 2114 κυκλαμ-

775 2118 796 2132 “
813 2116 916 2147 ‘saw‘
941 2117 1053 2158 Neque
1065 2118 1154 2150 aliter
1169 2120 1235 2151 alii:
1256 2122 1388 2154 editores
1397 2130 1503 2156 tamen

773 2166 963 2204 Lucretiam,
981 2179 1045 2200 non
1059 2177 1170 2210 praeter
1184 2172 1313 2203 solitum
1328 2174 1428 2205 nihilo
1442 2176 1502 2206 mi-

772 2226 832 2247 nus
846 2219 978 2250 audaces
992 2231 1028 2251 ac
1043 2222 1210 2260 temerarii,
1237 2234 1294 2254 suo
1309 2226 1429 2256 auctori
1444 2228 1499 2258 ob-

772 2269 895 2300 trudere
910 2272 979 2302 ausi
993 2279 1076 2308 sunt,
1092 2276 1283 2314 deprendere.
1311 2282 1346 2307 A.
1361 2278 1501 2317 profecto

771 2321 865 2352 habet
879 2323 960 2353 hanc
979 2334 1101 2362 vocem3
1125 2326 1178 2357 sed
1199 2328 1352 2358 recentior
1373 2336 1418 2359 est
1440 2330 1499 2361 iste

718 2403 725 2409 ,
771 2373 878 2410 codex,
901 2385 996 2416 quam
1011 2377 1063 2406 cui
1073 2377 1234 2409 fidendum
1251 2380 1289 2409 sit
1305 2387 1410 2410 contra
1427 2381 1495 2420 plu-

769 2434 817 2454 res
846 2425 940 2456 libros
968 2428 1163 2469 antiquiores,
1187 2431 1304 2461 nedum
1333 2432 1494 2463 universo-

768 2484 840 2505 rum
855 2478 1040 2510 unanimem
1054 2491 1250 2513 consensum.

811 2527 883 2559 Ver.
898 2533 972 2560 872.
995 2533 1101 2563 Inter:
1130 2540 1170 2564 11.
1187 2536 1422 2565 Intus.—m·ta'z·.·
1448 2536 1489 2567 V.

765 2578 814 2608 ed.
831 2584 865 2610 A.
880 2583 1090 2623 vitm—vage:
1110 2584 1147 2614 P.
1160 2585 1342 2624 nagan—In
1357 2596 1489 2626 sequen-

765 2636 807 2668 te,
832 2636 865 2661 A.
888 2634 1003 2670 praebet
1017 2646 1048 2672 a,
1071 2646 1127 2674 pro
1141 2637 1189 2666 ab.

809 2682 890 2713 Ibid.
914 2686 990 2714 υιίαϊ
1008 2696 1125 2725 pausa:
1163 2687 1182 2715 i.
1203 2697 1228 2717 e.
1255 2697 1350 2717 mors:
1386 2694 1417 2718 et
1441 2689 1486 2720 sic

759 2733 826 2763 sine
854 2734 1002 2775 adjuncto
1038 2737 1294 2775 Commodianus,
1331 2739 1485 2772 instructt.

759 2785 822 2815 xh'i.
838 2789 888 2817 27.

822 2855 972 2884 pausantes,
986 2854 1015 2879 in
1026 2855 1097 2880 lecto
1107 2863 1155 2881 suo
1166 2859 1272 2882 mature
1282 2857 1428 2884 recedunt:

758 2917 812 2947 ubi
826 2923 961 2949 veterem
976 2919 1209 2960 inscriptionem
1217 2931 1256 2951 ex
1270 2921 1406 2953 Grutero
1422 2921 1478 2952 Ri-
