1912 3292
450 218 681 267 LIBER
720 214 1100 272 QUARTUS.

1439 221 1466 260 10

1474 219 1499 265 q

1508 220 1536 261 01

181 352 222 392 A
242 350 358 392 terris
377 354 575 403 quantum
595 345 686 386 coeli
705 352 817 398 patet
837 344 939 383 altus
959 342 1114 392 hiatus3

68 429 151 466 420
182 424 334 466 Nubila
352 420 572 474 despicere,
595 424 636 457 et
655 416 821 457 coelum:
857 424 902 456 ut
922 415 1084 456 videare
1105 416 1248 457 videre

184 499 371 552 Corpora
388 491 575 533 mirande
595 491 670 531 sub
690 498 833 540 terras,
857 490 997 530 abdita
1017 489 1132 530 coelo.

239 568 444 622 Denique,
467 566 537 606 ubi
557 565 601 605 in
622 564 758 605 medio
778 564 897 605 nobis
917 578 1044 619 equus
1065 577 1158 604 acer
1178 562 1352 603 obhaesit

44 728 164 760 erudite
176 724 358 757 Lucretium
374 723 531 761 adhibuit;
547 729 577 754 et
590 723 685 764 vulgo
694 723 767 754 scri-

42 780 132 815 bitur,
157 782 179 798 “
196 777 336 808 Liberior
351 776 540 816 campi—.-‘’

74 871 164 894 Tanta
176 871 251 900 patet
262 867 357 896 moles,
375 866 520 896 effusaeque
531 866 636 897 impetus
646 866 733 896 au1ae;

75 908 194 933 Liberior
206 913 322 936 camerae,
333 905 506 936 multumque
517 905 659 937 amplexus
670 905 756 937 aperti

62 957 64 962 ,
75 946 208 972 AEtheros.

46 1035 141 1065 Unde
155 1033 340 1072 corripiendi
355 1038 428 1063 sunt
439 1032 665 1070 emendatores,
682 1037 711 1062 et
723 1032 771 1061 in-

45 1091 191 1125 terpretes
213 1084 361 1121 docendi,
385 1084 425 1114 ad
450 1084 580 1114 Caesaris
603 1084 640 1114 Β.
666 1083 704 1113 G.
727 1083 769 1113 iii.

46 1140 145 1166 8.—“
161 1136 195 1166 in
210 1145 328 1175 magno
343 1137 448 1174 inpetu
463 1137 558 1165 maris
571 1140 664 1174 atque
679 1145 768 1174 aper-

48 1192 71 1207 “
86 1188 146 1219 ιο.”
194 1187 403 1217 Advocandus
418 1192 464 1216 est
479 1187 583 1222 etiam,
607 1192 642 1216 ut
660 1186 770 1216 dictio-

47 1250 122 1271 nem
156 1240 304 1270 rariorem
333 1239 477 1276 illustret,
514 1238 633 1278 antiqui
663 1237 772 1267 coloris

49 1292 184 1330 scriptor,
208 1289 380 1325 Vitruvius,
405 1289 466 1319 viii.
495 1293 521 1319 l.
546 1288 598 1318 fin.
633 1291 654 1306 “
672 1288 724 1323 Et,
747 1287 772 1317 si

50 1346 72 1360 ‘⁴
89 1352 158 1382 quae
173 1340 217 1371 ibi
238 1346 311 1370 sunt
332 1350 420 1380 aquae
443 1345 633 1379 apparenteS,
657 1348 693 1368 ex
716 1338 772 1374 his,

51 1396 74 1411 “
89 1392 170 1432 quod
197 1397 242 1421 est
263 1391 455 1420 levissimum
483 1389 773 1428 tenuissimumque,

49 1447 72 1463 ‘⁴
88 1449 119 1473 et
135 1443 240 1473 subtili
255 1442 444 1478 salubritate,
472 1442 523 1471 a'elr
539 1450 671 1471 avocans
686 1440 772 1470 dissi-

51 1499 74 1515 “
91 1496 190 1535 patin
206 1497 349 1534 impetum
366 1493 464 1524 coeli.”

51 1547 116 1577 His
129 1552 236 1576 autem
251 1545 397 1575 omnibus
419 1545 451 1574 in
474 1545 534 1574 hoc
556 1554 617 1574 usu
634 1543 775 1573 vocabuli

51 1599 171 1639 praeivit
186 1597 320 1635 Ennius,
344 1607 438 1637 quem
462 1597 573 1626 Festus
594 1595 683 1626 nobis
705 1594 774 1625 feli-

53 1651 128 1681 citer
143 1649 333 1680 conservavit
341 1647 375 1677 in
390 1657 464 1677 voce
481 1649 585 1678 Restat
595 1660 605 1677 .-

88 1738 188 1768 Inpetus
198 1735 270 1759 haud
283 1734 362 1765 longe
373 1732 467 1757 mediis
477 1732 628 1764 regionibus
639 1733 736 1756 restat:

57 1809 76 1839 i.
93 1819 118 1839 e.
134 1808 277 1847 spatium,
294 1805 502 1836 intervallum.
543 1807 658 1844 Impete
676 1810 781 1834 autem

59 1859 143 1889 venit
156 1869 175 1889 a
190 1864 272 1888 recto
288 1860 398 1896 impes;
425 1857 463 1886 de
480 1855 540 1896 qua
562 1866 635 1885 voce
658 1855 783 1885 videndi

58 1916 131 1941 sunt
152 1909 415 1939 animadversores
444 1907 555 1937 eruditi
579 1906 617 1936 ad
641 1906 783 1944 Florum,

58 1962 97 1992 iv.
116 1965 162 1992 12.
181 1963 231 1991 54.

105 2014 177 2044 Ver.
194 2017 264 2045 419.
288 2015 356 2044 coelz‘
381 2015 460 2043 altus
482 2014 592 2042 hiatus.
638 2010 784 2048 Phrasin,

59 2066 144 2096 haud
174 2065 346 2104 protritam,
383 2075 441 2094 nec
469 2063 590 2104 vulgari
620 2061 784 2102 elegantia,

61 2117 253 2148 Prudentius
262 2115 403 2155 arripuit,
416 2115 455 2144 ad
471 2115 615 2144 Hamart.
630 2116 700 2145 879.
713 2123 786 2143 cum

61 2170 244 2201 suavissima
258 2169 440 2199 variatione:

316 2250 396 2274 ae‘rios
406 2249 463 2273 visu
476 2247 635 2273 transmittit
646 2247 731 2272 hiatus

92 2289 275 2320 Spiritus—-

65 2360 132 2390 Nec
151 2369 214 2390 non
230 2358 371 2397 Boetius,
393 2359 445 2389 lib.
460 2358 490 2388 ii.
507 2364 579 2388 met.
597 2361 627 2388 2.

155 2440 216 2470 sed,
232 2440 346 2470 quaesita
357 2446 464 2468 vorans,
480 2445 553 2462 saeva
565 2437 703 2469 Rapacitas

249 2479 318 2504 Altos
329 2479 422 2511 pandit
433 2479 525 2503 hiatus.

66 2550 130 2581 Ubi
152 2550 306 2591 quispiam
331 2550 468 2590 cogitare
493 2549 589 2588 possit
613 2548 652 2579 de
679 2551 701 2567 “
716 2549 792 2578 latos

67 2607 90 2622 “
107 2602 248 2641 hiatus;’'
279 2613 381 2643 neque
405 2603 437 2632 in
461 2601 574 2632 leviore
600 2601 738 2640 profecto
760 2610 793 2630 re

69 2654 202 2684 mutatio
213 2653 402 2692 displiceret:
429 2664 514 2683 nunc
524 2663 587 2682 non
603 2653 677 2682 item
685 2664 694 2689 3
725 2651 794 2682 vide

67 2703 173 2734 Valer.
194 2704 295 2734 Flacc.
319 2704 357 2734 vi.
381 2707 454 2735 552.
500 2704 665 2734 Lucretius
687 2702 796 2743 utique

69 2757 150 2786 allus
165 2758 233 2787 coelc'
246 2758 360 2793 hiatu-s,
384 2762 420 2786 ut
436 2756 590 2796 Virgilius
604 2757 710 2786 coelum
721 2766 794 2795 pro-

60 2807 218 2848 fundum.-
242 2818 347 2848 quem,
363 2808 460 2838 nostri
472 2808 658 2838 imitatorem
669 2817 707 2837 ex
723 2816 793 2846 pro-

69 2859 160 2896 fesso,
185 2865 217 2889 et
247 2860 281 2890 in
309 2860 520 2891 locutionibus
550 2859 796 2890 constantissime

70 2911 310 2951 exprimentem,
332 2913 438 2945 nullus
463 2912 581 2949 dubito,
605 2912 682 2953 quin
704 2911 797 2943 orati-

812 723 880 753 onis
902 721 1023 752 indoles
1046 727 1077 751 et
1098 720 1195 760 ipsius
1219 719 1266 750 rei
1287 719 1444 759 proportio
1465 728 1539 749 voce

814 777 914 817 magis
939 773 1141 815 magniloqua
1167 773 1404 804 sublimandum
1429 777 1536 812 postu-¹

815 828 892 865 lent,
915 827 955 857 ad
972 827 1046 856 AEn.
1062 825 1101 855 vi.
1119 828 1192 856 576.

845 908 1045 940 Quinquaginta
1056 907 1114 931 altis
1122 906 1235 931 inmanis
1243 905 1360 936 hiatibus,
1372 905 1464 937 Hydra

846 948 947 972 Saevior
953 946 1027 974 intus
1039 947 1120 971 habet
1130 947 1292 971 sedem-—.

816 1019 992 1060 Evulgatur
1014 1020 1107 1049 atris:
1133 1017 1187 1047 sed
1209 1017 1257 1047 his
1279 1016 1468 1047 dictionibus
1491 1006 1540 1045 so-

816 1071 909 1100 lenne
932 1076 976 1100 est
998 1069 1189 1100 librar-iorem
1211 1068 1297 1108 genti
1312 1069 1466 1104 oberrare,
1495 1065 1543 1095 uti

816 1132 872 1151 nos
897 1121 1080 1151 monuimus
1107 1126 1231 1149 tantum
1258 1129 1360 1157 supra,
1383 1128 1443 1148 ver.
1467 1120 1540 1147 185.

815 1172 906 1203 adeas
928 1172 1022 1201 etiam
1040 1171 1114 1200 AEn.
1138 1181 1165 1200 v,
1196 1174 1244 1200 19.
1289 1170 1341 1204 Et,
1365 1179 1435 1208 quae
1458 1168 1541 1198 dicta

816 1230 889 1253 sunt
917 1223 956 1252 ad
986 1232 1109 1252 versum
1147 1219 1387 1260 praecede'ntem,
1424 1219 1542 1259 liquido

817 1274 995 1311 ostendunt,
1021 1273 1162 1303 Maronis
1177 1272 1284 1302 oculos
1298 1271 1331 1300 in
1355 1272 1438 1300 hunc
1454 1270 1544 1309 ipsis—

817 1328 931 1358 simum
951 1325 1024 1356 Cari
1039 1325 1142 1355 locum
1163 1323 1368 1353 intentissime
1384 1331 1545 1352 conversos

819 1391 895 1418 esse,
918 1386 954 1410 ut
969 1381 1018 1409 vix
1035 1378 1212 1409 dubitabilis
1229 1378 1267 1407 sit
1282 1376 1467 1407 emendatio.

861 1432 936 1462 Ver.
956 1435 1027 1461 420.
1050 1431 1157 1470 Lego:

820 1514 913 1538 Nubila
925 1514 1069 1545 despicere,
1081 1516 1110 1538 et
1120 1512 1222 1537 coelum
1234 1514 1266 1536 ut
1277 1511 1384 1536 videare
1395 1511 1501 1541 videre3
1519 1513 1546 1534 et

820 1554 953 1585 Corpora,
966 1551 1129 1577 mirandum!
1148 1552 1196 1575 sub
1208 1555 1289 1576 terras
1300 1550 1390 1575 abdita
1402 1553 1476 1574 retro.

822 1625 905 1656 Vide
920 1624 1014 1655 modo
1028 1624 1048 1655 i.
1069 1626 1158 1660 1057,
1179 1626 1310 1654 1058.et
1319 1632 1391 1652 mox
1402 1632 1463 1652 ver.
1475 1624 1549 1652 611.

1324 1675 1547 1704 BENTLmus.

826 1729 907 1759 Sane
923 1738 960 1757 ex
984 1726 1110 1757 salebris
1124 1726 1255 1766 hujusce
1275 1725 1397 1754 distichi
1422 1735 1471 1753 me
1487 1734 1551 1753 non

828 1779 966 1818 expedio.
1005 1777 1228 1808 Bentleianum
1244 1782 1404 1806 tentamen
1418 1775 1550 1814 placuis-

828 1837 880 1865 set,
905 1831 929 1860 si
947 1844 988 1870 τῳ
1005 1836 1084 1860 retro
1099 1828 1253 1869 quaepiam
1269 1827 1397 1867 vestigia
1409 1826 1554 1856 codicum

829 1883 975 1912 faverent.
1023 1880 1163 1919 Speciem
1190 1880 1282 1908 habet
1312 1891 1345 1908 το
1366 1879 1554 1912 mirandum,

828 1939 952 1972 propter
962 1932 1128 1962 lectionem
1142 1930 1360 1965 Bononiensis,
1373 1939 1486 1967 nempe
1498 1930 1556 1958 mi-

828 1987 945 2015 rando:
972 1984 990 2013 i.
1015 1993 1040 2013 e.
1063 1984 1212 2017 mimmii-1,
1235 1983 1416 2015 mz'ramlom,
1439 1981 1556 2009 miran-

830 2037 912 2066 dum.
960 2033 1054 2069 Quod
1069 2033 1147 2062 mihi
1170 2042 1242 2062 vero
1259 2031 1457 2061 simillimum
1473 2029 1557 2059 vide-

831 2093 926 2122 retur,
956 2091 988 2115 et
1002 2095 1096 2125 quam
1119 2084 1251 2114 minime
1272 2084 1469 2113 membranas
1483 2092 1557 2112 cor.-

830 2138 977 2175 culcaret‚
1001 2136 1088 2173 dedi;
1111 2135 1164 2165 sed
1187 2145 1250 2165 non
1271 2144 1396 2174 prorsus
1410 2133 1488 2163 mihi
1510 2143 1558 2162 sa-

832 2190 871 2219 tis
887 2189 986 2225 facio;
1003 2188 1041 2218 ad
1054 2188 1134 2217 hanc
1149 2185 1410 2217 constructionem
1426 2184 1555 2214 scilicet:

833 2244 855 2260 ‘⁶
875 2241 1044 2280 Conjectus
1067 2249 1156 2278 aquae
1170 2239 1286 2277 praebet
1308 2237 1487 2276 despectum
1503 2236 1561 2265 sub

835 2296 856 2312 “
873 2298 968 2322 terras
990 2291 1029 2321 ad
1051 2290 1277 2329 penitissimam
1301 2298 1398 2328 usque
1421 2286 1559 2317 altitudi-

835 2347 857 2362 “
874 2352 947 2372 nem
955 2342 985 2379 ;'’
1010 2351 1132 2380 nempe,
1159 2342 1228 2383 (per
1243 2339 1426 2380 epexegesin
1441 2338 1559 2378 utique,

833 2393 980 2424 Lucretio
1010 2392 1099 2422 valde
1133 2390 1335 2430 familiarem)
1368 2393 1390 2408 “
1406 2388 1563 2427 despicere

835 2448 857 2463 ‘⁶
875 2444 982 2474 nubila
997 2449 1028 2474 et
1045 2443 1172 2473 coelum:
1199 2448 1235 2472 ut
1249 2441 1371 2471 videare
1386 2439 1489 2470 videre
1504 2439 1563 2469 sub

836 2500 858 2515 “
875 2502 969 2526 terras
990 2495 1133 2525 mirando
1148 2503 1235 2524 more
1257 2502 1396 2532 corpora,
1414 2491 1492 2522 coelo
1506 2491 1559 2520 ab·

836 2551 858 2565 “
875 2547 940 2577 dita
950 2546 981 2576 .’'
1006 2547 1024 2577 i.
1042 2557 1068 2577 e.
1083 2544 1298 2576 remotissimis
1314 2543 1382 2573 coeli
1398 2542 1540 2582 seposita.

835 2601 857 2631 J
860 2610 912 2630 am
941 2610 1012 2630 vero
1041 2599 1221 2630 varietatem
1245 2596 1385 2626 lectionis
1410 2595 1563 2636 disquira-

838 2659 996 2682 mus—ut
1005 2651 1090 2681 deest
1099 2650 1245 2681 omnibus
1255 2654 1366 2687 praeter
1376 2648 1411 2678 P.
1423 2653 1454 2677 et
1467 2646 1564 2676 vind.

840 2704 894 2734 Ad
909 2703 1005 2733 finem
1020 2702 1134 2738 versus,
1160 2701 1292 2731 editores
1306 2700 1455 2740 ingerunt
1469 2704 1509 2736 et,
1532 2698 1565 2727 in

840 2755 990 2785 fulturam
1006 2752 1259 2789 constructionis;
1281 2751 1364 2792 quod
1390 2760 1454 2780 non
1480 2759 1566 2780 com-

839 2812 925 2845 paret
937 2806 970 2835 in
995 2805 1031 2835 P.
1050 2804 1147 2835 Vind.
1163 2804 1204 2834 V.
1221 2802 1270 2833 ed.
1298 2802 1339 2833 Ο.
1359 2807 1392 2833 Δ.
1412 2808 1452 2832 Π.
1469 2806 1502 2832 Σ.
1521 2807 1564 2830 Ω.

840 2865 872 2889 et
911 2856 1164 2889 commentitium
1204 2854 1563 2886 existima-mirande:

843 2910 886 2940 sic
901 2909 937 2941 L.
954 2915 1046 2949 atque
1061 2908 1171 2939 eodem
1187 2906 1267 2937 redit
1283 2907 1330 2937 M.
1347 2907 1510 2939 mirauda’;
1530 2903 1566 2932 B.
