1912 3292
512 236 744 286 LIBER
793 232 1144 282 TERTIUS.

1485 244 1568 282 181

293 369 512 427 Scipiades,
534 367 628 408 belli
646 365 815 415 fulmen,
846 363 1108 420 Carthaginis
1128 363 1291 413 horror,

235 446 341 488 Ossa
358 443 470 485 dedit
489 449 625 491 terrae,
646 439 823 495 proinde
841 453 889 479 ac
906 437 1032 479 famul
1051 437 1218 479 infimus
1238 444 1351 479 esset.

95 607 236 643 terprete,
259 598 412 640 Virgilius
426 597 604 636 declarabit,
627 607 665 627 ex
678 593 752 627 AEn.
768 595 820 626 vii.

96 657 166 686 526.

469 733 578 758 aeraque
589 727 704 760 fulgent,

122 768 182 795 Sole
192 768 321 798 lacessita,
331 772 359 793 et
370 768 460 793 lucem
470 768 518 792 sub
530 768 621 792 nubila
629 769 743 799 Jactant.

93 834 179 866 Libri
203 835 310 875 plures
334 835 368 865 in
394 835 570 866 Claudiano
593 836 732 874 praebent
751 845 818 865 um-

91 888 206 924 brasse‚-
232 887 324 927 quod,
340 893 377 917 ut
391 887 501 917 tritum
513 893 558 917 est
573 898 609 917 ac
623 887 761 928 vulgare,
776 887 821 917 ita

92 939 162 970 l‘oco
176 939 329 970 alienum:
355 949 430 970 nam
453 939 492 969 de
510 939 619 979 praelio
639 939 707 979 jam
728 939 819 977 inito,

92 990 218 1032 quando
232 991 386 1031 capitibus
399 991 611 1032 pugnantium
620 993 719 1022 nubes
729 991 819 1032 jacu-

94 1042 198 1074 lorum
213 1053 306 1082 super
319 1043 546 1081 fundebantur,
570 1043 661 1082 po’eta
677 1043 822 1073 nondum

94 1093 249 1135 loquitur;
286 1094 393 1124 confer
430 1094 555 1125 Nazarii
583 1095 819 1135 panegyricum,

94 1151 165 1176 sect.
183 1150 232 1178 29.
249 1148 277 1177 5.
293 1152 324 1176 et
338 1146 446 1184 miror,
469 1147 527 1176 hoc
544 1156 609 1175 non
623 1146 819 1177 animadver-

94 1208 164 1228 sum
180 1208 244 1228 esse
255 1198 316 1234 hic,
332 1204 364 1228 et
374 1197 462 1236 alias,
478 1198 550 1227 viris
565 1198 703 1228 eruditis.
719 1198 822 1228 Haud

92 1250 183 1280 aliter
197 1260 215 1280 a
229 1250 416 1289 turpissimae
441 1249 621 1290 tautologiae
635 1250 820 1280 dehonesta-

94 1308 202 1332 mento
215 1302 366 1332 vindicari
384 1302 452 1342 quit
472 1302 680 1332 cultissimum
695 1302 821 1341 poe'ma-

92 1353 186 1391 tium,
201 1352 286 1393 quod
300 1352 415 1392 legitur
428 1353 462 1382 in
480 1352 610 1382 Anthol.
625 1353 693 1383 Lat.
710 1353 821 1383 Burm.

93 1405 124 1435 ii.
144 1408 191 1435 12.
214 1405 305 1445 cujus
319 1404 494 1435 secundum
516 1404 672 1435 distichon
698 1404 741 1434 sic
756 1414 821 1435 cer-

95 1455 211 1486 tissime
225 1455 425 1486 scribendum
441 1461 499 1486 est:

124 1541 219 1567 Tellus
228 1542 298 1573 jussa
307 1541 389 1573 facit;
407 1541 496 1566 coelum
508 1544 604 1567 texere
615 1542 721 1574 sagitta:
731 1550 740 1572 3

156 1580 317 1606 Abscondunt
327 1580 431 1605 clarum
442 1581 543 1606 Persica
553 1581 602 1605 tela
613 1581 689 1605 diem.

100 1658 210 1690 Sermo
224 1665 272 1691 est
284 1659 324 1691 de
339 1660 450 1691 eodem
466 1660 579 1690 Xerxe.
625 1659 690 1690 Pro
705 1661 829 1697 cadum,-

96 1712 218 1743 codices
240 1712 368 1753 quidam
394 1714 496 1750 solem,
517 1721 695 1751 perperam3
725 1721 826 1752 quum

103 1765 204 1795 Tellus
230 1769 261 1794 et
295 1766 407 1795 C'oelum
433 1763 550 1802 optime
568 1762 704 1793 vicissim
729 1772 825 1801 oppo-

96 1821 221 1845 nantur.
259 1816 459 1846 Abscondunt
473 1819 580 1844 autem
596 1815 675 1843 diem
691 1814 761 1847 tela,
776 1812 825 1842 lu-

99 1867 186 1897 mine
195 1866 268 1897 solis
278 1865 513 1905 restinguendo:
532 1864 603 1894 vide
613 1873 698 1902 mox,
713 1863 754 1893 ad
762 1874 822 1894 ver.

101 1920 194 1950 1057.
237 1918 445 1958 Epigramma
470 1915 605 1945 alterum
634 1914 761 1951 ibidem,
784 1915 827 1945 iii.

100 1973 152 2000 24.
180 1973 209 1999 5.
241 1978 280 1998 ex
302 1974 408 1998 nostro
433 1966 607 2007 proficiens,
633 1965 828 1996 emendatius

98 2019 305 2050 exhibebitur:

132 2100 275 2125 Calcamus
284 2100 387 2125 rabidas
396 2099 507 2132 subjecti
519 2099 629 2132 gurgitis
642 2099 735 2129 undas,

163 2141 196 2164 Et
207 2140 272 2165 libet
284 2140 362 2163 iratae
374 2144 487 2172 spernere
497 2146 615 2163 murmur
626 2146 709 2170 aque.

99 2214 152 2245 Ita
166 2220 232 2245 erat
255 2225 389 2245 acumen
400 2225 509 2245 meum
528 2221 713 2245 assecutum.
730 2214 830 2252 Libri,

100 2269 239 2308 rapidas,
261 2273 294 2298 et
307 2278 445 2303 cernere;
462 2266 516 2296 sed
532 2277 616 2296 unus
630 2267 736 2302 etiam,
752 2276 826 2296 nos-

99 2325 183 2350 trum
206 2330 362 2359 spernere:
395 2318 526 2358 pulchre
550 2325 657 2348 autem
679 2318 825 2347 conveni-

98 2378 158 2401 unt
171 2373 262 2400 iratoe
276 2381 376 2410 aquae,
400 2376 431 2400 et
452 2371 552 2400 undas
574 2370 708 2400 rabidas.
726 2381 728 2384 ’
751 2369 826 2400 Jam

99 2431 171 2451 vero
185 2431 275 2451 voces
290 2423 419 2460 rapidus
434 2427 465 2450 et
479 2422 604 2450 rabidus
623 2420 738 2458 passim
753 2430 827 2450 eon-

100 2472 194 2502 fundi
208 2471 320 2502 solent:
338 2471 408 2501 vide
420 2482 477 2501 nos
492 2471 532 2502 ad
546 2482 575 2501 V.
596 2475 667 2502 890.
684 2477 715 2501 et
729 2471 762 2500 in
777 2470 828 2501 ea-

101 2523 174 2553 dem
190 2521 305 2563 pagina
318 2524 439 2553 rabidos
443 2525 566 2563 fluctus
582 2522 707 2562 legitur.
738 2521 829 2552 Titu-

100 2575 151 2605 lus
165 2581 212 2605 est
226 2575 470 2616 epigrammatis,
494 2578 515 2593 “
532 2575 583 2604 De
592 2581 684 2615 ponte
699 2575 757 2604 viae
775 2574 829 2605 Sa„

101 2631 124 2646 “
140 2626 266 2658 lariae:’'
290 2633 322 2657 et
336 2628 456 2658 vanitas
478 2627 676 2658 divinationis
699 2627 830 2657 Heinsi-

102 2689 181 2715 anae‚
192 2679 394 2719 proponentis
403 2690 557 2709 marmora
567 2679 600 2708 in
613 2678 752 2709 Lucretii
763 2688 830 2708 ver-

101 2740 150 2767 su,
171 2741 228 2771 pro
253 2743 426 2770 murmura,
451 2737 487 2761 ut
508 2732 569 2761 hoc
591 2731 689 2761 obiter
712 2736 830 2768 notem,

103 2790 229 2822 χαλκεα
257 2783 373 2814 scilicet
402 2796 538 2825 χρυσειων
566 2782 648 2820 loco,
688 2783 762 2813 hinc
794 2792 832 2812 ex

104 2835 274 2866 abundanti
300 2836 543 2867 demonstratur:
590 2835 662 2866 vide
692 2835 831 2866 acutissi-

106 2896 197 2917 mum
221 2887 322 2918 virum
346 2888 381 2918 in
404 2887 585 2919 adversariis
607 2887 683 2927 ejus,
709 2898 738 2926 p.
762 2890 832 2917 186.

110 2937 228 2969 Saltem
249 2946 389 2971 nostrum
405 2940 504 2971 voluit
525 2940 672 2980 effingere
693 2938 836 2970 Pruden-

863 596 936 634 tius,
958 595 1060 634 perist.
1083 594 1133 625 vii.
1151 598 1200 626 59.
1224 593 1263 624 de
1287 594 1420 630 Christo,
1443 596 1522 625 mari
1539 596 1585 625 in-

863 648 1056 678 ambulante:

1017 725 1095 750 Haud
1105 732 1242 757 quaquam
1253 725 1302 750 tibi
1311 725 1394 757 gloria

1018 767 1084 789 Haec
1095 768 1135 790 est
1146 765 1261 795 insolita,
1272 769 1319 789 aut
1332 772 1413 795 nova,

1017 805 1117 830 calcare
1121 805 1256 837 fremitum
1269 805 1358 835 maris,

1017 847 1103 869 Prona
1112 848 1140 870 et
1151 844 1263 870 fiumina
1275 845 1366 869 sistere
1375 852 1383 868 :

863 933 918 964 ubi
938 938 1079 973 apertum
1103 939 1157 969 est,
1180 932 1392 973 glossatorem,
1415 933 1468 973 qui
1491 934 1588 973 expli-

864 990 914 1015 cat
926 987 1040 1021 sistere,
1063 995 1119 1024 per
1134 990 1211 1015 retro
1227 985 1340 1025 fluere,
1363 983 1473 1024 legisse
1488 987 1589 1015 calca-

863 1040 904 1073 νὴ·
921 1037 1005 1078 quod
1019 1037 1146 1068 malim:
1170 1037 1302 1067 minime
1317 1042 1422 1067 tamen
1437 1037 1476 1067 de
1490 1043 1590 1067 metro

864 1089 1012 1128 solicitus,
1047 1100 1147 1130 quum
1175 1088 1306 1119 omnino
1335 1088 1591 1119 Prudentianum

864 1148 992 1183 gustum
1012 1141 1119 1180 sapiat.

911 1193 989 1224 Ibid.
1013 1195 1182 1224 insultans:
1207 1192 1226 1221 i.
1243 1202 1269 1221 e.
1286 1193 1436 1228 insiliens,
1459 1192 1592 1229 calcans,

865 1258 1100 1279 καταπατκσας,
1122 1253 1196 1273 cum
1218 1243 1300 1272 fastu
1315 1242 1462 1283 quodam,
1486 1249 1517 1272 et
1531 1244 1590 1273 im-

864 1299 987 1338 pietate,
1010 1298 1099 1339 quasi
1114 1296 1391 1339 rerum-dominus
1415 1302 1508 1337 atque
1523 1307 1594 1327 oce-

864 1351 919 1380 ani
932 1356 1098 1390 tyrannus:
1127 1348 1232 1379 videas
1255 1358 1307 1378 me
1330 1348 1363 1377 in
1389 1346 1460 1377 Silv.
1480 1347 1555 1378 Crit.
1575 1348 1595 1378 i.

865 1413 894 1441 p.
913 1405 983 1432 102.
1009 1400 1100 1432 Ovid.
1123 1406 1197 1430 met.
1220 1399 1239 1429 i.
1267 1402 1336 1429 134.
1361 1398 1459 1429 Tacit.
1475 1409 1548 1429 ann.
1563 1398 1595 1429 ii.

867 1457 895 1484 8.
921 1453 973 1484 Sil.
992 1453 1031 1483 It.
1046 1453 1085 1483 iv.
1101 1456 1152 1483 66.
1177 1451 1321 1488 Ovidius,
1337 1451 1370 1480 in
1388 1450 1435 1481 Ib.
1453 1454 1502 1482 29.

1061 1529 1163 1554 calcasti
1175 1529 1221 1560 qui
1231 1535 1287 1559 me,
1297 1528 1427 1558 violente,
1431 1529 1568 1560 jacentem.

869 1598 1041 1628 Occasione
1070 1597 1195 1635 moniti,
1219 1597 1325 1627 locum
1352 1596 1374 1627 J
1376 1595 1433 1626 ulii
1467 1595 1599 1626 Fir-mici

868 1649 1079 1690 eloquentem,
1095 1648 1150 1678 ubi
1166 1647 1386 1678 Constantium
1399 1653 1430 1677 et
1444 1647 1598 1678 Constan-

869 1706 934 1730 tem
949 1699 1046 1738 impp.
1061 1698 1178 1735 laudat‚
1201 1709 1304 1738 pravae
1327 1697 1535 1728 distinctionis
1551 1697 1599 1727 in-

870 1750 1036 1782 commodo
1051 1750 1269 1780 liberabimus:
1300 1751 1322 1767 “
1342 1749 1471 1778 vicistis
1486 1749 1600 1784 hostes,

872 1806 893 1821 “
910 1801 1102 1842 propagastis
1131 1800 1313 1840 imperium;
1343 1805 1385 1837 et,
1414 1806 1451 1830 ut
1480 1800 1602 1830 virtuti-

873 1858 895 1873 “
910 1856 971 1884 bus
985 1853 1091 1883 vestris
1106 1853 1207 1893 gloria
1219 1852 1321 1892 major
1335 1851 1506 1890 accederet,
1529 1863 1601 1882 mu-

873 1910 894 1925 “
912 1912 976 1936 tato
999 1916 1035 1936 ac
1059 1910 1238 1944 contempto
1267 1909 1445 1943 temporum
1480 1904 1602 1942 ordine,

873 1962 895 1977 “
911 1960 1031 1998 hyeme,
1054 1956 1139 1998 quod
1153 1966 1212 1985 nec
1227 1955 1347 1985 factum
1362 1961 1408 1985 est
1421 1955 1602 1995 aliquando,

873 2013 895 2028 “
915 2019 972 2039 nec
988 2009 1050 2046 fiet,
1074 2012 1233 2038 tumentes
1257 2016 1293 2035 ac
1317 2005 1477 2036 saevientes
1503 2009 1604 2038 undas

874 2065 897 2080 “
913 2063 1053 2092 calcastis
1068 2061 1186 2091 oceani.
1234 2058 1299 2088 Sub
1320 2057 1414 2087 remis
1428 2059 1535 2088 vestris
1554 2060 1603 2089 in-

875 2116 898 2132 “
913 2112 1032 2153 cogniti
1042 2112 1110 2152 jam
1125 2110 1214 2141 nobis
1225 2120 1307 2149 pene
1320 2110 1416 2139 maris
1435 2108 1522 2141 unda
1530 2121 1604 2141 con-

874 2168 896 2182 “
914 2164 1051 2199 tremuit,
1076 2169 1108 2194 et
1132 2162 1321 2201 insperatam
1343 2161 1537 2200 imperatoris
1558 2161 1605 2192 fa-

876 2220 898 2236 “
914 2217 996 2248 ciem
1023 2215 1197 2246 Britannus
1218 2212 1374 2253 expavit.’'
1429 2212 1540 2253 Vulgo
1561 2213 1605 2244 sic

875 2267 928 2298 ille
940 2267 1027 2298 locus
1037 2265 1220 2306 interpungi
1233 2264 1327 2294 solet:
1347 2268 1370 2283 “
1384 2265 1535 2294 —oceani
1547 2266 1604 2294 sub

873 2325 894 2339 “
912 2321 1006 2350 remis
1022 2319 1137 2349 vestris.
1184 2316 1345 2357 Incogniti
1363 2316 1504 2356 jam-J’

876 2373 966 2403 Hinc
982 2371 1086 2407 etiam,
1110 2375 1193 2401 certe
1207 2369 1448 2409 elegantissima,
1467 2368 1604 2398 nonnul-

872 2425 975 2455 larum
990 2424 1246 2454 membranarum
1259 2420 1384 2460 scriptio
1399 2420 1532 2450 feliciter
1546 2430 1602 2458 po-

872 2482 934 2506 test
948 2475 1042 2506 asseri
1059 2473 1246 2511 Claudiano,
1262 2472 1301 2502 de
1316 2481 1399 2501 cons,
1415 2470 1480 2500 Stil.
1496 2470 1540 2501 iii.
1555 2474 1603 2502 15.

1100 2564 1169 2588 hicc’
1181 2566 1221 2588 est
1232 2562 1301 2587 felix
1313 2560 1426 2586 bellator
1437 2559 1548 2590 ubique,

912 2605 1044 2630 Defensor
1054 2604 1160 2636 Libyae‚
1172 2602 1259 2628 Rheni
1269 2601 1388 2630 calcator,
1399 2602 1426 2625 et
1438 2599 1512 2624 Istri:

875 2690 944 2721 quae
966 2690 1026 2710 vox
1042 2679 1246 2710 insultantem
1268 2676 1436 2707 dominum
1457 2675 1607 2706 vividissi-

874 2743 926 2762 me
941 2731 1090 2772 depingit.
1134 2730 1254 2770 Vulgo,
1267 2736 1409 2770 pacator;
1430 2727 1523 2769 longe
1538 2727 1608 2758 lon-

875 2793 975 2823 geque
990 2782 1106 2812 minori
1122 2780 1241 2820 spiritu.
1267 2780 1362 2810 Silius
1375 2779 1514 2814 Italicus,
1530 2778 1608 2809 dum

877 2835 1064 2876 magnificos
1090 2844 1194 2864 versus
1217 2833 1374 2873 expoliret,
1397 2831 1438 2862 ad
1463 2832 1543 2863 Pun.
1569 2831 1608 2861 iv.

883 2890 934 2918 66.
960 2886 1090 2917 oculum
1105 2885 1227 2917 videtur
1247 2884 1282 2915 in
1303 2883 1488 2918 Lucretium
1507 2883 1608 2913 inten-

881 2938 977 2968 disse:
