1912 3292
451 279 684 329 LIBER
735 273 1118 334 QUARTUS.

1432 278 1520 318 321

239 415 360 457 Hicc’
381 411 484 453 odor
502 410 588 463 ipse
607 408 749 464 igitur,
769 405 903 445 nareis
923 403 1201 457 quiquomque
1220 401 1394 450 lacessit,

184 489 258 531 Est
278 489 356 530 alio
376 493 421 526 ut
439 483 567 538 possit
585 479 767 536 permitti
787 477 949 534 longius
969 475 1085 517 alter:

183 562 265 605 Sed
285 570 420 602 tamen
439 555 552 597 haud
572 555 786 610 quisquam
807 560 892 592 tam
912 550 1035 606 longe
1054 548 1183 588 fertur
1203 563 1360 597 eorum,

185 637 322 684 Quam
343 631 514 679 sonitus,
537 642 659 684 quam
679 641 780 676 vox3
812 625 932 665 mitto
945 623 1033 678 jam
1053 621 1204 671 dicere,
1226 635 1347 676 quam
1368 634 1447 670 res,

69 715 151 752 695
183 709 292 758 Quae
311 706 462 748 feriunt
483 702 695 744 oculorum
715 700 836 749 acies,
856 699 1071 752 visumque
1089 695 1306 736 lacessunt:

183 779 454 824 Errabundus
475 777 584 818 enim
605 774 721 816 tarde
740 773 868 822 venit,
890 786 938 813 ac
958 770 1065 825 perit
1085 776 1180 810 ante

182 855 415 905 Paullatim,
436 852 586 894 facileis
606 850 822 892 distractus
842 847 885 889 in
906 846 1010 888 a‘e'ris
1031 858 1162 886 auras.

39 1028 75 1046 vo
92 1015 286 1055 promittitur
310 1012 380 1044 loco
403 1011 568 1043 deturbare
593 1010 667 1042 ibid.
689 1011 722 1041 ii.
740 1013 769 1042 5.

39 1068 108 1099 init.
133 1067 304 1108 Eleganter
321 1066 466 1097 Alcimus
482 1066 606 1103 Avitus,
626 1065 665 1096 iv.
682 1068 752 1096 257.

71 1141 142 1166 Finis
153 1141 203 1165 erit
213 1147 314 1170 rerum,
323 1139 450 1172 permissis
461 1139 582 1168 undique
594 1138 726 1170 1ymphis5

72 1181 163 1211 Atque
173 1179 294 1205 relaxata
307 1179 455 1203 vastabitur
466 1178 535 1202 orbis
546 1178 650 1209 abysso.

45 1251 169 1287 Quibus
193 1250 330 1280 versibus
354 1249 527 1279 illustratur
553 1247 728 1285 Lucretius,
751 1247 771 1276 i.

47 1307 140 1334 1100.
173 1302 212 1333 ad
242 1308 378 1333 nostram
408 1307 547 1330 mentem
578 1299 772 1329 constitutus

48 1354 167 1393 Ampla
180 1360 317 1393 superest
333 1353 365 1382 in
381 1352 429 1382 his
451 1351 639 1382 dictionibus
659 1350 773 1381 criticae

47 1404 119 1434 falci
136 1414 237 1444 seges:
265 1404 299 1433 in
315 1413 411 1443 quam
425 1409 532 1432 tamen
555 1401 776 1432 demetendam

47 1456 137 1486 nobis
152 1466 215 1485 non
230 1461 326 1485 vacat.
373 1456 527 1484 Permissa
544 1453 641 1493 igitur
663 1464 774 1483 canum

45 1509 91 1538 vis
108 1512 154 1536 est
168 1517 197 1537 se
208 1509 395 1546 permittens,
425 1504 465 1534 ad
489 1503 604 1534 mediae
618 1504 700 1534 vocis
721 1513 776 1542 po.

46 1556 402 1596 testatem—Denique,
419 1565 475 1594 pro
494 1566 606 1586 canum
630 1558 674 1586 vis
702 1555 775 1585 scri-

47 1609 132 1640 bitur
148 1609 181 1640 in
198 1616 237 1639 Π.
259 1610 417 1639 caminus:
443 1606 497 1646 qui
514 1606 611 1637 ductu
625 1605 777 1647 singulari

49 1663 202 1703 discrepat
217 1674 235 1693 a
249 1665 330 1694 cam}
348 1664 400 1693 vis.

95 1715 169 1746 Ver.
189 1718 261 1746 687.
283 1715 436 1745 candidus
462 1724 569 1743 anser:
595 1718 631 1742 ut
646 1712 778 1752 Virgili-

51 1778 99 1803 us,
122 1773 256 1797 tractans
277 1766 362 1796 idem
386 1770 623 1805 argumentum,
647 1763 687 1794 ad
703 1764 778 1794 AEn.

51 1818 113 1848 viii.
130 1821 202 1849 655.

338 1885 453 1910 volitans
463 1888 596 1917 argenteus
607 1891 692 1909 anser.

97 1944 173 1974 Ver.
189 1947 260 1974 688.
283 1945 390 1974 datus:
418 1942 458 1973 V.
472 1942 519 1973 ed.
540 1943 577 1972 B.
592 1948 694 1972 natus.

98 1994 180 2025 Ibid.
201 1997 293 2025 nidor
307 1996 410 2024 datus.
457 1993 563 2032 AEque
578 1991 780 2022 commodum

51 2052 98 2077 est
112 2056 166 2085 per
181 2056 223 2082 se,
240 2051 270 2075 et
291 2045 388 2075 colori
416 2044 567 2074 sermonis
588 2043 700 2082 po'etici
715 2053 781 2072 ma-

53 2098 103 2138 gis
127 2102 384 2133 consentaneum,
416 2096 553 2134 accipere
581 2097 718 2125 nidorem
749 2093 784 2123 in

54 2149 115 2179 hoc
128 2148 208 2184 loco,
223 2158 281 2187 pro
292 2148 337 2177 rei
348 2147 511 2177 odoriferae
522 2145 720 2186 profluentia,
737 2152 783 2176 at-

56 2211 118 2241 que
147 2210 204 2240 pro
234 2199 360 2229 narium
389 2197 589 2228 odorantium
621 2196 784 2234 facultate;

55 2251 126 2281 vide
140 2261 201 2282 ver.
218 2254 293 2281 681.
318 2250 430 2280 effectu
446 2248 574 2286 scilicet,
599 2248 646 2278 uti
668 2248 784 2278 multo-

55 2303 121 2338 ties,
137 2313 194 2342 pro
208 2301 315 2332 caussa
333 2301 481 2336 adhibito,
498 2310 534 2330 ac
549 2310 655 2330 vocem
671 2301 785 2340 guber-

59 2360 167 2384 nante.
210 2354 384 2393 Appositus
400 2359 445 2383 est
468 2352 542 2382 huic
557 2352 680 2382 notioni
695 2351 783 2381 illus-

58 2405 179 2436 trandae
203 2405 412 2443 Mantuanus,
441 2405 516 2435 AEn.
532 2403 585 2434 xii.
608 2406 680 2434 301.
709 2413 785 2433 usus

58 2455 250 2489 Lucretiana
263 2456 381 2495 phrasi:

378 2529 424 2553 olli
433 2528 526 2560 ingens
536 2528 618 2553 barba
628 2527 741 2557 reluxit,

89 2569 264 2600 Nidoremque
273 2568 398 2593 ambusta
409 2568 486 2592 dedit.

104 2642 178 2673 Ver.
194 2647 266 2674 689.
288 2643 425 2673 resilire:
452 2641 491 2671 V.
507 2640 555 2671 ed.
570 2642 664 2671 sizire.
710 2639 790 2669 Mox

62 2701 103 2726 Π.
119 2700 306 2731 servaturus,
322 2703 378 2732 pro
393 2699 560 2723 servantur.

104 2747 181 2777 Ver.
196 2749 270 2777 691.
291 2747 381 2776 odor:
411 2751 452 2775 Π.
468 2744 725 2775 calon—nareis:
746 2748 789 2772 Ω.

62 2799 168 2831 variis.

107 2847 188 2878 Ibid.
196 2850 333 2879 lacessit:
354 2848 374 2878 i.
386 2857 411 2877 e.
424 2847 508 2884 ferit,
520 2845 667 2885 impellit3
684 2854 794 2885 quem-

66 2897 237 2929 admodum
249 2899 376 2935 Statius,
393 2898 491 2929 Theb.
507 2898 546 2928 iv.
564 2901 635 2928 241.

98 2967 224 2994 curribus
233 2968 379 2995 innumeris
389 2967 444 2994 late
454 2967 543 3001 putria
553 2973 617 2993 arva
627 2965 762 2991 lacessunt.

855 1009 934 1039 Ver.
953 1011 1024 1040 692.
1042 1007 1190 1047 permitti.
1235 1003 1385 1034 Diximus
1407 1001 1447 1032 ad
1473 1010 1536 1031 ver.

813 1066 886 1094 685.
909 1060 1098 1099 nuperrime.
1145 1058 1219 1087 Non
1242 1054 1402 1095 poenitebit
1431 1060 1538 1084 tamen

812 1115 1011 1145 admonuisse
1027 1114 1061 1143 in
1076 1111 1216 1146 transitu,
1241 1109 1320 1139 nihil
1336 1118 1399 1138 esse
1414 1107 1539 1144 clarius,

813 1178 908 1207 quam
935 1167 973 1202 Q.
998 1165 1156 1199 Curtium,
1185 1162 1225 1192 ad
1246 1162 1285 1192 iv.
1310 1166 1337 1192 9.
1365 1164 1412 1190 10.
1434 1158 1540 1189 codice

815 1217 997 1248 Florentino
1012 1214 1217 1245 sincerissime
1228 1212 1378 1250 scriptum
1393 1208 1540 1244 exhiberi,

815 1270 874 1298 hoc
890 1267 999 1297 modo:
1026 1270 1049 1284 ‘⁶
1066 1265 1116 1294 Ne
1131 1265 1240 1303 stirpes
1253 1261 1382 1302 quidem
1397 1267 1428 1290 et
1437 1259 1543 1290 brevia

818 1323 840 1338 “
856 1318 990 1359 virgulta
1003 1315 1150 1356 operiunt
1169 1314 1289 1350 solum;
1310 1312 1450 1351 liberque
1470 1320 1542 1349 pro-

819 1374 841 1389 “
857 1375 978 1409 spectus
994 1367 1158 1398 oculorum
1174 1365 1269 1395 etiam
1283 1365 1323 1394 ad
1336 1374 1380 1398 ea,
1391 1372 1461 1403 quae
1472 1371 1545 1400 pro-

820 1426 842 1441 “
859 1422 910 1452 cul
926 1429 1086 1455 recessere,
1105 1415 1330 1458 permittitur.’'
1377 1415 1458 1450 Quae
1472 1417 1546 1443 sunt

820 1473 980 1513 impendio
1002 1470 1165 1511 elegantia.
1211 1469 1407 1500 Permittitur
1429 1471 1545 1500 autem,

822 1530 843 1545 “
859 1536 891 1555 se
907 1524 1039 1564 projicit,
1063 1523 1106 1552 ita
1121 1528 1157 1552 ut
1171 1519 1377 1551 remotissima
1392 1517 1548 1558 pertingat

821 1580 843 1595 ‘⁶
860 1572 1176 1614 complectaturque.‘’
1222 1572 1326 1601 Voces
1347 1572 1388 1600 ad
1403 1580 1437 1599 ea
1453 1567 1548 1607 vulgo

821 1627 1025 1658 omittuntur:
1050 1624 1104 1655 sed
1131 1623 1229 1653 codici
1255 1622 1339 1652 dicto
1362 1620 1548 1660 suffragatur

822 1679 902 1709 alius
917 1677 1013 1708 codex
1028 1677 1064 1706 M
1070 1676 1098 1706 S.
1114 1675 1372 1704 membranaceus
1382 1672 1415 1701 in
1427 1676 1546 1711 quarto,

822 1730 895 1761 bibl.
918 1730 1114 1764 Colbertinae,
1130 1737 1218 1757 num.
1235 1730 1329 1757 4099.
1352 1724 1442 1764 cujus
1455 1722 1548 1753 colla-

822 1782 922 1811 tiones
935 1780 1128 1811 Bentleianae
1140 1788 1234 1818 penes
1245 1787 1296 1806 me
1305 1781 1387 1806 sunt.
1412 1775 1547 1809 Interea,

823 1843 880 1863 nec
895 1839 982 1863 vetus
994 1836 1162 1866 enarrator,
1173 1838 1273 1869 neque
1283 1827 1426 1864 editores,
1437 1835 1549 1855 venus-

824 1892 920 1916 tatem
937 1884 1087 1919 vocabuli,
1103 1882 1186 1923 quod
1202 1881 1405 1917 illustramus,
1429 1879 1462 1908 in
1481 1878 1549 1908 Sta·

825 1938 870 1967 tio
887 1937 1099 1976 degustarunt,
1126 1932 1238 1963 nostris
1264 1931 1429 1961 lectoribus
1454 1929 1548 1959 inter-

826 1989 920 2030 pretis
934 1987 1018 2017 haud
1034 1991 1154 2027 egente,
1171 1983 1285 2015 Achill.
1301 1983 1320 2013 i.
1338 1986 1356 2014 7
1359 1986 1388 2012 2.

943 2070 964 2094 si
975 2069 1033 2100 quis
1044 2069 1132 2093 adhuc
1144 2067 1222 2092 undis
1232 2067 1329 2094 honor,
1341 2057 1424 2090 obrue
1433 2069 1549 2096 puppeSJ

842 2111 897 2136 Aut
905 2109 1021 2142 permitte
1036 2108 1149 2133 fretum.

829 2189 945 2220 Malim
972 2194 1090 2225 tamen,
1114 2190 1137 2206 “
1155 2188 1200 2217 Et
1228 2182 1454 2225 permitte--t''
1476 2181 1498 2212 i.
1523 2191 1550 2212 e.

830 2245 852 2260 “
871 2242 979 2271 Obrue
993 2250 1114 2279 puppes
1128 2238 1209 2269 freto
1230 2237 1350 2273 emisso,
1374 2243 1463 2275 atque
1484 2233 1554 2262 illas

831 2297 853 2313 “
870 2288 1094 2332 corripiente:’'
1117 2297 1153 2321 ut
1167 2290 1271 2320 simile
1291 2289 1330 2319 sit
1353 2288 1401 2318 isti
1422 2284 1553 2325 Virgili-

830 2355 903 2383 ano,
920 2345 996 2375 AEn.
1010 2343 1041 2373 ii.
1057 2345 1130 2373 553.

1008 2410 1167 2440 Mon-{amun
1178 2412 1207 2434 et
1217 2408 1244 2432 in
1256 2406 1345 2432 media
1351 2410 1424 2430 arma
1435 2408 1553 2428 mamm.

830 2478 949 2509 Aliter:
985 2481 1008 2497 “
1026 2477 1133 2509 Obrue
1164 2474 1301 2510 tridenti,
1331 2471 1380 2502 vel
1407 2468 1555 2511 permisso

831 2533 854 2549 ‘⁴
871 2529 983 2560 mari.‘’

876 2589 948 2619 Ver.
965 2592 1037 2620 695.
1060 2589 1241 2628 quisquam:
1266 2584 1304 2614 P.
1324 2583 1360 2613 B.
1375 2582 1552 2621 quicquam,-

833 2641 874 2671 V.
887 2640 935 2670 ed.
950 2642 1214 2680 quiquam—tam
1231 2635 1317 2666 deest
1332 2639 1378 2663 Ω..
1395 2631 1484 2666 Mox,
1500 2639 1558 2669 pro

823 2692 957 2734 feriunt,
974 2693 1015 2722 V.
1031 2691 1079 2721 ed.
1097 2690 1136 2720 O.
1152 2687 1325 2728 n..fierunt;
1347 2682 1537 2724 1‘1.fuerunt.

880 2745 954 2774 Ver.
969 2746 1042 2775 697.
1067 2743 1256 2780 Interpretes
1275 2744 1304 2768 et
1319 2735 1452 2767 editores
1466 2732 1561 2770 male,

839 2803 870 2827 et
883 2805 1035 2836 perquam
1050 2795 1222 2828 invenuste,
1246 2794 1393 2829 ceperunt
1412 2800 1444 2818 τα
1449 2785 1561 2827 facilis

839 2848 990 2878 librorum
1006 2856 1062 2886 pro
1078 2855 1151 2876 casu
1171 2850 1254 2874 recto
1277 2839 1399 2872 numeri
1422 2836 1562 2878 singula-

839 2900 898 2937 ris;
921 2909 1021 2940 quum
1037 2903 1160 2928 tantum
1186 2906 1251 2926 non
1275 2892 1481 2925 certissimum
1507 2894 1563 2923 est.

839 2952 963 2991 poetam
986 2950 1025 2983 de
1049 2956 1159 2991 quarto
1187 2958 1259 2979 casu
1288 2945 1444 2986 cogitasse.
1489 2940 1511 2971 J
1514 2948 1565 2968 am
