1912 3292
440 260 672 308 LIBER
721 257 1109 314 QUARTUS.

180 391 482 446 Multiplexque
501 389 579 429 loci
600 388 775 442 spatium
795 394 1074 427 transcurrere
1095 387 1240 428 eodem

174 465 395 520 Tempore,
417 477 500 517 quo
521 462 612 502 solis
631 461 873 518 pervolgant
892 461 1048 502 lumina
1068 461 1239 502 coelum?

64 542 146 578 ‘210

236 538 369 579 Hocc’
389 537 511 576 etiam
532 536 576 577 in
595 536 738 591 primis
759 537 964 592 specimen
985 550 1127 577 verum
1148 551 1232 576 esse
1252 534 1429 585 videtur,

176 611 315 660 Quam
335 609 454 650 celeri
474 617 591 651 motu
610 625 748 652 rerum
769 610 984 652 simulacra
1003 609 1204 651 ferantur:

175 683 317 734 Quod,
339 683 458 724 simul
478 699 525 725 ac
544 684 725 739 primum
746 685 820 726 sub
841 685 913 726 diu
935 684 1126 739 splendor
1146 685 1271 739 aquai

33 841 72 872 O.
89 843 124 870 Δ.
140 843 175 871 Σ.
193 838 441 880 „on—feruntur.-
468 839 564 869 Vind.
589 840 628 870 V.
651 840 699 870 ed.
718 841 755 871 B.

30 892 67 923 L.
84 891 132 922 Μ.
153 898 186 922 Ο.
204 895 240 923 Σ.
253 891 422 931 firmittem
447 890 500 921 sed
522 891 613 922 male.
658 893 756 922 Hanc

31 948 137 973 autem
163 941 330 972 stationem
355 941 460 972 versus
476 942 639 974 Bentleius
660 944 756 974 etiam

30 1004 88 1024 suo
112 992 232 1024 calculo
254 993 478 1032 comprobavit:
510 994 548 1024 de
571 994 633 1035 qua.
654 1005 687 1025 re
716 995 756 1026 ad

31 1054 90 1075 ver.
110 1048 178 1076 194.
197 1044 265 1084 jam
281 1044 426 1075 diximus.

73 1095 148 1126 Ver.
162 1099 235 1126 205.
258 1095 415 1134 Editores,
438 1095 574 1135 ingeniis
589 1096 755 1137 indulgen-

30 1153 87 1185 tes,
117 1146 287 1177 inferciunt
314 1149 347 1178 in
377 1153 445 1186 post
468 1146 591 1187 prz'mc'c':
627 1148 758 1179 artifices

33 1198 195 1237 peritiores
219 1203 292 1228 aute
316 1208 425 1228 vocem
440 1198 527 1229 illam
542 1199 689 1230 libentius
703 1210 758 1239 po-

29 1249 180 1286 suissent3
202 1249 256 1280 sed
278 1249 366 1279 nefas
394 1256 473 1279 esset
494 1250 641 1280 utrolibet
656 1250 757 1281 incul-

33 1310 102 1330 care
128 1305 237 1330 contra
262 1300 363 1330 libros.
408 1301 552 1331 Eandem
568 1302 757 1341 praepositio-

30 1360 105 1380 nem
121 1350 247 1380 fortasse
263 1349 433 1380 consultius
455 1351 628 1382 omisissem
644 1352 683 1382 ad
697 1362 758 1383 ver.

31 1406 81 1433 69.
92 1412 200 1440 supra,
216 1411 290 1431 nam
305 1402 395 1440 proni
411 1409 484 1432 sunt
498 1403 538 1433 ad
550 1405 605 1433 has
620 1404 756 1443 interpo-

30 1453 168 1490 lationes,
198 1453 358 1483 usitatiore
387 1453 426 1483 de
448 1455 600 1485 sermonis
620 1455 755 1495 plenitu-

31 1505 114 1543 dine,
128 1504 327 1535 mediocriter
341 1505 464 1536 eruditi.

71 1556 146 1587 Ver.
161 1560 234 1587 206.
246 1556 416 1596 jaciuntur
434 1559 539 1588 nulla:
565 1558 602 1588 B.
607 1558 756 1598 jacuimr

30 1610 103 1639 ulla.

76 1658 156 1689 Ibid.
192 1661 344 1690 emissum.
399 1659 514 1690 Sedulo
543 1661 681 1691 notanda
710 1668 756 1692 est

32 1711 97 1741 baec
112 1709 213 1740 forma
228 1710 366 1740 nominis
391 1711 555 1747 rarissima,
582 1722 640 1750 pro
664 1715 753 1743 emis·

31 1763 153 1792 sionem.
199 1760 348 1790 Similiter
369 1763 498 1792 amissus
521 1762 554 1791 in
582 1763 616 1792 C.
634 1762 756 1801 Nepote

31 1819 88 1848 est,
105 1812 153 1842 vii.
166 1816 194 1843 6.
208 1816 235 1842 2.
251 1812 336 1852 quod
350 1823 407 1842 nec
422 1813 538 1843 librarii
553 1824 611 1844 nec
625 1814 757 1844 editores

33 1863 186 1892 intactum
200 1863 363 1903 reliquere:
390 1864 433 1893 sic
448 1866 644 1898 intermissus,
671 1865 755 1896 Plin.

32 1920 95 1944 nat.
112 1915 181 1944 hist.
197 1925 225 1944 x.
243 1918 292 1944 43.
308 1915 374 1944 init.
392 1918 569 1954 permissus,
585 1917 705 1955 Livius,
728 1922 760 1947 et

32 1965 102 2003 alii3
130 1969 309 2005 promissus,
335 1966 499 2005 IManilius,
526 1978 553 1998 v,
584 1971 656 1998 578.
689 1971 757 1999 sub-

33 2018 150 2052 missus,
175 2016 397 2053 Tertullianus,
431 2017 498 2048 adv,
531 2019 629 2049 Marc.
653 2029 679 2049 v,
710 2023 757 2050 16.

32 2070 236 2104 transmissus,
255 2068 369 2107 Caesar,
392 2068 431 2099 de
453 2069 523 2099 bell.
549 2070 630 2100 Gall.
652 2081 681 2100 v,
711 2074 758 2102 15.

34 2123 63 2150 2.
85 2120 140 2150 ubi
168 2119 246 2150 liber
268 2131 362 2158 unuS,
386 2123 536 2152 transitus
541 2137 552 2158 ,·
585 2132 623 2151 ex
644 2122 760 2162 glosse-

33 2176 125 2202 mate.

77 2223 152 2253 Ver.
169 2227 240 2254 207.
261 2225 381 2257 Quone:
408 2223 450 2255 V.
467 2224 516 2255 ed.
533 2232 573 2256 Π.
594 2227 703 2262 Quove3
723 2226 761 2256 P.

36 2276 166 2310 Nonne,-
189 2274 222 2303 in
237 2275 322 2314 quod
336 2275 457 2314 impetu
471 2277 672 2315 cupidissimo
694 2278 760 2308 Lu-

0 2335 1 2338 *
36 2325 165 2355 cretiani
194 2325 326 2355 editores
354 2327 544 2365 involarunt‚
574 2327 647 2358 licet
675 2338 762 2359 mera

36 2376 77 2406 sit
92 2376 304 2414 interpretatio
319 2377 463 2408 formulae
477 2379 512 2408 in
533 2380 708 2418 rarissimis,
731 2387 762 2411 et

35 2426 176 2466 plurium
204 2427 315 2457 similis
342 2429 375 2458 in
398 2430 543 2459 omnium
572 2431 761 2470 populorum

35 2477 166 2518 linguis,
182 2477 223 2508 ad
237 2478 322 2518 leges
335 2481 554 2519 grammaticas
569 2491 634 2511 non
645 2487 762 2513 temere

36 2529 202 2571 exigenda:
229 2541 304 2562 nam
326 2532 409 2571 prior
431 2534 541 2564 vocula
561 2546 619 2575 quo
641 2535 764 2566 videtur

36 2583 170 2612 omnino
185 2593 423 2622 supervacanea;
441 2585 495 2615 sed
510 2596 567 2616 nos
581 2586 689 2617 saltem
705 2588 764 2618 hoc

38 2638 179 2673 tempore
189 2635 301 2665 talium
313 2636 521 2668 subtilitatum
529 2637 651 2678 judices
658 2638 764 2670 idonei

39 2693 104 2715 non
119 2695 238 2716 sumus.
274 2687 396 2726 Livius,
407 2688 509 2718 xxxiv.
520 2693 548 2720 6.
564 2693 679 2720 14.—“
690 2700 763 2721 cau-

37 2738 62 2754 “
76 2741 146 2766 tum
168 2742 243 2773 erat,
272 2749 369 2777 quone
391 2739 461 2779 plus
483 2740 550 2771 auri
580 2747 611 2771 et
639 2742 760 2783 argenti

39 2788 64 2804 ‘⁶
79 2786 162 2825 facti,
174 2799 270 2828 quone
286 2788 356 2828 plus
369 2790 482 2831 signati
498 2792 618 2833 argenti
633 2799 664 2823 et
680 2794 758 2833 aeris,

37 2838 61 2855 “
82 2836 168 2868 domi
182 2839 398 2871 haberemus.”
444 2842 498 2873 Ad
512 2843 694 2882 Horatium,
708 2850 764 2876 sat.

37 2887 58 2919 i.
76 2891 123 2920 lo.
139 2893 189 2920 21.
203 2890 271 2922 libri
286 2892 454 2924 fluctuant:

66 2967 159 2978 ---
168 2958 191 2984 0
201 2959 253 2985 seri
263 2960 413 2989 studiorum
423 2963 429 2989 Ε
447 2962 523 2995 quine
532 2963 632 2997 putetis

831 838 942 864 Difficile
953 842 980 864 et
991 839 1104 869 mirum,
1114 838 1218 863 Rhodio
1231 839 1303 870 quod
1315 838 1478 864 Pitholeonti

831 879 969 911 Contigit?

799 943 902 973 Valde
917 943 1063 982 suspicor,
1074 943 1295 973 Lucretianam
1311 942 1480 973 formulam
1491 943 1527 974 in

799 995 883 1024 hunc
893 993 998 1024 locum
1009 1005 1075 1024 esse
1088 993 1338 1033 importandum5
1355 994 1527 1033 praesertim

799 1056 898 1086 quum
917 1047 1085 1076 Ascensius
1110 1047 1298 1085 interpretur
1323 1057 1377 1085 per
1394 1048 1524 1077 rVonne:

800 1097 853 1127 sed
868 1098 934 1127 haec
951 1097 1069 1136 phrasis
1084 1098 1162 1127 mihi
1184 1103 1230 1127 est
1245 1097 1456 1127 recentissime
1470 1099 1527 1127 ob-

801 1154 927 1184 servata,
954 1148 1085 1188 ideoque
1113 1148 1182 1188 jam
1206 1158 1290 1178 nunc
1313 1147 1393 1177 nihil
1415 1149 1533 1186 habeo,

801 1200 885 1239 quod
900 1199 1084 1237 adscribam,
1101 1199 1298 1238 exploratius.

844 1253 919 1282 Ver.
944 1255 1015 1282 208.
1039 1253 1219 1290 Multipleoe:
1255 1251 1292 1281 Ρ.
1322 1251 1509 1289 Muln‘plicz's
1516 1265 1528 1286 ,-

802 1313 871 1342 quae
886 1301 968 1331 male
983 1301 1084 1331 feriati
1107 1308 1152 1331 est
1174 1301 1310 1331 hominis
1336 1301 1527 1339 immutatio,

802 1353 841 1384 de
857 1353 980 1394 syllabae
996 1353 1141 1383 secundae
1157 1354 1329 1393 quantitate
1345 1353 1439 1383 stulte
1454 1352 1528 1382 soli-

801 1405 863 1435 citi.
907 1405 1019 1443 Porro,
1043 1406 1101 1434 hoc
1124 1404 1277 1435 distichon
1295 1405 1362 1446 jam
1381 1404 1529 1445 legimus,

801 1457 840 1487 ad
855 1457 888 1487 ii.
908 1460 978 1487 162.

843 1508 918 1538 Ver.
934 1512 1007 1539 209.
1030 1509 1100 1538 solis
1105 1507 1240 1548 fulgura
1247 1524 1258 1544 ;
1283 1513 1319 1538 ut
1333 1507 1372 1538 de
1395 1506 1529 1537 AEtnaeis

800 1558 937 1599 ignibus,
960 1559 979 1589 i.
1004 1562 1076 1590 726.
1088 1561 1241 1600 flamma’i
1257 1560 1407 1599 fulgura:
1432 1568 1529 1598 quam

799 1609 990 1640 locutionem
1022 1610 1156 1640 Ovidius
1186 1610 1316 1649 excepit,
1343 1610 1383 1640 ad
1411 1609 1478 1639 fast.
1504 1609 1526 1639 i.

800 1663 873 1690 574.

862 1736 895 1759 Et
906 1735 1029 1767 rapidum
1042 1735 1251 1767 AEtnaeofulgur
1262 1736 1294 1760 ab
1306 1735 1368 1767 igne
1376 1735 1438 1766 jaci.

844 1800 917 1830 Ver.
942 1805 1012 1832 210.
1034 1804 1201 1841 specimen:
1235 1802 1273 1832 P.
1298 1806 1528 1841 speclem.—ve-

801 1862 887 1882 rum:
915 1852 952 1882 P.
967 1855 1047 1888 veri,·
1076 1851 1114 1883 V.
1136 1852 1185 1882 ed.
1203 1855 1270 1888 ιιι-ιζ·
1288 1853 1325 1883 Β.
1341 1855 1396 1882 uti.
1443 1852 1530 1882 Illud

801 1906 950 1944 specimen
966 1907 1030 1934 verz*
1044 1903 1146 1943 prima
1161 1904 1263 1934 fronte
1279 1904 1373 1944 possit
1395 1904 1530 1934 arridere

802 1963 926 1996 propter
946 1957 1099 1993 Persium,
1126 1963 1181 1987 sat.
1197 1968 1224 1988 v.
1244 1960 1315 2001 105..
1335 1968 1429 1998 quem
1452 1957 1530 1988 Pius

802 2011 973 2041 advocavit:

1024 2080 1086 2104 veri
1095 2081 1216 2112 specimen
1226 2081 1382 2113 dignoscere
1393 2081 1487 2106 calles:

803 2137 848 2167 sic
863 2137 948 2167 enim
964 2138 1068 2177 plures
1083 2139 1154 2170 libri
1178 2140 1274 2170 MSS.
1296 2150 1359 2170 non
1382 2142 1525 2180 speciem,-

804 2188 905 2218 sedin
921 2189 1069 2220 Lucretio
1089 2190 1187 2221 nolim
1209 2202 1350 2221 caussam
1373 2191 1530 2230 exempla-

804 2239 886 2269 rium
903 2241 1148 2272 castissimorum
1171 2242 1322 2281 deserere,
1338 2252 1371 2272 re
1386 2252 1451 2272 non
1476 2252 1528 2272 ur-

804 2296 906 2330 gente.

846 2343 922 2372 Ver.
941 2346 1012 2373 211.
1034 2350 1129 2375 motu:
1155 2345 1192 2375 L.
1209 2345 1255 2375 M.
1281 2352 1406 2380 motum;
1432 2343 1530 2381 unde,

804 2393 830 2422 si
859 2400 970 2424 motum
994 2395 1155 2433 praeiverat
1173 2398 1277 2434 celeri,
1306 2396 1397 2426 facile
1422 2395 1532 2425 fuisset

804 2445 1023 2484 conjectavisse
1038 2448 1119 2478 hanc
1136 2448 1390 2478 constitutionem
1404 2446 1528 2476 versus:

838 2518 927 2549 Quam
938 2522 1017 2545 motu
1029 2520 1055 2545 in
1064 2521 1144 2547 celeri
1152 2528 1242 2547 rerum
1252 2521 1393 2546 simulacra
1401 2520 1532 2546 ferantur.

808 2582 856 2612 M.
873 2589 978 2614 autem
994 2586 1252 2627 habetferuntur.

850 2633 927 2665 Ver.
956 2638 1027 2666 212.
1063 2639 1161 2671 Quod:
1194 2639 1233 2668 B.
1268 2639 1441 2672 Qua—sub
1462 2640 1531 2670 diu.-

808 2684 851 2714 sic
866 2685 984 2724 optime
998 2687 1119 2718 codices
1133 2688 1326 2729 integerrimi
1343 2694 1373 2720 et
1384 2689 1535 2730 antiquis-

804 2735 877 2766 simi
894 2737 931 2767 L.
949 2738 996 2768 M.
1012 2749 1086 2769 cum
1104 2738 1201 2770 Vind.
1219 2746 1259 2770 Π.
1277 2745 1311 2773 Σ.
1329 2740 1465 2781 Reliqui,
1480 2741 1536 2771 sub

805 2792 884 2821 divo.
919 2791 1131 2822 Vetustissimi
1149 2792 1300 2824 nimirum
1317 2794 1538 2824 Romanorum

807 2844 879 2873 dius
894 2842 1046 2880 dicebant,
1063 2855 1120 2884 pro
1134 2846 1206 2876 dies.
1253 2845 1377 2876 Nonius
1399 2845 1538 2877 Marcel-

808 2893 869 2933 lus,
884 2894 916 2925 ii.
929 2899 1002 2927 230.
1025 2900 1048 2916 “
1063 2898 1132 2929 Diu
1147 2908 1204 2937 pro
1214 2899 1280 2935 die‚·
1296 2897 1382 2929 unde
1396 2903 1428 2929 et
1439 2901 1536 2929 inter-

809 2947 832 2964 “
848 2947 903 2977 diu
918 2945 1040 2980 dicitur.
1071 2948 1234 2981 Titinnius
1249 2949 1447 2981 Fullonibus:
1468 2948 1537 2978 Nec
