1912 3292
342 218 432 265 178

851 210 913 259 T.
960 208 1341 260 LUCRETII

487 344 574 394 Qui
593 343 738 385 melior
756 343 910 394 multis,
931 358 1056 400 quam
1076 351 1138 394 tu,
1159 342 1251 394 fuit,
1273 340 1465 398 inprobe!
1498 342 1632 384 rebus.

346 423 454 460 1040
484 418 590 461 Inde
610 418 699 460 aliei
719 418 859 460 multei
879 433 1010 476 reges,
1027 432 1246 474 rerumque
1265 424 1467 472 potentes,

484 493 758 544 Obciderunt,
775 493 934 550 magnis
955 493 1047 549 quei
1068 491 1260 550 gentibus
1279 491 1565 546 inperitarunt.

363 650 384 664 “
394 651 454 675 Post
466 655 547 680 quam
560 648 658 673 Iumina
674 649 708 673 six
725 649 801 673 oculix
818 649 896 673 bonus
907 650 993 672 Ancus
1006 648 1069 672 reli-

451 690 471 702 “
481 688 566 720 quit.¹’

343 752 393 784 Sic
408 755 491 790 miis,
507 762 563 791 pro
578 755 660 787 meis,
677 750 847 791 legendum
863 761 928 781 esse
951 751 991 781 ad
1006 751 1068 782 Te-

339 809 416 833 rent.
444 803 562 833 Heaut.
594 802 633 832 iV.
660 805 692 832 5.
724 805 774 832 21.
803 803 929 833 monuit
957 803 1070 834 Velius

337 855 476 894 Longus,
492 865 521 893 p.
538 857 631 884 2256.
657 853 713 894 qui
731 854 914 885 Bentleium
932 863 1068 894 πολυμα-

336 908 473 936 θεστατον
488 910 518 934 et
530 903 762 947 οξνδερκεσ-τατον
772 905 858 936 haud
868 906 967 936 latuit.
986 906 1068 936 Vide

338 956 468 987 Anthol.
491 957 560 987 Lat.
580 957 603 986 i.
627 960 681 987 54.
705 960 735 987 5.
767 957 826 987 Est
851 957 956 998 itaque
979 959 1067 999 quasi

336 1008 453 1039 diceret
466 1008 647 1039 Lucretius:
668 1011 691 1027 “
708 1008 801 1039 Potes
815 1008 947 1039 subinde
958 1014 989 1039 te
1001 1014 1068 1041 tute

338 1064 361 1079 “
375 1060 492 1102 alloqui
505 1061 563 1091 hoc
578 1060 740 1091 notissimo
755 1070 846 1090 versu
861 1060 1019 1098 Enniano,
1036 1067 1068 1092 et

337 1116 360 1132 “
376 1114 521 1144 animum
532 1123 653 1154 aegrum
669 1112 853 1144 consolari.”

381 1164 462 1195 Ibid.
486 1166 626 1196 Lumina
640 1166 774 1206 reliquit.
821 1164 944 1203 Cicero,
965 1165 1005 1197 de
1019 1165 1067 1197 di-

336 1215 398 1246 vin.
413 1214 434 1246 i.
451 1218 502 1246 11.
517 1215 556 1246 de
571 1216 710 1247 secundo
725 1225 783 1246 suo
797 1216 978 1248 consulatu:

367 1292 424 1317 Aut
434 1298 530 1324 quum,
541 1292 651 1317 terribili
658 1295 793 1325 percussus
803 1291 929 1322 fulmine,
940 1291 1006 1317 civis

366 1333 440 1358 Luce
451 1333 585 1358 serenanti
596 1332 686 1358 vitalia
696 1332 795 1357 lumina
806 1331 889 1364 liquit.

339 1395 391 1426 Ita
405 1395 576 1438 legendum
598 1402 663 1435 est;
680 1407 842 1437 percussus
863 1395 982 1437 utique,
1006 1397 1025 1428 i.
1041 1407 1067 1428 e.

338 1447 434 1479 ictus:
460 1458 563 1489 neque
578 1447 678 1487 aliter,
705 1454 741 1479 ut
760 1449 827 1489 jam
850 1447 948 1484 video,
971 1448 1069 1479 codex

337 1509 422 1530 unus
437 1499 638 1530 Bodleianus.
685 1500 759 1530 Vox
776 1504 898 1538 recepta
914 1499 947 1529 in
959 1499 1068 1540 vulga-

337 1551 387 1589 tis,
397 1553 558 1591 perculsus
573 1552 697 1588 scilicet,
715 1553 755 1582 ab
780 1553 839 1582 hoc
854 1551 924 1582 Ioco
937 1551 1069 1582 alienior

335 1609 392 1634 est:
420 1613 472 1634 me
487 1604 594 1634 videas
607 1603 646 1634 ad
662 1604 682 1633 i.
701 1607 750 1633 15.
775 1603 967 1634 Ammianus
978 1604 1067 1634 Mar·

335 1654 478 1691 cellinus,
501 1665 572 1685 xxx.
589 1658 617 1686 5.
643 1658 665 1673 “
683 1654 757 1690 Quo
786 1654 839 1684 ille
865 1656 969 1691 verbo,
997 1661 1068 1686 tan-

335 1708 358 1723 “
374 1715 471 1746 quam
491 1705 563 1741 telo,
576 1707 748 1745 perculsus,
764 1711 852 1735 actus
867 1706 944 1746 ejus,
968 1711 1004 1736 ut
1019 1717 1067 1736 sa-

337 1759 359 1775 “
374 1766 435 1797 gax
465 1756 570 1792 bestia,
606 1755 852 1786 rimabatur-,⁹⁷
920 1756 1068 1795 Reponas

335 1807 498 1847 ocyssime,
512 1817 682 1848 percussus.
729 1806 804 1837 Alia
826 1812 872 1837 est
885 1807 992 1838 versus
1016 1808 1064 1839 Si-

335 1858 412 1889 liani
428 1858 513 1894 ratio,
542 1858 675 1899 figurate
690 1858 872 1898 accipiendi,
897 1858 984 1889 unde
999 1859 1065 1889 dic.

335 1911 454 1941 tionem
469 1911 602 1942 eandem
617 1921 682 1941 non
697 1910 880 1950 cmoverim,
906 1911 990 1942 Pun.
1006 1912 1065 1942 xvi.

335 1966 408 1993 626.

595 2033 672 2055 tanto
680 2030 789 2062 perculsi
792 2030 908 2061 fulmine
918 2029 1021 2055 belli—.

334 2087 463 2119 Naevius
486 2089 520 2118 in
547 2088 680 2119 disticho
698 2088 805 2119 vitiato
820 2087 904 2128 apud
920 2088 1066 2119 Nonium

338 2139 542 2178 Marcellum,
558 2139 577 2170 i.
596 2143 643 2170 18.

428 2223 483 2248 Alis
493 2222 608 2248 sublime
618 2222 682 2247 alios
693 2223 774 2247 saltus
786 2222 897 2253 inlicite,
912 2223 958 2247 ubi

427 2262 538 2294 nipedes
550 2262 672 2288 volucres
683 2262 736 2287 lino
747 2262 865 2294 linquant
875 2263 985 2287 lumina.

338 2334 393 2365 An
407 2336 589 2368 sublimem?
615 2334 685 2371 Sed,
701 2346 735 2366 re
750 2334 869 2376 ignota,
885 2337 944 2366 hoc
959 2335 1064 2366 hario-

337 2386 395 2418 lari
410 2393 466 2418 est.

379 2440 455 2470 Ver.
485 2443 577 2472 10:39.
602 2440 667 2470 Hic
696 2450 802 2471 versus
833 2439 995 2470 notissima
1020 2445 1068 2470 est

338 2489 508 2522 Maeonidis
522 2490 667 2530 imitatio,
679 2491 719 2522 ad
736 2491 774 2522 Il.
796 2497 835 2522 Φ.
854 2494 924 2522 107.

353 2562 469 2589 Xon-Ome
479 2573 527 2589 κου
538 2565 703 2600 Πωτροκλος,
714 2563 726 2590 ὅ
737 2573 779 2599 περ
791 2573 830 2590 σεο
843 2568 932 2589 troam
944 2572 1055 2597 αμυνων.

336 2623 461 2658 Quibus
476 2624 555 2656 illud
572 2625 707 2656 Hesiodi
726 2624 889 2656 consimile
904 2630 960 2663 est,
984 2616 1071 2665 quod'

335 2674 451 2714 legitur
465 2676 499 2707 in
516 2688 586 2718 opp.
602 2684 634 2708 et
648 2677 699 2709 dd.
713 2680 788 2710 205.

375 2745 510 2779 Δαιμονιη,
521 2760 545 2774 τι
556 2754 685 2782 λελακοιςς
707 2759 756 2785 εχει
767 2761 792 2777 νυ
803 2759 830 2776 σε
840 2755 929 2776 πολλον
941 2758 1029 2785 nepsam.

337 2805 478 2836 Accedet
491 2807 587 2838 etiam
601 2809 718 2849 Varro,
741 2810 781 2842 de
795 2821 829 2842 re
843 2817 920 2842 rust.
944 2811 976 2842 ii.
994 2813 1021 2841 1.
1039 2813 1067 2840 2.

336 2860 358 2875 “
376 2857 428 2888 De
443 2859 534 2889 tertia}
548 2866 645 2899 parte,
670 2863 726 2894 ubi
741 2869 787 2895 est
800 2863 839 2895 de
854 2869 929 2901 arte,
960 2861 1068 2894 Scrofa

337 2911 360 2927 “
378 2910 534 2950 suscipiet,

601 2983 635 3010 X

1423 648 1447 677 ὂς
1461 658 1503 684 περ
1514 659 1554 682 pax
1567 653 1656 675 πολλου
1667 654 1781 682 affirm·

1114 714 1137 730 “
1153 716 1189 741 ut
1200 710 1388 751 semigraecis
1398 710 1572 748 pastoribus
1579 711 1682 741 dicam
1697 710 1838 742 Graece.·'

1115 762 1167 792 Ita
1180 761 1330 792 clausulae
1346 761 1434 791 nobis
1446 760 1591 792 videntur
1604 762 1638 793 in
1650 762 1839 804 quibusdam

1113 813 1232 852 scriptis
1248 811 1444 843 commodius
1458 811 1590 852 disponi.
1637 812 1770 850 Interea,
1792 813 1839 852 pi-

1112 870 1165 904 get
1194 864 1307 902 dicere,
1337 874 1407 904 quae
1436 873 1530 894 nemo
1561 863 1695 895 libenter
1723 864 1841 901 audiet.

1112 914 1294 946 Bentleium
1308 914 1353 945 ita
1367 925 1433 945 esse
1445 914 1616 956 legendum
1630 915 1760 947 dixisse:

1172 982 1288 1007 Lumina
1297 982 1333 1006 sic
1346 982 1429 1007 oculis
1440 980 1522 1008 etiam
1535 982 1668 1008 Patroclus
1679 982 1797 1014 reliquit.

1111 1038 1173 1069 Sed
1188 1038 1338 1069 debemus
1364 1038 1534 1077 reminisci,
1557 1049 1712 1080 magnum
1734 1039 1839 1070 virum

1109 1099 1173 1119 non
1188 1089 1337 1120 meditate
1351 1089 1504 1129 scripsisse
1519 1089 1553 1120 in
1569 1090 1765 1130 Lucretium,
1782 1090 1837 1122 sed
1889 1098 1893 1104 ’

1111 1142 1325 1181 perfunctorie
1337 1148 1461 1173 tantum
1472 1142 1608 1183 margini
1616 1142 1761 1182 illevisse,
1769 1153 1841 1184 quae

1112 1193 1242 1225 fortuito
1257 1194 1286 1224 ei
1303 1203 1429 1225 carmen
1444 1193 1638 1233 percurrenti
1652 1193 1786 1224 subinde
1806 1193 1843 1224 in

1113 1253 1250 1277 mentem
1267 1246 1418 1282 venirent,
1444 1251 1584 1286 tempore
1605 1244 1742 1276 fortassis
1755 1255 1843 1276 com-

1112 1300 1254 1331 modiore
1268 1299 1471 1341 recogitanda
1485 1305 1516 1330 et
1530 1298 1729 1339 expolienda:
1755 1298 1842 1330 unde

1112 1352 1221 1394 nequit
1234 1352 1352 1393 ambigi
1375 1352 1452 1393 quin
1467 1351 1570 1382 multa
1582 1357 1672 1382 erant
1693 1351 1839 1382 secundae

1113 1403 1317 1445 cogitationes
1330 1403 1507 1434 sublaturae.

1157 1455 1238 1486 Ibid.
1261 1456 1392 1495 inprobe.
1437 1453 1601 1495 Virgilius,
1621 1455 1698 1485 AEn.
1711 1454 1751 1485 ἰν.
1766 1457 1840 1486 386.

1488 1523 1572 1554 dabis,
1580 1522 1682 1556 inprobe
1688 1526 1700 1549 !
1711 1529 1817 1556 poenas.

1153 1584 1228 1614 Ver.
1256 1587 1349 1615 1041.
1374 1585 1601 1624 inperitorum:
1632 1582 1676 1613 V.
1706 1581 1756 1613 ed.
1781 1583 1840 1613 im-

1109 1639 1299 1676 peditarum.

1111 1687 1162 1718 Ex
1178 1688 1237 1717 hoc
1253 1691 1360 1717 autem
1374 1696 1465 1717 versu
1479 1685 1558 1716 mihi
1574 1684 1681 1716 videor
1706 1684 1839 1716 Horati-

1111 1748 1167 1768 um
1182 1739 1262 1768 bene
1276 1736 1469 1773 emendasse,
1484 1743 1538 1767 sat.
1551 1736 1571 1767 i.
1588 1740 1616 1768 6.
1630 1739 1659 1767 4.

1171 1804 1243 1830 Olim
1255 1805 1303 1836 qui
1312 1804 1419 1837 magnis
1427 1803 1569 1836 regionibus
1579 1802 1776 1835 imperitam-lt:

1109 1862 1130 1892 i.
1145 1872 1170 1893 e.
1194 1861 1306 1902 amplis
1319 1861 1494 1901 provinciis
1529 1860 1726 1900 Pomponius
1741 1859 1842 1896 Mela,

1110 1914 1130 1944 i.
1155 1917 1168 1944 1
1177 1916 1204 1944 2.
1228 1916 1327 1944 5.--“
1343 1912 1439 1943 classe
1461 1911 1637 1953 confligere,
1664 1913 1842 1952 imperitare

1112 1968 1135 1983 ‘⁴
1148 1964 1366 2005 gentibus—.’‘
1413 1965 1510 2004 Legio
1537 1973 1602 1994 non
1626 1963 1686 1993 nisi
1701 1962 1742 1993 ad
1757 1962 1840 1993 mili-

1110 2021 1192 2047 tares
1206 2022 1326 2047 turmas
1340 2015 1462 2046 videtur
1477 2014 1641 2054 pertinere.
1681 2014 1733 2044 Sic
1751 2013 1840 2045 Sido-

1109 2067 1181 2098 nius
1196 2067 1402 2108 ApollinariS,
1417 2066 1449 2097 ii.
1466 2069 1538 2097 204.

1140 2152 1181 2177 Sic
1192 2152 1240 2176 sub
1250 2154 1325 2183 patre
1336 2151 1405 2181 Pius,
1415 2150 1572 2176 moderatus
1582 2153 1669 2174 caum
1678 2149 1807 2182 parentis,

1141 2193 1182 2217 Sic
1193 2194 1309 2221 Marcus,
1319 2191 1430 2216 vivente
1440 2191 1495 2221 Pio,
1506 2194 1567 2223 post
1575 2191 1636 2222 jura
1646 2190 1746 2220 daturi,

1140 2231 1382 2257 Innumerabilibus
1391 2230 1528 2262 legionibus
1539 2229 1729 2262 imperitabant.

1110 2306 1195 2336 Vide
1210 2315 1268 2336 nos
1281 2305 1323 2335 ad
1338 2304 1520 2341 Horatium,
1532 2310 1564 2335 et
1575 2304 1750 2335 dictionum
1763 2297 1841 2344 leggia

1109 2369 1145 2389 ac
1159 2361 1242 2398 regio
1259 2358 1524 2398 permutationem
1546 2357 1588 2387 ad
1607 2356 1713 2387 Valer.
1739 2355 1842 2388 Haec.

1110 2410 1147 2440 vi.
1166 2413 1217 2441 48.
1241 2416 1273 2440 et
1286 2420 1381 2450 supra
1394 2419 1530 2450 quoque,
1553 2407 1593 2439 ad
1607 2409 1627 2438 i.
1643 2411 1716 2440 470.

1152 2463 1227 2493 Ver.
1245 2466 1336 2493 1042.
1360 2465 1431 2502 qui:
1459 2461 1498 2493 V.
1514 2461 1562 2492 ed.
1583 2471 1658 2502 que‚·
1683 2465 1724 2491 11.
1747 2470 1836 2501 quat:

1110 2514 1165 2556 qui
1179 2513 1278 2544 codex
1293 2513 1397 2546 statim
1414 2512 1531 2544 omittit
1544 2523 1611 2553 que.

1155 2565 1235 2597 Ibid.
1259 2567 1319 2597 Ille
1341 2576 1457 2606 quoque
1479 2567 1562 2606 ipse„
1597 2562 1842 2599 Hermesianax,

1111 2617 1196 2658 apud
1213 2618 1330 2648 Athen.
1346 2616 1450 2656 deipn.
1466 2615 1531 2647 xiii.
1546 2618 1575 2646 8.

1188 2689 1315 2715 ΑΥΤΟΣ
1332 2686 1354 2714 δ’
1369 2687 1502 2714 ὈΥΤΟΣ
1515 2686 1645 2714 “office—-

1154 2756 1233 2786 Ver.
1253 2759 1345 2786 1043.
1367 2756 1481 2786 Stravit
1495 2756 1574 2785 viam
1587 2764 1645 2794 per
1659 2763 1760 2783 mare:
1779 2750 1843 2782 ele·

1110 2813 1291 2838 mentorum
1306 2817 1365 2836 usu
1381 2811 1513 2844 mutato,
1534 2811 1570 2836 ut
1586 2806 1679 2836 habet
1695 2802 1842 2834 Ammia-

1112 2869 1180 2895 nus,
1210 2857 1294 2888 xxiii.
1324 2861 1354 2888 6.
1393 2857 1478 2888 Cum
1509 2862 1616 2888 nostro
1644 2855 1768 2887 locutus
1797 2857 1843 2885 est

1112 2911 1265 2950 Avienus,
1281 2920 1325 2942 or.
1340 2909 1441 2941 marit.
1457 2912 1529 2941 527.
