1912 3292
325 206 417 252 170

819 199 879 248 Τ.
933 195 1314 249 LUCRETII

467 333 555 376 Aut
573 333 651 376 alifi
671 333 752 390 qua
773 334 832 376 vis
851 333 1044 376 scindunt
1063 331 1281 388 turpedine
1300 344 1423 372 curae.

526 408 723 465 Sisyphus
742 409 786 450 in
805 408 888 451 vita
909 423 1072 465 quoque
1090 406 1209 449 nobis
1229 412 1325 447 ante
1344 402 1482 446 oculos
1503 403 1585 453 est,⁸

466 483 552 532 Qui
570 491 709 539 petere
728 499 754 525 a
771 483 925 539 populo
944 482 1085 532 fasces,
1107 494 1312 535 saevasque
1332 492 1505 527 secures,

329 560 436 597 1010
467 556 641 608 Inbibit;
673 567 714 600 et
733 571 893 613 semper
912 558 1056 606 victus,
1078 554 1297 609 tristisque,
1322 552 1488 593 recedit.

319 712 340 742 i.
370 723 396 743 e.
433 713 602 753 rapacium,
632 703 772 743 celeriter
808 711 1044 748 devorantium;

320 763 391 794 vide
410 764 450 794 ad
472 764 511 794 iv.
527 766 600 794 716.
625 763 754 804 hujusce
775 763 1044 794 carminis—De-

319 816 422 856 nique,
441 825 505 846 non
519 815 610 846 video
623 815 664 846 de
678 817 736 847 hac
751 816 969 847 emendatione
984 815 1045 846 dif-

320 866 436 898 fidendi
451 877 604 906 caussam,
619 877 659 898 ne
673 868 888 900 tenuissimam
901 868 1040 910 quidem:

319 928 406 956 nam,
432 918 517 959 quod
538 918 579 949 ad
601 918 796 961 frequentem
819 920 1045 959 porrectionem

318 969 444 1010 syllabae
471 971 572 1001 brevis
603 971 637 1002 in
667 972 726 1002 hac
755 971 873 1002 caesura
901 972 1046 1012 pertinet,

318 1030 444 1060 prorsus
465 1021 499 1052 in
514 1021 563 1052 his
576 1021 674 1052 literis
695 1022 915 1053 inexercitatus
936 1021 977 1053 sit
991 1032 1046 1052 ne-

318 1083 400 1104 cesse
415 1078 468 1110 est,
484 1074 540 1114 qui
554 1084 586 1104 se
597 1073 646 1104 vel
657 1074 691 1105 in
701 1075 835 1106 transitu
850 1073 1047 1105 monendum

319 1124 462 1164 postulet.
507 1125 564 1164 At,
593 1124 620 1156 si
649 1125 719 1166 quis
747 1126 782 1156 in
811 1135 850 1156 eo
875 1124 1046 1162 cavilletur,

318 1178 403 1219 quod
418 1189 457 1209 ex
472 1177 577 1210 nostra
587 1178 779 1210 divinatione
794 1179 910 1219 duplex
925 1178 1045 1219 epithe-

319 1236 374 1260 ton
391 1237 564 1269 enascatur,
590 1231 655 1269 ille,
681 1231 735 1272 qui
760 1231 802 1262 sit
823 1231 913 1271 poeta
928 1231 1046 1262 Lucre-

317 1281 391 1320 tius,
417 1281 549 1322 ignorat,
572 1282 712 1323 quisquis
735 1283 793 1312 hac
815 1293 849 1313 re
870 1292 963 1322 super
988 1281 1047 1313 sibi

316 1332 571 1372 respondendum
593 1333 674 1364 velit.
721 1333 774 1364 Ad
789 1343 826 1364 ea
847 1333 951 1374 igitur,
975 1343 1047 1374 quae

319 1391 495 1424 supersunt,
532 1385 757 1428 persequenda,
785 1385 853 1427 jam
884 1385 1044 1427 progredi-

318 1445 397 1466 mur.

360 1498 435 1529 Ver.
453 1503 545 1531 1007.
568 1503 692 1542 quavis.-
721 1501 763 1531 V.
786 1500 834 1532 ed.
856 1500 1046 1542 quamvis.—

316 1553 496 1591 tzarpedine:
530 1551 567 1582 P.
591 1554 762 1593 torpedinc;
799 1552 840 1582 V.
871 1551 919 1582 cd.
946 1556 982 1583 Δ.
1010 1555 1044 1583 Σ.

315 1604 488 1642 ειινριίἰὶιιες
513 1609 548 1633 ut
568 1613 625 1635 nos
646 1609 754 1634 autem
775 1603 930 1639 dedimus,
948 1601 1044 1632 Vind.

315 1652 354 1682 Β.
377 1652 413 1683 L.
438 1652 478 1684 Ο.
506 1660 548 1684 Π.
571 1661 617 1685 Ω.
640 1654 746 1695 vulgo,
772 1655 958 1694 cuppedine:
992 1653 1047 1684 sed

315 1703 396 1734 mihi
422 1714 487 1735 non
514 1704 613 1746 liquet
636 1706 686 1736 vel
707 1706 741 1737 in
763 1716 829 1736 uno
843 1705 949 1736 codice
963 1706 1045 1736 hanc

315 1755 500 1796 scripturam
513 1756 645 1788 inveniri
650 1769 660 1796 ;
684 1764 716 1789 et
729 1757 876 1789 credibile
889 1763 937 1788 est
950 1757 1043 1789 libra-

313 1807 388 1847 rios,
402 1808 437 1838 in
449 1809 566 1840 rariore
580 1810 730 1841 vocabulo
744 1811 885 1846 offensos,
901 1810 1044 1841 usitatius

315 1862 477 1893 contextui
491 1873 546 1902 per
563 1863 759 1895 arbitrariam
772 1864 1044 1904 importunitatem

314 1912 488 1944 inseruisse.
514 1914 711 1945 Glossarium
725 1921 814 1946 vetus
827 1921 893 1946 tam
907 1917 1042 1956 turpedo‚

315 1974 412 2005 quam
440 1967 572 2005 turpido,
602 1965 656 1996 sed
685 1966 801 1996 insulse
828 1977 884 2006 pro
911 1968 1041 2006 torpedo,

315 2015 419 2046 videas
433 2026 600 2057 agnoscere
606 2028 616 2054 ;
639 2022 670 2047 et
685 2017 788 2057 plures
802 2018 965 2058 utriusque
976 2017 1041 2048 dic-

315 2068 409 2099 tionis
435 2068 634 2100 auctoritates
659 2070 743 2109 apud
764 2069 950 2110 glossarium
969 2069 1042 2100 doc-

315 2119 427 2150 tissimi
453 2120 610 2161 Ducange
634 2121 789 2152 collectas:
827 2121 924 2159 unde,
948 2126 978 2152 et
1003 2131 1042 2151 ex

316 2171 409 2201 Fabri
424 2170 532 2207 lexico,
547 2171 660 2203 certior
673 2172 775 2203 factus
788 2183 866 2209 sum,
890 2171 1044 2203 nonnulla

316 2221 505 2253 Tertulliani
527 2223 725 2262 exemplaria,
749 2223 789 2255 de
804 2235 909 2255 coron.
927 2228 977 2255 14.
1000 2224 1043 2254 le-

316 2284 402 2314 gere:
431 2277 452 2293 “
470 2274 575 2312 Certe,
591 2281 703 2313 praeter
717 2275 864 2316 figuram,
880 2281 1042 2306 contume-

316 2329 339 2343 “
355 2325 398 2355 lia
411 2325 444 2355 in
460 2331 606 2365 promptu
622 2332 680 2364 est,
704 2332 736 2357 et
755 2329 891 2368 turpido,
916 2333 947 2357 et
968 2337 1043 2358 con-

316 2381 338 2395 “
354 2376 523 2407 tumelia:”
547 2377 660 2408 nostris
684 2384 791 2409 tamen
820 2378 855 2409 in
884 2378 1042 2419 impressis

314 2431 474 2469 turpitudo
497 2435 671 2470 comparet;
703 2430 736 2460 in
762 2436 886 2462 tantum
909 2431 1041 2462 castissi-

315 2492 439 2513 marum
465 2486 719 2517 membranarum
744 2486 939 2517 conculcatio
953 2496 1039 2527 gras·

315 2534 374 2564 sari
397 2535 489 2568 solet!
513 2537 590 2568 Jam
605 2547 678 2568 vero
701 2536 827 2574 locutio,
853 2536 917 2568 alia
934 2539 1041 2578 quavis

314 2589 474 2626 turpedine
488 2599 582 2625 curce,
601 2590 697 2628 proba
717 2593 775 2626 est,
797 2589 908 2628 facilis,
923 2595 955 2619 et
970 2589 1042 2620 satis

315 2638 414 2675 obvia,
437 2650 494 2678 pro
517 2644 539 2659 “
555 2651 640 2671 curae
661 2642 804 2682 quamvis
825 2641 918 2672 aliam
935 2647 1040 2682 turpe·

316 2690 339 2706 “
355 2688 461 2720 dinem
477 2691 663 2730 habentes;”
685 2692 759 2724 forti
779 2703 893 2733 nempe
909 2693 987 2732 viro,
1011 2698 1042 2723 et

315 2749 421 2770 veram
436 2747 581 2772 naturam
596 2753 702 2774 rerum
717 2743 853 2783 callenti,
874 2743 1040 2776 dedecoro·

316 2800 392 2822 sam.
436 2792 590 2825 Horatius
605 2795 681 2826 tales
695 2806 786 2828 curas
796 2797 962 2828 vocavisset
976 2808 1040 2829 sor·

316 2846 414 2877 clidas.
461 2846 578 2878 Confer
598 2848 632 2879 ii.
657 2853 728 2883 679.
764 2851 1042 2888 Quemadmodum

316 2898 338 2914 “
354 2902 457 2939 turpes
470 2897 580 2937 luctus,
602 2906 705 2942 turpes
719 2902 854 2941 metus,'’
877 2909 908 2934 et
923 2903 958 2934 in
972 2902 1042 2934 aliis

1088 708 1186 739 animi
1201 707 1361 738 affectibus
1375 705 1491 736 similes
1500 704 1655 743 formulae,
1671 704 1815 746 frequen·

1088 766 1203 791 tantur.
1247 759 1316 790 Nec
1337 772 1378 798 τῳ
1399 759 1568 798 cuppedine
1581 756 1719 788 multum
1733 756 1815 788 favet

1088 810 1230 842 lectionis
1251 810 1381 840 varietas
1405 808 1446 839 ad
1460 808 1498 839 vi.
1515 811 1565 838 24.
1587 807 1642 849 qui
1666 807 1755 838 locus
1768 807 1814 837 vi-

1089 862 1210 894 dendus
1224 867 1282 892 est:
1308 871 1383 892 nam
1399 859 1486 890 libris
1499 859 1550 890 hic
1567 859 1678 890 malim
1692 861 1812 891 obtem-

1089 925 1204 955 perare.

1091 967 1225 1002 Interea,
1240 966 1416 1006 cogitabam
1430 975 1470 995 an
1485 974 1540 1004 per
1554 965 1745 1005 hyperbaton
1760 962 1814 993 illa

1090 1017 1258 1049 difficultas
1279 1017 1425 1048 dictionis
1447 1018 1580 1048 volucres
1605 1015 1674 1047 tolli
1696 1016 1814 1047 interea

1090 1075 1218 1110 poterat,
1234 1067 1274 1099 ad
1288 1070 1373 1099 huuc
1388 1067 1519 1099 modum
1535 1067 1662 1098 scilicet:

1121 1147 1211 1178 Quem
1228 1145 1350 1171 volucres
1367 1144 1498 1173 iacerent,
1517 1146 1600 1174 atque
1619 1145 1699 1168 exest
1718 1141 1815 1168 anxius

1120 1227 1176 1252 Aut
1186 1226 1237 1252 ali-³
1248 1191 1479 1258 φῗέῗιζέἓίῐιᾱυηῐ
1488 1223 1643 1257 turpedine,
1651 1229 1743 1258 (ξω-πε

1089 1290 1109 1320 ἰ.
1125 1301 1150 1321 e.
1173 1292 1305 1322 volucres
1327 1299 1424 1320 curae:
1454 1298 1529 1318 nam
1554 1287 1684 1328 hujusce
1707 1286 1817 1328 figure

1089 1342 1179 1374 nobis
1201 1341 1304 1372 multa
1329 1347 1403 1372 sunt
1427 1340 1461 1371 in
1486 1339 1633 1370 manibus
1657 1338 1816 1379 exempla;

1088 1393 1203 1435 quibus
1222 1399 1330 1424 tamen
1352 1391 1555 1423 admovendis
1575 1391 1634 1421 hac
1654 1390 1816 1421 occasione

1088 1445 1279 1486 supersederi
1294 1444 1412 1476 malim.
1457 1443 1625 1483 Horatius,
1647 1442 1698 1474 od.
1717 1442 1749 1473 ii.
1766 1445 1816 1473 16.

1092 1500 1140 1529 11.

1315 1555 1409 1584 emas,
1423 1553 1547 1585 laqueata
1556 1552 1660 1579 circum

1274 1595 1364 1620 Tecta
1374 1592 1501 1619 volancia

1090 1659 1166 1690 Hoc
1179 1663 1286 1689 autem
1306 1657 1474 1689 lectoribus
1499 1654 1741 1698 expendendum
1764 1665 1813 1687 re·

1089 1710 1271 1751 linquimus.

1132 1761 1212 1792 Ibid.
1227 1762 1382 1792 scindam.
1406 1759 1585 1791 Translatio
1599 1764 1644 1790 est
1659 1769 1697 1791 ex
1711 1757 1815 1790 officio

1087 1812 1241 1844 carnificis
1255 1812 1405 1850 derivata,
1423 1812 1601 1842 vinctorum
1615 1820 1745 1851 corpora
1758 1809 1814 1841 fla-
1862 1805 1875 1818 ⁸

1087 1864 1171 1907 gello
1185 1864 1389 1895 dilacerantis.
1435 1863 1540 1900 Silius,
1562 1863 1643 1895 Pun.
1659 1863 1681 1894 i.
1702 1866 1770 1894 172.

1117 1940 1177 1963 Non
1196 1938 1282 1971 ignes,
1298 1939 1470 1969 candensque
1487 1936 1610 1969 chalybs,
1628 1943 1683 1962 non
1701 1936 1812 1961 verbera

1273 1977 1381 2008 passim,

1117 2017 1216 2042 Ictibus
1225 2016 1371 2042 innumeris
1381 2015 1500 2041 lacerum
1511 2014 1652 2040 scindentia
1662 2020 1799 2047 corpus—.

1088 2079 1220 2111 Ovidius
1235 2079 1340 2117 etiam,
1355 2079 1390 2110 in
1407 2079 1454 2110 Ib.
1470 2088 1531 2110 ver.
1549 2081 1620 2109 185.

1117 2153 1180 2178 Heic
1191 2153 1240 2178 tibi
1250 2153 1284 2178 de
1295 2153 1378 2177 Furiis
1387 2152 1482 2177 scindet
1492 2152 1561 2177 latus
1573 2158 1626 2177 una
1637 2151 1752 2185 flagello.

1087 2227 1196 2264 Porro,
1223 2225 1367 2256 similim-
1388 2224 1521 2265 figurate
1545 2225 1721 2264 Juvenalis,
1747 2225 1810 2256 xiii.

1089 2281 1138 2309 94.

1390 2353 1466 2378 quos,
1477 2346 1527 2371 din·
1537 2345 1643 2371 conscia
1652 2345 1729 2377 facti,
1768 2363 1771 2368 .

1101 2387 1177 2411 Mens
1187 2386 1269 2411 habet
1279 2385 1419 2416 attonitos,
1429 2388 1457 2411 et
1467 2385 1548 2410 surdo
1559 2385 1670 2411 verbere
1679 2384 1774 2415 caedit,

1100 2425 1246 2450 Occultum
1257 2426 1396 2456 quatiente
1404 2425 1497 2450 animo
1506 2428 1610 2451 tortore
1621 2425 1756 2458 flagellum
1762 2431 1774 2457 J

1084 2488 1118 2518 in
1133 2499 1211 2530 quos
1226 2499 1331 2519 versus
1345 2488 1449 2530 dignae
1463 2495 1544 2526 sunt,
1561 2499 1631 2530 quae
1646 2488 1809 2530 perlegan-

1084 2546 1144 2578 tur,
1163 2541 1313 2581 Grangaei
1323 2539 1618 2580 animadversiones,
1633 2540 1674 2572 ad
1685 2546 1807 2572 senten-

1083 2593 1161 2623 tiam
1175 2592 1418 2624 illuminandam
1432 2595 1511 2625 bene
1524 2593 1679 2624 facientes.
1717 2591 1807 2622 Hinc

1084 2650 1190 2675 autem
1204 2656 1288 2676 cnroe
1302 2645 1417 2685 saepius
1430 2647 1584 2677 mordaces
1598 2644 1756 2682 dicuntur,
1776 2649 1808 2674 et

1083 2698 1212 2736 spinosoe
1230 2696 1366 2735 Catullo,
1382 2696 1454 2727 lxiv.
1470 2700 1519 2727 72.
1541 2695 1616 2736 quia
1628 2696 1772 2726 lacerent.

1127 2746 1201 2777 Ver.
1221 2750 1314 2780 1009.
1345 2758 1495 2788 soevasque
1522 2757 1649 2778 secures.
1701 2746 1806 2783 Maro,

1085 2798 1162 2829 AEn.
1179 2797 1217 2828 vi.
1233 2801 1306 2829 820.

1099 2872 1221 2898 Consulis
1230 2873 1364 2905 inperium
1378 2874 1421 2899 hic
1432 2873 1543 2906 primus,
1555 2879 1691 2906 saevasque
1701 2877 1805 2902 secures,

1099 2913 1298 2945 meimet.—
