1912 3292
0 714 2 744 Ι

0 764 2 788 Ι

0 795 2 821 l

0 863 1 878 η

496 228 728 288 LIBER
777 237 1128 285 TERTIUS.
1534 237 1562 279 9

205 377 286 418 Res
306 372 431 416 animi
451 386 594 427 pacem
614 370 767 411 delibat
786 378 972 424 tempore
993 369 1036 408 in
1056 367 1151 408 ullo.

118 455 170 492 25
203 451 262 491 At
281 455 424 490 contra
443 460 647 501 nusquam
668 444 869 500 adparent
891 442 1122 484 Acherusia
1141 440 1310 497 templa;

200 523 288 564 Nec
308 521 423 563 tellus
443 520 593 570 obstat,
616 520 716 576 quin
737 519 879 560 omnia
899 518 1192 573 despiciantur,

200 597 286 640 Sub
303 595 479 652 pedibus
500 609 804 652 quaequomque
823 594 931 635 infra
949 608 1026 649 per
1043 593 1168 634 inane
1186 597 1399 648 geruntur.

53 765 116 790 nos,
154 760 191 784 ut
219 753 327 784 leviter
355 754 564 793 depravatam,
598 753 778 795 conjectura

49 806 279 836 tentaverimus.
324 806 435 835 Exstat
451 806 484 835 in
502 806 576 836 AEn.
592 806 631 837 vi.
648 810 720 837 640.

78 879 188 911 Largior
199 878 258 904 heic
269 886 378 911 campos
389 879 487 909 aether‚
499 883 527 905 et
539 879 644 905 lumine
655 879 736 904 vestit

78 921 260 951 Purpureo—2

46 986 70 1001 ‘⁶
85 984 181 1013 aether
196 983 322 1023 largIOr,
341 989 372 1014 et
387 995 454 1015 cum
471 983 592 1014 lumine
607 994 776 1024 purpureo,

45 1037 68 1054 “
83 1035 173 1065 vestit
198 1035 357 1074 campOS.’'
413 1036 489 1065 Post
513 1035 621 1065 inveni
646 1038 712 1066 sine
742 1036 777 1065 in

47 1098 108 1119 var.
124 1088 206 1119 lectt.
221 1089 243 1120 J
245 1089 376 1119 untiuae.

89 1140 172 1171 Ibid.
196 1142 297 1172 violat.
332 1140 508 1180 Elegantiae
530 1141 591 1170 hoc
606 1146 652 1170 est
667 1139 775 1180 exqui-

44 1191 200 1222 sitissimae
225 1190 427 1228 vocabulum;
460 1197 491 1220 et
513 1191 610 1221 miror
636 1190 677 1220 ad
703 1201 778 1221 usus

47 1242 164 1273 similes
191 1242 326 1283 Virgilio
349 1252 412 1272 non
442 1249 611 1281 arreptum.
658 1242 778 1272 Nullus

44 1293 79 1323 in
95 1299 161 1324 toto
175 1304 305 1332 corpore
322 1294 475 1324 AEne'idos
497 1294 624 1332 propius
650 1293 777 1333 attingit

44 1345 144 1383 locus,
169 1355 264 1385 quam
286 1345 337 1374 xii.
356 1348 406 1375 67.
453 1344 569 1374 Noster
585 1345 711 1383 iterum,
737 1345 774 1375 iv.

44 1399 112 1428 155.
135 1397 202 1436 pari
217 1407 291 1427 cum
307 1396 432 1426 solertia
447 1406 483 1426 ac
497 1402 674 1427 venustate:

72 1471 110 1494 Ut
122 1470 214 1495 nubeis
225 1469 304 1494 facile
316 1470 454 1495 interdum
465 1476 638 1495 concrescere
650 1470 677 1494 in
687 1470 742 1495 alto

72 1510 204 1540 Vidimus,
220 1513 248 1535 et
259 1510 355 1535 mundi
365 1510 482 1542 speciem
495 1510 598 1534 violare
609 1517 741 1536 serenam.

43 1573 111 1604 Nec
126 1574 232 1604 minus
247 1574 376 1614 pulchre
392 1574 430 1605 de
446 1576 563 1614 integro
570 1574 662 1615 fonte
687 1574 774 1616 (vide

43 1625 62 1656 i.
79 1625 166 1665 926.)
184 1625 386 1663 Prudentius,
403 1626 566 1666 hamartig.
583 1629 657 1657 555.
678 1636 775 1666 quam

44 1676 83 1707 de
99 1679 217 1716 integro
233 1678 303 1707 coelo
320 1682 425 1707 noster
443 1677 555 1706 Carus:

74 1744 114 1769 Nil
126 1744 234 1769 luteum
246 1744 280 1769 de
290 1743 368 1769 fonte
381 1745 450 1774 fluit,
462 1751 512 1769 nec
523 1744 645 1770 turbidus
656 1745 755 1770 humor

72 1784 204 1814 Nascitur,
214 1786 262 1808 aut
273 1783 370 1816 primae
382 1783 501 1808 ‘violatur
511 1784 614 1816 origine
622 1791 712 1810 venae.

44 1846 228 1886 Comparari
243 1854 404 1877 merentur
426 1847 532 1885 etiam,
559 1858 630 1887 quae
653 1848 772 1878 notavi-

44 1908 117 1928 mus
131 1907 196 1928 non
211 1897 254 1927 ita
269 1897 392 1936 pridem
407 1898 448 1927 ad
464 1899 644 1934 Moschum,
669 1898 711 1928 id.
734 1898 772 1929 iv.

44 1952 95 1981 59.
117 1954 148 1979 et
161 1948 307 1980 Juvenal.
324 1948 366 1979 iii.
383 1949 650 1987 20.—Caeterum,
667 1963 709 1990 τῳ
720 1952 774 1980 ,in-

43 2003 165 2032 nubilus
201 2003 260 2032 hoc
295 2001 494 2042 aliquatenus
524 2002 705 2033 adversatur
735 2013 772 2033 ex

41 2054 227 2092 abundanti,
237 2053 322 2094 quod
331 2064 486 2094 nusquam
495 2054 528 2084 in
539 2054 676 2095 Virgilio
685 2065 770 2085 com-

44 2111 159 2145 pareat.

83 2156 164 2187 Ibid.
186 2159 280 2188 aetlzer
294 2156 404 2198 dlff²⁴³⁰
419 2159 535 2188 lumine
546 2160 634 2189 ridit.
679 2158 768 2188 Hinc

39 2209 134 2247 probe
148 2207 354 2249 intelligenda
375 2214 421 2239 est
443 2209 562 2248 phrasis
586 2209 766 2248 Euripiden,

39 2260 73 2290 in
89 2261 160 2291 Ion.
177 2263 272 2291 1466.

205 2338 329 2369 λοιμιτριις
342 2335 495 2361 ΑΙΘῙΞΡΟΣ
512 2335 746 2361 ΑΝΑΠΤΥΧΑΙ*

37 2394 92 2424 ubi
117 2405 174 2424 nos
197 2395 330 2426 videndi.
377 2396 428 2426 Sic
450 2395 581 2435 Hippol.
603 2399 676 2426 606.
699 2397 767 2429 ἥλιε

38 2458 214 2485 avam-oxus
230 2452 304 2476 sunt
314 2448 481 2486 explicatus
495 2446 556 2476 diei
561 2446 681 2487 fulgor.

81 2496 164 2527 Ibid.
189 2502 220 2526 et
235 2500 284 2527 22.
308 2500 402 2529 aether
423 2497 534 2539 dzffuso
549 2500 665 2529 lumine
680 2501 766 2530 ridz't.

42 2550 94 2580 De
110 2549 201 2580 solito
219 2549 386 2589 Sophocles
395 2551 587 2587 Homerum,
603 2562 697 2592 quem
713 2562 766 2591 ap-

39 2601 215 2641 posuimus,
233 2600 374 2631 imitatus
389 2608 446 2640 est,
461 2602 500 2632 ad
514 2602 626 2643 Autig.
643 2606 714 2634 610.

193 2695 312 2720 κατεχεις
328 2690 439 2722 omma

193 2744 396 2770 μαρμαροεσσαν
408 2741 514 2768 mylen.

82 2806 155 2837 Ver.
173 2811 222 2838 22.
245 2811 338 2839 ridit:
364 2809 408 2839 ita
423 2809 463 2839 V.
479 2809 528 2840 ed.
555 2814 586 2840 et
611 2810 766 2849 accipien-

41 2858 116 2890 dum
145 2863 262 2901 putati,
285 2863 358 2894 licet
383 2864 438 2894 alii
462 2875 571 2895 omnes
595 2864 667 2895 libri
692 2865 768 2895 dent

31 2918 210 2943 -commune
228 2916 319 2953 ruht,
345 2915 418 2956 quia
440 2916 583 2947 formulis
601 2917 650 2947 his
665 2922 766 2946 vetus-

822 752 952 783 tioribus
966 751 1073 781 scribae
1083 759 1205 788 semper
1215 748 1334 778 fuerint
1344 745 1554 777 infensissimi.

823 803 1006 839 Diomedes,
1023 801 1062 832 de
1077 807 1152 831 orat.
1169 799 1221 830 lib.
1239 803 1263 829 1.
1276 810 1307 838 p.
1321 801 1395 829 578.
1422 802 1443 815 “
1460 797 1556 832 Item,

824 859 847 874 “
864 858 967 886 rident
996 853 1106 894 procul
1127 853 1225 883 dubio
1256 851 1361 881 cuncti
1394 850 1556 887 dictitant;

823 912 846 927 “
861 907 946 947 apud
964 913 1081 937 veteres
1096 908 1205 936 ridunt
1223 903 1396 943 reperimus
1418 902 1560 940 dictum;

822 964 845 979 “
861 967 898 991 ut
923 961 971 991 M.
999 961 1118 991 Brutus
1143 959 1182 989 de
1204 956 1367 997 patientia:
1404 958 1553 987 Inridwnt

824 1017 846 1032 “
862 1014 975 1043 horum
992 1011 1177 1042 lacrumas”
1229 1010 1400 1046 Caeterum,
1417 1009 1555 1040 Jacobus

824 1063 988 1093 Harrisius
1014 1069 1146 1099 nostras,
1174 1060 1424 1098 Sarisburiensis,
1454 1060 1501 1089 vir
1523 1066 1555 1090 et

822 1115 977 1146 subtiliter
993 1121 1024 1144 et
1047 1114 1205 1154 eleganter
1222 1113 1302 1143 inter
1318 1112 1434 1151 primos
1447 1112 1553 1142 litera-

821 1174 880 1204 tuS,
910 1169 996 1197 hunc
1018 1173 1049 1197 et
1070 1172 1215 1207 quatuor,
1246 1165 1300 1205 qui
1328 1164 1554 1204 praecesserint,

820 1230 938 1256 versus,
965 1225 1001 1248 ut
1023 1217 1204 1256 exemplum
1220 1216 1341 1256 figurae,
1359 1226 1454 1256 quarn
1471 1218 1553 1247 Alli.

819 1273 997 1302 cerationem
1011 1276 1133 1308 vocant,
1145 1269 1394 1309 pulcherrimum
1404 1269 1552 1307 suppedi-

819 1328 931 1360 tantes,
947 1321 1061 1351 merito
1075 1320 1216 1351 laudavit
1227 1320 1259 1350 in
1273 1320 1471 1361 philologieis
1486 1320 1554 1361 ejus

822 1373 1094 1415 Inquisifionibus,
1111 1379 1188 1412 part.
1205 1372 1238 1402 ii.
1256 1382 1320 1411 cap.
1339 1375 1367 1402 4.

864 1429 945 1459 Ibid.
966 1431 1062 1459 ridie:
1088 1428 1108 1458 i.
1124 1439 1150 1458 e.
1178 1426 1335 1466 splendet;
1359 1437 1432 1457 nam
1450 1427 1552 1466 expri-

820 1492 905 1512 rnere
920 1481 988 1512 vult
1008 1481 1207 1511 Homereum
1235 1486 1338 1519 αιγλπ.
1386 1479 1552 1517 Horatius,

819 1534 869 1564 od.
887 1534 924 1564 iv.
943 1537 991 1563 11.
1009 1537 1038 1564 6.

944 1594 1017 1619 Ridet
1028 1597 1139 1626 argento
1148 1593 1255 1618 domus.

821 1645 991 1685 Eleganter
1011 1644 1108 1674 etiam
1123 1649 1216 1684 atque
1231 1641 1397 1682 magnifice
1423 1641 1550 1679 Statius,

819 1696 919 1726 Theb.
935 1705 964 1725 x.
982 1698 1014 1725 11
1025 1699 1053 1726 9.

949 1761 1069 1793 effulgent
1079 1761 1177 1793 sylvae,
1187 1761 1383 1792 tenebrosaque
1394 1761 1502 1792 Tempe

847 1801 965 1825 Adrisere
976 1801 1035 1826 deae
1042 1810 1050 1831 i
1069 1804 1108 1831 et,
1120 1800 1194 1825 zonis
1205 1799 1345 1824 lucentibus
1357 1800 1422 1829 icta,

847 1840 961 1872 Evigilat
975 1840 1082 1864 domus.

811 1903 938 1941 Aliam,
955 1902 1009 1933 sed
1022 1902 1285 1943 geminissimam,
1299 1901 1471 1932 dictionem
1489 1903 1550 1933 Ca-

818 1955 915 1985 tullus
930 1955 1053 1992 maluit,
1068 1954 1144 1985 lxiii.
1161 1958 1211 1985 46.

860 2015 934 2038 Tota
942 2014 1038 2038 domus
1046 2012 1152 2045 gaudet,
1164 2012 1247 2045 regali
1257 2012 1397 2044 splendida
1406 2012 1485 2045 gazzi.

816 2070 947 2100 Nostras
968 2069 1084 2109 pariter
1108 2070 1292 2100 Chaucerus
1315 2070 1350 2099 in
1371 2069 1444 2100 loco
1459 2079 1547 2108 pere-

815 2121 947 2162 legante,
964 2120 1108 2161 Knight's
1132 2122 1218 2159 Tale,
1235 2130 1296 2151 ver.
1315 2124 1408 2153 1495.

871 2189 934 2214 And
943 2188 1001 2214 firie
1011 2189 1114 2214 Phebus
1125 2188 1209 2221 rysith
1221 2196 1257 2221 up
1268 2195 1297 2213 so
1308 2188 1401 2221 bright,

872 2230 948 2254 That
958 2230 992 2254 all
1004 2229 1051 2254 the
1058 2230 1153 2254 Orient
1163 2229 1277 2261 laughith
1288 2233 1316 2254 at
1327 2229 1376 2255 the
1385 2230 1467 2262 sight.

816 2293 899 2324 ‘Vide
914 2293 947 2324 ii.
966 2296 1040 2324 501.
1064 2299 1096 2323 et
1117 2293 1182 2324 illic
1205 2293 1295 2323 nobis
1311 2300 1425 2324 notata.
1472 2293 1546 2324 Ele-

813 2350 924 2384 gauter
939 2350 1058 2382 autem,
1079 2350 1110 2374 et
1124 2345 1199 2374 huic
1215 2344 1283 2375 loco
1298 2345 1447 2384 apposite,
1472 2345 1545 2375 Ma-

809 2397 972 2432 mertinus,
999 2397 1124 2436 geneth.
1144 2396 1284 2427 'Maxim
1308 2402 1378 2427 sect.
1395 2400 1496 2428 2.--“
1513 2396 1546 2426 id

811 2452 833 2467 “
851 2448 967 2479 scilicet
979 2448 1088 2478 animo
1098 2448 1339 2488 contemplatus,
1352 2458 1546 2488 quamquam

811 2503 833 2518 “
849 2500 916 2539 ipse
944 2500 1073 2539 Jupiter
1104 2510 1266 2530 summum
1297 2499 1367 2530 coeli
1397 2498 1544 2528 verticem

813 2554 835 2570 “
850 2557 967 2590 teneat,
982 2562 1075 2591 supra
1090 2551 1199 2582 nubila
1209 2560 1364 2590 supraque
1376 2556 1484 2580 ventos
1495 2560 1542 2580 se-

812 2609 835 2624 “
852 2606 930 2636 dens
954 2606 987 2636 in
1014 2605 1084 2636 luce
1113 2604 1274 2645 perpetua,
1299 2613 1420 2633 numen
1435 2608 1542 2633 tamen

813 2660 835 2675 ‘⁶
852 2657 920 2697 ejus
935 2668 970 2688 ac
984 2663 1124 2688 mentem
1139 2663 1205 2687 toto
1220 2655 1357 2685 infusam
1369 2665 1434 2685 esse
1446 2665 1540 2686 mun-

813 2712 834 2726 “
850 2708 967 2739 do—.'’

854 2759 930 2790 Ver.
947 2763 996 2790 24.
1012 2760 1134 2790 delibat.
1163 2757 1408 2798 Elegantissime
1420 2757 1541 2788 dictum

813 2816 868 2840 est.
913 2814 935 2828 “
954 2810 1052 2840 Nulla
1065 2820 1125 2848 res,
1149 2819 1189 2839 ne
1211 2809 1338 2850 quidem
1357 2809 1396 2839 de
1411 2809 1542 2848 primori

812 2866 834 2880 “
851 2862 1008 2892 felicitatis
1031 2872 1096 2892 suae
1119 2861 1293 2901 superficie,
1320 2863 1461 2901 degustat
1482 2860 1539 2890 ali-

813 2917 836 2932 “
853 2914 940 2954 quid,
967 2920 997 2944 et
1023 2913 1187 2954 decerpitff'
1233 2914 1328 2944 Hane
1354 2918 1536 2952 potestatem

747 2975 815 3005 BQ
