1912 3292
348 182 407 220 10

844 172 904 222 Τ.
957 173 1337 224 LUCRETII

483 303 580 344 Hiis
598 304 658 345 ibi
678 318 743 345 me
763 305 884 347 rebus
904 307 1094 362 quaedam
1116 308 1256 350 divina
1273 308 1460 364 voluptas

483 377 680 434 Percipit‚
701 387 825 436 atque
841 379 1010 432 horror3
1042 382 1154 438 quod
1174 383 1231 424 sic
1250 391 1412 434 natura,
1442 382 1513 425 tua
1533 384 1573 424 vi

398 455 452 491 30
482 451 591 494 Tam
611 453 825 496 manifesta
843 464 1002 511 patens,
1024 472 1077 498 ex
1097 458 1211 499 omni
1231 466 1347 513 parte
1366 466 1518 500 retecta
1537 466 1608 500 est.

542 526 612 578 Et,
634 529 830 584 quoniam
850 531 992 582 docui,
1014 541 1256 574 cunctarum
1277 531 1448 574 exordia
1466 547 1605 574 rerum

482 600 634 650 Qualia
653 603 749 654 sint,
773 612 813 645 et
833 620 974 661 quam,
996 607 1116 648 variis
1136 606 1331 649 distantia
1349 606 1507 657 formis,

335 771 477 801 vocabuli
499 771 588 803 locus
601 773 732 815 Virgilii
746 777 871 818 egregie
885 778 1063 817 declarabit,

335 833 403 863 geo.
419 823 458 854 iv.
474 828 526 856 54.
552 826 752 859 celerrimum
774 836 987 862 transcursum
1008 832 1062 863 de·

334 876 472 907 scribens
494 879 613 918 apium,
644 892 733 922 aquae
760 884 957 924 superficiem
983 897 1062 927 prae·

334 927 570 968 stringentium:

777 1013 890 1040 flumina
901 1016 981 1041 libant

396 1049 502 1073 Summa
513 1049 596 1075 leves.

333 1117 412 1148 Huc
426 1117 548 1150 faciunt
568 1122 722 1153 nonnulla
744 1134 845 1164 nuper
866 1125 906 1156 ad
932 1137 994 1158 ver.
1013 1130 1062 1158 ll.

332 1169 501 1201 observata.
549 1172 671 1213 Cicero,
694 1185 750 1214 pro
773 1176 810 1207 P.
844 1178 959 1215 Sextio,
990 1185 1062 1210 sect.

333 1222 452 1251 56.-“
467 1227 657 1255 ut—omnes
671 1226 812 1268 undique
830 1227 974 1260 flosculos
995 1241 1061 1261 car-

332 1281 407 1311 pam
416 1278 509 1314 atque
519 1277 645 1307 delibem
653 1277 688 1307 .·''
705 1279 936 1311 summitatibus
948 1292 1062 1322 nempe

331 1322 543 1364 decerpendis.
590 1327 629 1358 A.
649 1328 783 1368 Gellius,
811 1331 844 1361 in
867 1332 968 1372 operis
983 1343 1061 1373 prae·

331 1374 579 1406 fationez—“
595 1379 748 1419 primitias
759 1383 921 1423 quasdam,
934 1390 965 1415 et
975 1386 1063 1426 quasi

332 1429 358 1444 “
371 1428 551 1467 libamenta,
588 1430 803 1471 ingenuarum
831 1435 947 1465 artium
976 1435 1063 1466 dedi-

333 1481 358 1496 “
373 1480 476 1510 muS.”
509 1481 571 1512 Sed
583 1481 735 1514 inutiliter
745 1484 893 1516 lectorem
902 1487 1062 1526 demoror;

332 1540 408 1561 nam
442 1533 593 1573 exemplis
614 1536 699 1566 verbi
725 1537 855 1577 hujusce
886 1541 1064 1578 pervenusti

331 1582 567 1621 appositissimis
589 1586 701 1626 scripta
724 1594 863 1619 veterum
883 1592 1059 1622 abundant:

332 1632 418 1663 unde
440 1635 549 1673 procul
571 1636 667 1668 dubio
698 1639 833 1671 editores
867 1643 1061 1682 emirabitur,

332 1685 388 1724 qui
402 1695 458 1724 per
472 1687 595 1718 facinus
610 1689 828 1722 detestandum
851 1694 1062 1734 conjecturam

330 1734 492 1774 Lambini,
521 1740 652 1771 delibrat
674 1741 794 1783 utique,
820 1744 855 1774 in
869 1751 993 1776 textum
1008 1747 1062 1777 ad-

331 1787 496 1820 miserunt.
542 1790 626 1822 Vide
648 1793 686 1823 vi.
709 1798 784 1825 621.
830 1796 976 1827 Eandem
998 1798 1063 1829 dic·

331 1839 453 1870 tionem
468 1843 614 1873 nonnulli
630 1845 793 1876 obtrusum
815 1847 911 1887 ivere,
938 1860 993 1888 per
1014 1850 1064 1881 in-

331 1889 454 1920 scitiam
470 1901 640 1929 summam,
656 1896 785 1933 periodo
798 1899 958 1930 Ciceronis
969 1901 1063 1942 longe

331 1940 574 1980 speciosissimae,
591 1943 625 1973 in
641 1952 752 1976 senect.
769 1951 820 1978 21.
845 1955 865 1967 “
881 1951 1063 1983 Audiebatn

332 1994 356 2009 “
372 1991 601 2033 Pythagoram,
635 1995 1063 2040 Pythagoreosque‚—num-

332 2045 355 2060 “
373 2053 469 2083 quam
485 2043 653 2085 dubitasse,
665 2048 741 2088 quin
751 2060 788 2080 ex
800 2051 945 2083 universis
958 2061 1064 2085 mente

333 2095 356 2111 “
372 2092 479 2124 divina
507 2097 654 2128 delibatos
685 2099 808 2132 animos
837 2103 1062 2136 haberemus:'’

330 2143 351 2175 i.
368 2154 394 2175 e.
417 2145 588 2186 decerptos,
616 2149 758 2182 haustos:
785 2155 948 2186 committe
974 2156 1062 2198 Virg.

332 2205 400 2236 geo.
415 2195 455 2227 iv.
472 2201 544 2229 220.
568 2199 681 2239 Porro,
700 2202 900 2243 Arntzenius,
925 2207 965 2238 ad
981 2208 1062 2239 Plin.

330 2257 443 2289 paneg.
471 2255 542 2280 sect.
565 2253 690 2284 xxxviij.
708 2258 735 2284 l.
757 2256 843 2288 hunc
866 2257 972 2290 locum
996 2261 1063 2291 Lu-

329 2299 419 2330 cretii
450 2310 515 2331 non
545 2303 692 2343 neglexit,
723 2312 755 2336 et
777 2309 988 2341 consulendus
1009 2318 1063 2343 est.

331 2351 477 2382 Delibrat
492 2363 550 2383 suo
568 2354 637 2386 loco
662 2358 797 2396 bonum3
822 2361 876 2391 sed
891 2362 1062 2394 addicenti-

330 2403 390 2434 bus
404 2405 609 2438 membranis:
636 2408 688 2439 adi
703 2420 761 2441 nos
775 2411 816 2442 ad
830 2423 858 2443 v.
873 2416 1062 2446 569.-Cae-

330 2460 447 2494 terum,
470 2467 527 2496 pro
541 2460 613 2496 ullo,
638 2460 679 2491 V.
697 2461 745 2492 ed.
775 2463 815 2494 Ο.
842 2467 1062 2498 illa—Statim

333 2512 374 2536 Π.
392 2509 470 2547 Aut,
486 2509 552 2540 vice
569 2513 622 2542 At.

375 2558 451 2589 Ver.
466 2564 518 2592 26.
543 2566 637 2603 quin:
664 2565 704 2596 V.
719 2566 767 2597 ed.
785 2572 818 2599 Σ.
834 2573 1061 2609 quanda—de-

330 2611 522 2648 spiciantur.-
550 2614 592 2645 sic
617 2626 726 2647 omnes
749 2624 814 2649 tam
839 2620 936 2652 MSS.
963 2632 1060 2663 quarn

331 2660 418 2699 editi,
434 2668 544 2700 praeter
562 2671 601 2695 Π.
618 2667 672 2707 qui
687 2669 897 2708 dispiciantur
912 2673 1058 2712 suppedi-

330 2715 389 2749 tat,
415 2712 455 2743 ad
480 2713 539 2744 loci
563 2718 782 2756 proprietatem
797 2721 904 2752 minus
920 2730 999 2763 apte,
1023 2732 1059 2756 ut

331 2763 430 2794 cuivis
440 2763 570 2806 liqueat3
587 2771 729 2809 quamvis
740 2772 874 2804 editores
885 2774 975 2806 aliter
985 2787 1058 2808 cen-

331 2815 460 2848 suerint·
508 2818 584 2851 Silet
602 2820 642 2853 de
663 2822 702 2855 L.
729 2824 779 2857 M.
805 2826 1058 2870 Havercampus3

1107 779 1161 811 sed
1176 779 1284 821 quovis
1298 780 1430 821 pignore
1444 779 1633 809 contendere
1650 789 1713 811 non
1739 781 1831 813 dubi·

1106 837 1180 868 tem,
1204 838 1343 862 nostram
1363 831 1531 861 lectionem
1546 831 1580 862 in
1595 831 1658 861 illis
1672 832 1768 863 etiam
1782 843 1836 864 co.

1105 883 1226 914 dicibus
1241 883 1382 914 inveniri.
1427 883 1540 913 Lector
1555 883 1745 922 meminerit,
1760 885 1833 924 po’e-

1106 941 1171 965 tam
1182 935 1270 976 loqui
1282 935 1321 966 de
1333 935 1480 975 adspectu
1491 937 1630 966 deorsum
1643 937 1834 976 spectatoris,

1106 986 1138 1017 in
1155 987 1235 1018 terra
1249 988 1312 1026 siti,
1328 989 1386 1019 sub
1400 987 1532 1027 pedibus
1541 987 1679 1028 jacentia
1694 995 1835 1020 contem-

1105 1037 1233 1077 plantis:
1251 1038 1336 1080 quod
1345 1045 1376 1069 et
1386 1039 1537 1080 Preigero
1549 1039 1719 1078 prudenter
1730 1040 1834 1071 moni-

1106 1094 1175 1120 tum
1190 1096 1245 1120 est.
1289 1089 1509 1130 Tempestivus
1523 1090 1622 1122 aderit
1637 1097 1721 1123 vatos
1736 1093 1833 1123 Mau-

1105 1146 1232 1178 manus,
1277 1140 1425 1172 Lucretio
1461 1141 1650 1173 illustrando
1687 1144 1832 1175 omnium

1104 1191 1270 1223 utilissime
1283 1192 1465 1231 inserviens,
1481 1193 1522 1224 ad
1538 1193 1614 1224 AEn.
1629 1194 1651 1224 i.
1671 1198 1743 1226 223.

1362 1277 1446 1302 quum
1458 1271 1574 1303 Jupiter,
1585 1272 1675 1297 ethere
1683 1280 1805 1304 summo,

1136 1309 1279 1343 Despicit-ns
1289 1318 1359 1335 mare
1369 1310 1529 1341 velivolum,
1537 1315 1675 1344 terrasque
1682 1313 1806 1344 jacentis.

1107 1382 1129 1397 “
1145 1380 1339 1420 Des-piciens,
1369 1379 1516 1410 deorsum
1543 1379 1734 1420 adspicieus;
1757 1382 1838 1413 sicut

1108 1433 1130 1448 “
1145 1433 1322 1471 suspiciens,
1346 1441 1472 1461 sursum
1486 1430 1668 1471 adspiciens,
1713 1433 1836 1464 Notan-

1107 1484 1130 1500 “
1146 1482 1224 1512 dum
1236 1493 1326 1520 sane;
1342 1483 1427 1524 quia,
1437 1483 1463 1513 si
1474 1485 1639 1523 dispiciens
1651 1483 1837 1523 dixerimus,

1108 1537 1131 1552 “
1146 1535 1311 1574 diligenter
1325 1537 1485 1575 inquirens
1497 1535 1740 1576 significamus?
1766 1537 1836 1569 Ser-

1106 1586 1176 1617 vius
1206 1587 1332 1618 ibidem.
1371 1583 1446 1618 'Ad
1469 1587 1565 1618 istum
1593 1598 1709 1628 nempe
1729 1589 1838 1622 locum

1106 1638 1178 1669 libri
1193 1639 1338 1669 similiter
1358 1640 1493 1670 turbant.
1539 1639 1623 1670 Vide
1645 1650 1714 1680 nos,
1739 1641 1781 1673 ad
1804 1642 1837 1674 ii.

1107 1692 1180 1720 741.

1151 1741 1224 1772 Ver.
1236 1745 1289 1772 28.
1303 1743 1348 1772 ihi
1355 1755 1364 1772 :
1382 1748 1418 1772 ut
1429 1742 1546 1782 passim
1559 1742 1662 1774 Graeci
1675 1747 1748 1783 ενθαι,
1757 1752 1834 1778 tum.

1108 1794 1281 1830 Homerus,
1314 1793 1352 1824 Il.
1378 1799 1410 1824 E.
1437 1797 1462 1824 1.
1487 1796 1580 1826 ENo’
1608 1809 1646 1826 uu
1672 1796 1835 1840 Τυόειδῃ-.

1111 1845 1294 1876 Scholiasta:
1324 1846 1390 1876 Eue·
1405 1859 1453 1877 oev·
1470 1859 1537 1878 τοτε
1552 1846 1595 1880 δὴ.
1639 1847 1718 1879 Nos:
1749 1850 1836 1890 Upon

1106 1898 1175 1928 this.
1221 1897 1344 1928 Omnes
1365 1897 1437 1928 libri
1459 1898 1536 1929 dant
1561 1901 1635 1930 ubi:
1659 1900 1745 1932 unde
1769 1902 1836 1933 edi-

1107 1954 1188 1979 tores
1203 1949 1393 1979 extuderunt
1418 1951 1490 1986 tibz',·
1515 1950 1674 1991 eleganter
1695 1963 1782 1992 sane,
1805 1960 1838 1985 et

1107 1999 1227 2030 codices
1249 1999 1438 2030 addixissent
1465 2001 1603 2033 utinam!
1630 2003 1741 2038 Quum
1764 2015 1835 2037 vero

1106 2051 1159 2080 ubi
1170 2056 1200 2080 et
1215 2051 1258 2080 ibi
1270 2050 1384 2090 passim
1395 2051 1641 2092 confundantur,
1655 2054 1740 2095 (vide
1751 2055 1834 2087 Dra-

1107 2100 1333 2131 kenborchium
1349 2102 1389 2132 ad
1405 2102 1472 2132 Liv.
1488 2103 1518 2133 ii.
1536 2106 1564 2134 7.
1579 2108 1608 2134 8.
1631 2106 1723 2136 xxvii.
1739 2110 1769 2138 5.
1785 2109 1834 2149 2.)

1108 2152 1207 2181 tutius
1221 2152 1323 2182 visum
1338 2159 1393 2189 est,
1410 2153 1654 2196 modestiusque‚
1680 2157 1764 2197 quod
1779 2168 1834 2189 ex-

1107 2204 1268 2234 hibuimus
1294 2215 1332 2234 ex
1358 2205 1477 2246 ingenii
1499 2208 1615 2247 proprii
1630 2208 1834 2250 divinatione,

1107 2261 1138 2285 et
1152 2255 1315 2294 postmodo
1329 2255 1540 2288 intelleximus
1564 2259 1725 2290 Gronovio
1746 2261 1834 2300 prius

1107 2307 1259 2346 arrisisse;
1282 2318 1377 2349 quein
1392 2309 1534 2340 consulas
1553 2310 1594 2341 ad
1614 2311 1755 2352 Livium,
1778 2313 1831 2344 vii.

1108 2362 1158 2390 26.
1171 2362 1199 2389 8.

1150 2411 1231 2441 Ibid.
1254 2413 1390 2452 voluptas
1413 2419 1505 2454 atque
1525 2416 1643 2445 horror.
1686 2418 1710 2435 “
1726 2415 1832 2447 Nimi-

1107 2465 1129 2480 “
1146 2472 1218 2492 rum
1233 2464 1369 2503 voluptas
1384 2465 1424 2493 ob
1437 2467 1574 2503 inventa,
1600 2472 1666 2496 tam
1687 2466 1778 2497 utilia
1800 2474 1832 2498 et

1108 2517 1130 2532 “
1145 2513 1305 2554 praeclara;
1327 2516 1434 2544 horror
1456 2517 1496 2546 ob
1512 2518 1707 2555 inventorem,
1734 2527 1774 2548 ne
1796 2518 1831 2549 in

1106 2568 1128 2582 “
1144 2565 1302 2604 principiis
1318 2575 1423 2595 rerum
1438 2567 1545 2597 ruinas
1566 2567 1669 2604 saciat,
1695 2573 1727 2598 et
1747 2570 1830 2599 exci.

1105 2619 1127 2634 “
1143 2615 1195 2646 dat
1210 2616 1334 2656 magnis
1345 2617 1438 2654 ausis,
1450 2628 1523 2649 cum
1535 2618 1622 2648 tanui
1630 2618 1727 2649 animi
1740 2629 1829 2661 mag-

1104 2669 1126 2685 “
1138 2666 1283 2698 nitudine
1293 2674 1357 2699 tam
1368 2670 1513 2701 nobiliter
1521 2670 1740 2710 periclitatus-‘²
1757 2671 1830 2702 Hos

1101 2718 1199 2749 animi
1208 2718 1386 2757 diffidentis,
1396 2726 1427 2751 et
1438 2721 1497 2751 sibi
1506 2721 1703 2752 colluctantis
1711 2728 1828 2760 tamen,

1101 2769 1230 2801 affectus
1245 2770 1430 2804 fluctuantes
1444 2773 1562 2814 optime
1575 2773 1716 2815 depinxit
1728 2773 1827 2812 Naso,

1101 2821 1187 2862 epist.
1199 2822 1220 2854 i.
1236 2826 1286 2856 45.
