1912 3292
362 212 452 252 114

847 197 908 244 T.
957 192 1339 245 LUCRETII

493 334 563 376 An
584 333 697 390 quasi
719 330 958 387 corporibus
977 327 1166 385 perfectis
1186 326 1457 367 insinuentur.

378 411 458 450 730
490 409 548 450 At
567 421 716 463 neque,
737 419 845 462 quur
863 404 1014 446 faciant
1034 403 1148 457 ipsae,
1178 399 1259 456 qua
1279 414 1373 441 reve
1392 399 1594 449 laborent,

490 483 643 525 Dicere
664 479 913 537 subpeditat5
946 492 1079 533 neque
1099 476 1225 525 enim,
1257 474 1344 515 sine
1364 488 1537 529 corpore
1556 486 1684 529 quom
1703 477 1811 523 suut',

493 558 671 599 Solicitae
690 555 861 597 volitant
880 553 1049 602 morbis,
1072 551 1262 607 alguque,
1284 548 1484 603 fameque:

493 631 656 687 Corpus
677 631 787 672 enim
807 629 938 685 magis
958 626 1036 667 hiis
1055 624 1177 673 vitiis,
1201 631 1242 664 et
1261 622 1359 672 fine,
1391 622 1565 671 laborat;

348 788 469 819 tei-iore.
493 786 663 816 Mantuani
678 796 796 824 versus,
814 786 888 816 AEn.
905 785 924 815 i.
941 787 1012 815 574.
1031 787 1077 812 est

350 840 385 870 in
400 838 674 879 pervagatissimis:

362 905 444 934 Tros,
459 905 623 935 Tyriusque,
639 904 708 928 mihi
718 903 792 929 nullo
803 903 948 928 discrimine
957 905 1057 934 agetur.

394 967 467 998 Ver.
484 970 556 998 727.
587 968 697 998 Utrum
712 969 843 997 animoe:
871 966 892 996 i.
907 976 933 996 e.
957 965 1075 996 Utrum

349 1017 465 1048 animae
489 1018 665 1059 disquiram:
689 1017 854 1058 particulas
876 1016 1016 1047 materiae
1040 1015 1078 1045 il-

350 1069 424 1107 lius,
453 1079 471 1099 e
497 1069 559 1110 qua
585 1079 715 1109 corpora
737 1067 981 1099 vermiculorum
1004 1076 1079 1097 con-

349 1126 445 1159 stant,
468 1121 501 1150 in
516 1131 612 1161 quam
634 1120 796 1151 collectam
810 1126 844 1150 ct
859 1119 1079 1159 conglobatam

348 1181 384 1202 se
398 1172 585 1208 immittunt,
609 1182 727 1212 suaque
738 1171 795 1202 sibi
810 1170 971 1201 domicilia
985 1168 1078 1199 fabri-

348 1228 476 1260 centun
500 1233 553 1261 an,
579 1223 646 1253 sine
668 1225 726 1254 hac
752 1222 989 1263 investigatione
1009 1231 1079 1251 cor-

352 1273 480 1313 poribus
493 1274 649 1305 vermium
664 1275 733 1315 jam
755 1274 817 1305 alio
832 1284 924 1314 opere
938 1273 1081 1313 perfectis

353 1325 504 1362 incidant,
527 1332 559 1356 et
573 1337 604 1357 se
619 1327 790 1357 insinuent.

397 1376 472 1408 Ver.
486 1380 557 1408 728.
580 1380 670 1418 ipsoe:
696 1378 738 1408 V.
753 1377 801 1408 ed.
819 1379 1019 1417 ipsa—sint:
1044 1376 1082 1406 L.

355 1428 406 1460 M.
425 1429 465 1459 O.
480 1436 567 1466 surm
591 1430 677 1471 quod
692 1429 813 1460 admisi.

396 1480 469 1510 Ver.
486 1485 559 1513 729.
585 1484 676 1522 quasi
685 1482 846 1523 perfectis.-
872 1481 893 1512 i.
907 1491 932 1511 e.
956 1483 979 1501 “
995 1480 1083 1522 quasi

352 1535 376 1550 “
392 1531 510 1563 fuerint
529 1533 587 1564 sibi
608 1534 709 1572 factae,
732 1539 763 1564 et
789 1534 822 1564 in
848 1544 922 1564 usus
946 1533 1085 1572 proprios

355 1586 380 1602 “
395 1584 568 1616 formatae.’'
602 1585 776 1625 Reponunt
791 1585 925 1616 editores
929 1586 1012 1625 jam,
1032 1595 1087 1624 pro

355 1637 457 1674 quasi,
476 1636 562 1667 libris
577 1637 722 1668 omnibus
737 1637 872 1678 antiquis
888 1636 1085 1667 reclamanti-

353 1688 423 1718 bus.
468 1689 588 1719 Actum
612 1694 658 1719 est
673 1688 713 1719 de
727 1695 868 1719 veterum
892 1698 1081 1719 monumen-

356 1739 407 1777 tis,
430 1739 457 1770 si
470 1740 534 1770 sint
547 1740 638 1771 nobis
652 1751 737 1772 nuuc
752 1741 885 1777 dierum,
913 1741 1087 1771 subtiliores

358 1791 477 1833 linguae
488 1791 662 1823 demortuae
669 1793 870 1832 proprietates
880 1793 1015 1823 minime
1024 1792 1086 1822 cal-

358 1844 506 1882 lentibus,
530 1844 573 1875 sic
595 1844 766 1875 temerariis
787 1845 933 1876 manibus
952 1845 1087 1876 conscri-

356 1894 504 1926 billanda.
551 1895 721 1934 Caeterum,
744 1896 896 1926 vocabulo
911 1899 1002 1937 quasi
1016 1907 1087 1927 nos-

358 1952 405 1977 ter
420 1946 493 1977 alibi
509 1957 585 1976 usus
599 1953 646 1978 est
666 1947 875 1986 peculiariter:
901 1948 1005 1979 videas
1019 1959 1087 1979 mo·

359 1997 401 2028 do
415 2008 476 2029 ver.
491 2002 564 2031 816.
580 1999 639 2029 hoc
650 1998 737 2029 libro.

404 2049 483 2080 Ver.
497 2052 570 2081 730.
586 2051 646 2080 At.-
668 2057 708 2081 Π.
722 2051 953 2091 Anu—neque:
974 2055 1009 2081 A.
1025 2062 1088 2082 nec.

363 2101 546 2143 —faciant.·
574 2101 669 2132 Vind.
687 2101 729 2132 O.
748 2107 782 2133 Σ.
792 2102 932 2143 faciunt.

406 2153 481 2184 Ver.
495 2156 567 2185 731.
582 2156 750 2194 subpeditat
760 2169 769 2186 ,·
789 2154 826 2185 Ρ.
839 2157 1089 2196 suppeditant.—

360 2212 444 2237 sunt:
471 2206 570 2237 Vind.
588 2207 626 2237 B.
643 2207 682 2242 Q.
696 2209 767 2238 sint.

408 2258 492 2290 Ibid.
509 2261 624 2291 Dicere
638 2262 826 2300 subpeditat:
852 2261 872 2291 i.
888 2272 914 2292 e.
931 2275 965 2294 ‘ro
978 2264 1089 2299 dicere.

363 2311 549 2342 nominativi
565 2312 654 2342 casus
667 2312 770 2344 officio
784 2312 928 2354 fungens.
953 2314 1019 2345 Hic
1034 2325 1089 2345 au-

362 2367 427 2392 tem
441 2362 527 2393 verbi
541 2365 697 2403 suppedito
710 2375 785 2395 usus
799 2364 1015 2397 intransitivus
1022 2367 1091 2407 jam

363 2419 458 2444 notus
472 2420 518 2444 est
531 2424 570 2444 ex
585 2414 652 2454 ipso
666 2415 825 2455 Lucretio,
841 2416 862 2447 i.
879 2420 952 2448 548.
968 2424 1000 2448 et
1011 2418 1090 2449 Tul-

364 2463 410 2495 lio
423 2464 645 2506 frequentatur.

410 2516 494 2547 Ibid.
517 2528 612 2558 neque
627 2519 726 2549 enim:
752 2519 772 2549 i.
788 2529 815 2550 e.
830 2529 912 2560 aegre
926 2519 1010 2551 dicas
1023 2521 1092 2551 ani-

368 2580 436 2600 mas
450 2576 539 2602 tanto
553 2582 645 2612 opere
659 2572 856 2612 sibimetipsis
864 2573 1002 2604 infensas
1016 2585 1104 2612 esse,-

370 2627 407 2651 ut
436 2623 634 2662 aegritudines
663 2624 846 2655 adventitias
874 2632 1036 2664 venentur,
1065 2631 1097 2657 et

370 2673 524 2711 corporeis
532 2674 840 2707 incommoditatibus
850 2687 882 2707 se
893 2676 1025 2708 libenter
1035 2677 1095 2708 im-

371 2724 500 2764 plicent;
524 2737 543 2756 a
564 2729 688 2768 quibus,
711 2740 896 2762 carneorum
918 2731 1096 2763 involucro·

372 2785 445 2807 rum
458 2776 574 2816 liberae,
602 2780 781 2820 longissime
794 2788 923 2813 remotae
937 2783 1054 2814 vivunt.

415 2828 489 2859 Ver.
515 2832 587 2860 752.
622 2834 765 2864 Solicitoe:
795 2834 834 2865 Ο.
858 2837 1030 2872 Solicitent;
1062 2841 1097 2867 Δ.

374 2885 408 2913 Σ.
434 2883 610 2920 δοίἱσίιαηι,·
636 2890 677 2915 Π.
700 2887 1035 2919 solicitam—volitant:
1061 2890 1097 2920 P.

1121 781 1162 811 V.
1179 779 1224 810 ed.
1245 784 1281 810 Δ.
1298 783 1333 811 Σ.
1352 779 1507 811 evolitant;
1530 785 1703 815 perperam:
1721 781 1849 806 attracta

1122 837 1168 862 est
1182 831 1292 872 utique
1304 828 1506 869 praecedentis
1521 826 1663 859 vocabuli
1678 826 1771 857 finale
1785 826 1848 858 ele.-

1123 883 1388 920 mentun1.-algu
1397 894 1407 910 .·
1448 889 1558 910 omues
1585 877 1668 917 libri,
1699 879 1780 918 algen
1817 882 1849 908 et

1120 933 1245 963 Nonius
1261 931 1434 963 Marcellus
1456 940 1592 971 quoque,
1614 928 1646 959 ii.
1673 932 1725 959 28.
1749 938 1849 970 quum

1121 994 1193 1014 vero
1215 989 1349 1023 ponatur
1370 981 1509 1013 Lucretii
1528 981 1616 1011 locus
1637 980 1719 1010 inter
1742 989 1850 1010 exem-

1123 1034 1174 1073 pla
1188 1035 1308 1071 formae,
1332 1036 1432 1074 ulgus,
1454 1032 1503 1071 iis,
1525 1038 1643 1074 quartae
1666 1029 1849 1078 declinatiof

1123 1086 1183 1124 nis,
1205 1096 1245 1116 ex
1266 1084 1376 1122 Accio,
1400 1083 1553 1122 Varrone,
1577 1090 1609 1114 et
1633 1083 1770 1121 Lucilio,
1791 1082 1850 1114 du-

1123 1136 1216 1167 bitari
1230 1136 1347 1176 nequit,
1370 1134 1567 1176 grammatici
1589 1134 1710 1165 codices
1730 1133 1852 1172 vitiatos

1123 1199 1198 1218 esse.
1246 1187 1401 1227 Sosipater
1419 1185 1589 1224 Charisius,
1613 1185 1697 1216 instt.
1719 1196 1854 1227 gramm.

1124 1239 1143 1270 i.
1159 1250 1188 1279 p.
1205 1242 1254 1269 25.
1276 1238 1412 1268 formam
1434 1236 1559 1268 exhibet
1582 1236 1657 1268 Hoc
1671 1238 1756 1278 algu,·
1780 1242 1812 1268 et
1824 1247 1852 1278 p.

1126 1295 1176 1324 98.
1191 1291 1266 1322 citat
1282 1290 1445 1328 Plautum,
1471 1288 1555 1320 Rud.
1570 1288 1602 1320 ii.
1619 1290 1650 1320 7.
1666 1292 1718 1320 24.
1847 1285 1849 1287 ¹

1182 1371 1185 1374 ’
1218 1367 1265 1391 Tu
1275 1365 1316 1391 vel
1329 1366 1405 1395 suda,
1421 1365 1464 1390 vel
1475 1364 1534 1397 peri
1541 1364 1646 1397 algu—.

1126 1431 1318 1470 Pn'scianus,
1341 1432 1393 1462 lib.
1416 1432 1455 1462 vi.
1480 1442 1508 1470 p.
1534 1434 1677 1463 699.—“
1688 1430 1782 1462 etiam
1802 1431 1855 1464 hie

1126 1486 1264 1523 “-algus,
1297 1483 1391 1523 hujus
1420 1481 1508 1522 algfis
1536 1481 1675 1512 dicitur.”
1719 1473 1856 1524 Deinde,

1128 1545 1250 1566 versum
1267 1535 1404 1565 eundem
1420 1534 1527 1565 Plauti
1541 1533 1662 1572 laudat,
1677 1539 1710 1564 et
1722 1532 1856 1566 alterum

1129 1597 1166 1617 ex
1183 1585 1366 1623 vidulari&
1385 1595 1480 1626 quem
1495 1584 1613 1615 nescias
1626 1595 1667 1616 an
1682 1585 1857 1630 trochaicus

1129 1639 1178 1674 sit,
1195 1648 1235 1668 an
1251 1637 1414 1676 iambicus,
1429 1636 1569 1679 adeoque
1581 1636 1626 1667 ita
1636 1636 1832 1668 scribendus:

1538 1718 1670 1750 inopiam,

1130 1762 1261 1790 Luctum,
1268 1766 1428 1790 moerorem,
1436 1761 1636 1791 paupertatem,
1642 1758 1740 1791 algam,
1740 1758 1854 1790 samem}

1131 1832 1185 1873 qui
1200 1841 1290 1862 voces
1304 1831 1429 1862 easdem
1451 1830 1578 1861 sociavit
1590 1830 1718 1869 iterum,
1738 1836 1776 1862 ut
1790 1830 1857 1863 Lu-'

1131 1883 1255 1921 cretius,
1277 1882 1312 1913 in
1329 1882 1424 1913 Most.
1439 1881 1462 1913 i.
1475 1885 1506 1912 5.
1521 1885 1573 1912 36.

1420 1948 1473 1978 siti,
1481 1948 1623 1980 fameque,
1639 1951 1722 1980 atque
1731 1948 1805 1982 algu.-

1132 2022 1163 2047 et
1178 2016 1263 2056 prior
1279 2015 1407 2054 Accius,
1429 2014 1450 2046 l.
1466 2025 1494 2046 c.
1511 2014 1597 2055 apud
1612 2014 1769 2047 Nonium:

1325 2082 1410 2112 senio,
1426 2082 1548 2114 paedore‚
1563 2082 1689 2115 alguque,
1704 2081 1820 2114 etfame.
1851 2097 1868 2109 ι.

1133 2141 1183 2172 Ex
1200 2141 1248 2171 his
1262 2140 1370 2181 igitur,
1393 2139 1539 2181 quicquid
1555 2139 1627 2170 libri
1641 2138 1762 2178 reflent,
1785 2149 1858 2172 nos-

1133 2199 1181 2224 tra
1203 2193 1296 2224 lectio
1314 2192 1454 2223 Lucretii
1468 2191 1592 2223 videtur
1612 2191 1645 2222 in
1669 2197 1759 2232 portu
1773 2190 1860 2224 navi·

1132 2257 1215 2288 gare.

1178 2301 1258 2332 Ibid.
1281 2302 1416 2332 volitant.
1442 2300 1493 2330 Ita
1514 2299 1613 2340 po‘etae
1637 2298 1738 2330 solent
1762 2286 1858 2341 loqui,

1134 2353 1173 2384 de
1187 2351 1302 2382 animis
1315 2351 1403 2392 gravi
1422 2351 1638 2382 membrorum
1652 2349 1735 2382 mole
1749 2347 1859 2394 libel-aq¹

1135 2405 1184 2443 tis,
1208 2414 1278 2444 quae
1292 2402 1440 2442 deprimit
1456 2403 1489 2433 in
1505 2408 1636 2433 terram:
1663 2401 1780 2441 inspice
1802 2411 1858 2432 no-

1135 2464 1201 2489 tam
1222 2467 1326 2487 meam
1345 2456 1385 2486 ad
1405 2455 1566 2496 Euripidis
1589 2455 1685 2486 Herc.
1707 2454 1767 2486 fur.
1791 2447 1861 2501 111‘.

1137 2509 1302 2551 Virgilius,
1319 2509 1394 2540 AEn.
1410 2509 1449 2539 vi.
1466 2512 1538 2541 292.

1169 2586 1213 2614 Et,
1229 2584 1257 2609 ni
1267 2585 1349 2610 docta
1357 2591 1449 2610 comes
1459 2582 1548 2609 tenuis
1556 2582 1613 2609 sine
1622 2588 1736 2615 corpore
1744 2581 1814 2607 vitas

1169 2625 1324 2650 Admoneat
1334 2624 1447 2649 volitare
1457 2629 1534 2649 cavae
1546 2623 1595 2648 sub
1606 2621 1724 2655 imagine
1734 2621 1847 2655 fortun,

1169 2667 1273 2695 Inruat,
1288 2668 1317 2690 et
1327 2663 1426 2689 frustra
1437 2663 1509 2690 ferro
1519 2663 1671 2689 diverberet
1680 2662 1799 2687 umbras.
1857 2660 1862 2670 ’

1141 2731 1293 2763 Conferas
1320 2731 1458 2763 eundem
1486 2730 1560 2762 ibid.
1589 2739 1666 2760 verr.
1695 2732 1768 2762 329.
1791 2706 1861 2761 7062

1142 2783 1368 2821 Claudianum,
1390 2782 1424 2813 in
1440 2781 1548 2812 Rufin.
1564 2781 1584 2811 i.
1601 2784 1671 2812 126.

1185 2835 1266 2867 Ibid.
1288 2836 1412 2873 morbis,
1425 2832 1582 2876 samqtoe.
1617 2833 1723 2872 Maro,
1744 2829 1865 2874 gemiv-

1141 2891 1214 2919 518.
