1912 3292
293 201 389 240 310

797 191 859 239 Τ.
902 190 1284 240 LUCRETII

433 323 489 365 Et
508 330 646 364 tamen
665 323 754 378 ipsa
772 338 935 380 quoque
954 323 1061 374 haec,
1092 324 1193 366 dum
1213 324 1359 366 transit
1378 325 1488 368 clusa
1506 326 1680 380 viarum,

430 397 530 438 Vox
549 396 807 448 obtimditur,
829 405 950 454 atque
970 397 1102 439 aureis
1122 396 1290 440 confusa
1308 406 1513 454 penetrat;

435 473 492 515 Et
510 475 689 516 sonitum
710 474 861 529 potius,
884 489 1008 530 quam
1029 474 1168 524 verba,
1191 474 1333 516 audire
1352 475 1551 517 videmur.

489 547 605 599 Hoc,
627 550 698 605 qui
719 549 914 590 sentimus
938 562 1096 598 sucum,
1117 548 1258 605 lingua
1277 557 1399 605 atque
1418 549 1600 604 palatum

315 626 398 662 620
430 621 667 664 Plusculum
685 622 841 663 habent
859 623 903 662 in
923 637 966 662 se
985 623 1170 672 rationis,
1192 622 1283 678 plus
1303 626 1457 678 opera'i'.

486 695 713 750 PrincipiO,
736 709 880 736 sucum
900 695 1096 736 sentimus
1116 696 1159 735 in
1180 710 1267 746 ore,
1299 696 1437 738 cibum
1457 713 1583 753 quom

428 768 678 810 Mandundo
694 769 977 823 exprimimus:
1011 782 1086 809 ceu
1106 768 1270 824 plenam
1291 771 1507 828 spongiam
1527 773 1652 828 aqua'i’

599 923 774 955 adrectasque
785 922 878 955 inpulit
888 923 959 947 auris

310 964 426 996 confuse
435 971 511 988 somn
520 963 601 988 urbis.

282 1036 453 1072 Arnobius,
486 1035 539 1066 lib.
572 1035 611 1065 vi.
641 1046 669 1075 p.
696 1037 837 1067 192.—“
852 1033 1007 1064 referendi

283 1090 306 1106 ‘⁶
322 1087 465 1118 beneficii
480 1097 627 1128 quaenam
641 1086 789 1117 omnibus
808 1097 877 1126 spes
892 1086 960 1124 erit,
983 1085 1008 1116 si

283 1143 307 1159 ‘⁴
322 1150 387 1170 non
402 1139 544 1180 undique
558 1139 599 1169 ad
620 1150 652 1169 se
667 1142 791 1170 missam
805 1150 902 1170 vocem
920 1139 1010 1169 Deus

282 1194 306 1210 “
323 1191 479 1230 exaudiet,
502 1197 534 1221 et
548 1191 607 1221 erit
621 1191 688 1221 ulla
702 1190 923 1231 longinquitas,
947 1201 1010 1231 quo

283 1245 479 1283 “penetrare
502 1253 566 1273 non
586 1243 682 1282 possit
703 1242 858 1273 auxilium
879 1253 1008 1282 poscen-

282 1296 305 1312 “
323 1294 363 1324 tis
378 1294 524 1325 oratio?’‘

324 1347 401 1376 Ver.
416 1350 491 1377 618.
514 1348 668 1377 videmur:
699 1351 734 1377 Δ.
752 1351 785 1377 Σ.
802 1349 954 1384 videnlur,
977 1352 1014 1376 ut

282 1397 358 1427 alibi
372 1397 571 1437 saepiuscule;
590 1399 630 1428 ob
645 1398 888 1428 similitudinem
909 1398 1013 1428 litera-

282 1459 355 1479 rum
369 1461 398 1480 m
413 1455 445 1479 et
458 1455 493 1480 ut
508 1450 542 1480 in
557 1450 743 1480 minusculis
759 1450 995 1481 characteribus.

327 1501 408 1532 Ibid.
423 1503 573 1533 sonitum:
599 1502 618 1532 i.
634 1513 661 1533 e.
679 1513 803 1532 merum
818 1502 1011 1532 uniformem

281 1553 432 1588 sonitum,
454 1564 520 1584 non
544 1554 744 1585 articulatum
767 1565 802 1584 ac
824 1555 1008 1591 discretum3

279 1605 407 1646 qualem
421 1619 538 1647 μεροπες
553 1609 686 1647 cerepum-oa
702 1605 803 1636 solent
816 1606 966 1636 emittere.

325 1656 400 1686 Ver.
437 1660 509 1688 619.
548 1658 629 1694 Hoc,
663 1659 717 1696 qui
745 1659 906 1687 sentimus:
940 1657 959 1686 i.
983 1667 1009 1686 e.

283 1711 306 1727 “
324 1710 404 1739 Haec
426 1720 486 1746 res,
509 1708 570 1750 quc‘i
597 1710 787 1747 sentimus;'‘
810 1720 865 1749 per
889 1710 1009 1740 formu-

281 1760 347 1790 lam
362 1761 514 1791 sermonis
528 1767 698 1802 utrumque
713 1772 840 1798 nomen,
855 1764 965 1802 lingua
975 1773 1011 1793 ac

275 1813 432 1851 palatum,
456 1812 637 1853 singulatim
654 1814 886 1853 respicientem3
911 1820 947 1843 ut
962 1824 1011 1844 so-

282 1872 344 1892 nus
369 1863 478 1904 utique
503 1874 652 1905 perquam
681 1865 859 1895 inamoenus
886 1865 1014 1895 auribus

282 1914 462 1946 evitaretur:

406 1992 476 2021 Haec,
492 1992 560 2024 queix
571 1993 716 2018 sentimus:

281 2055 552 2097 quemadmodum
574 2063 680 2087 tamen
698 2057 897 2089 audacissimi
912 2059 1011 2090 edito-

283 2117 331 2137 res
355 2117 419 2137 non
444 2109 637 2139 erubuerunt
659 2119 696 2139 ex
720 2110 846 2140 arbitrio
868 2110 1009 2146 scribere,

283 2164 391 2188 contra
420 2159 565 2189 omnium
594 2160 746 2191 librorum
776 2161 886 2200 fidem3
921 2172 1011 2193 voces

282 2209 436 2249 genuinas
459 2209 574 2241 scilicet
595 2221 658 2242 non
673 2212 751 2252 quiti
775 2214 869 2251 probe
884 2214 1010 2252 expedi-

283 2266 331 2291 tas
346 2262 482 2293 reddere.
527 2264 613 2295 Illud
639 2267 692 2304 qui
718 2272 834 2302 autem,
858 2267 925 2297 vice
940 2278 1010 2307 quo,

282 2313 439 2343 bonorum
459 2314 595 2345 virorum
617 2316 855 2356 offendiculum,
879 2317 1011 2349 Plautus

283 2360 498 2407 frequentavit.
524 2369 574 2399 Sic
591 2370 728 2409 Capteiv.
744 2371 782 2401 iv.
799 2375 826 2402 2.
844 2375 893 2402 48.

314 2435 366 2467 Qui
375 2435 486 2461 homine
497 2437 611 2469 adaeque
621 2445 703 2463 nemo
715 2439 781 2464 vivit
792 2439 967 2464 fortunatior:

283 2492 338 2522 ubi
367 2493 464 2524 codex
501 2495 627 2535 quidam
663 2498 743 2532 Qum
782 2496 909 2528 librario
931 2508 1008 2536 rem,

282 2554 379 2584 quam
394 2552 572 2584 tractamus,
596 2558 659 2578 non
675 2548 877 2590 intelligente.
906 2550 1009 2589 Idem,

283 2595 396 2627 Bacch.
411 2597 450 2628 iv.
467 2602 496 2629 9.
515 2601 564 2630 15.

391 2718 409 2741 d
485 2680 529 2706 ille
539 2680 605 2705 olim
622 2681 716 2706 habuit
728 2682 830 2714 ignem,
848 2682 892 2715 qui
903 2682 1009 2715 signum

410 2723 476 2743 aret.

283 2786 395 2827 Neque
410 2788 499 2819 aliter
520 2791 593 2821 alibi
616 2792 687 2832 plus
709 2793 814 2824 semel.
853 2794 1009 2826 Nonnulli

281 2838 418 2877 voluere,
436 2842 504 2872 IVec
515 2846 598 2881 queis
609 2848 770 2876 sentimus:
790 2847 875 2887 quod
890 2848 1009 2887 respuit

282 2889 328 2919 vis
343 2890 464 2922 occulta
480 2906 516 2923 τε
532 2895 710 2927 Plusculum
720 2913 731 2933 ,·
747 2897 799 2928 sed
815 2898 936 2929 calculo
952 2910 1008 2930 suo

1051 925 1215 956 Bentleius
1234 931 1340 957 tamen
1363 927 1540 958 inconsulto
1562 927 1780 967 comprobavit.

1049 987 1216 1006 —sucum:
1242 977 1286 1007 ita
1311 983 1453 1008 accurate
1482 977 1521 1008 V.
1542 977 1592 1008 ed.
1614 983 1650 1009 Δ.
1673 978 1782 1019 vulgo,

1050 1029 1359 1067 succum.—lingna:
1386 1029 1423 1059 P.
1438 1030 1599 1069 linguam5
1632 1028 1721 1068 vitio,
1746 1034 1783 1060 ut

1052 1085 1173 1118 putem,
1196 1089 1374 1119 operarum.

1096 1130 1171 1161 Ver.
1186 1134 1258 1162 620.
1280 1142 1450 1172 operteque:
1471 1132 1515 1162 ita
1529 1132 1677 1163 exhibent
1690 1132 1727 1164 P.
1742 1131 1784 1163 V.

1053 1180 1099 1211 ed.
1118 1181 1153 1212 B.
1172 1181 1211 1212 O.
1228 1187 1262 1214 Σ.
1278 1182 1332 1214 sed
1354 1183 1449 1214 Vind.
1472 1183 1509 1214 L.
1526 1184 1574 1215 M.
1599 1190 1643 1215 11.
1665 1195 1780 1225 operm,-

1055 1241 1099 1266 Ω.
1122 1247 1221 1276 operae
1235 1239 1331 1277 quod:
1356 1243 1388 1268 et
1410 1239 1490 1268 bene
1515 1243 1568 1274 est,
1591 1247 1650 1269 nos
1670 1238 1784 1269 habere

1054 1298 1122 1318 rem
1147 1298 1220 1319 cum
1249 1289 1394 1320 varietate
1424 1290 1577 1320 momenti
1602 1290 1786 1332 perexigui3

1055 1350 1130 1370 nam
1145 1341 1279 1381 reperies
1293 1352 1458 1383 nusquam,
1482 1342 1522 1372 de
1544 1341 1609 1383 qua
1628 1341 1786 1374 difficilius

1055 1394 1095 1424 sit
1115 1405 1191 1425 cum
1214 1394 1329 1426 fiducia
1349 1395 1568 1434 pronunciare:
1596 1395 1677 1426 sicut
1698 1395 1785 1426 enim

1053 1449 1086 1478 in
1102 1449 1231 1489 proclivi
1247 1455 1293 1480 est
1306 1450 1493 1485 existimare,
1511 1463 1546 1481 ero
1559 1460 1618 1490 que
1632 1449 1785 1480 omissum

1054 1510 1119 1531 esse
1142 1501 1182 1531 de
1207 1500 1310 1538 solito,
1333 1502 1372 1531 ob
1396 1500 1556 1542 angustias
1581 1501 1706 1536 chana,
1741 1500 1783 1531 ad

1054 1551 1196 1582 versiculi
1212 1551 1320 1590 finem,
1339 1552 1382 1582 sic
1397 1558 1504 1582 contra
1525 1562 1553 1582 ιε
1575 1557 1607 1582 et
1627 1553 1662 1582 αἳ
1685 1561 1781 1590 saepe-

1052 1614 1185 1634 numero
1199 1602 1439 1634 confunduntur
1453 1603 1560 1634 scribis
1576 1603 1783 1634 Lucretianis.

1054 1657 1214 1696 Denique,
1229 1666 1262 1686 re
1277 1661 1419 1695 potenter
1431 1655 1465 1686 in
1480 1655 1587 1686 animo
1602 1654 1784 1694 deliberati,

1053 1707 1137 1747 quod
1151 1707 1306 1743 dedimus,
1329 1707 1511 1747 exquisitius
1533 1707 1636 1737 visum
1658 1712 1712 1742 est,
1734 1712 1784 1737 at-

1053 1770 1115 1800 que
1131 1759 1312 1801 elegantius
1337 1761 1384 1790 At
1397 1761 1512 1799 A.1›lus
1524 1769 1703 1799 operarum:
1718 1757 1784 1788 edi-

1055 1818 1137 1842 tores
1152 1811 1294 1852 quidam,
1305 1813 1434 1851 plusque
1449 1811 1570 1850 opera'i;
1591 1809 1722 1840 omnino
1736 1820 1785 1840 ar-

1055 1865 1170 1894 bitratu
1200 1874 1268 1902 suo,
1306 1864 1478 1901 invenuste,
1512 1872 1548 1892 ac
1577 1861 1786 1894 licentem—se

1056 1915 1141 1946 deest
1157 1915 1197 1946 V.
1213 1916 1260 1946 ed.

1097 1969 1172 1998 Ver.
1198 1971 1270 1998 621.
1293 1978 1416 1999 sucum:
1446 1976 1572 2006 nempe,
1594 1967 1676 2003 cibi5
1699 1965 1785 1996 unde

1054 2020 1141 2050 cibus
1151 2019 1265 2057 omnis,
1281 2019 1320 2049 ad
1340 2018 1501 2057 scriptores
1515 2027 1580 2047 non
1590 2015 1693 2047 infimi
1708 2027 1782 2047 cen-

1055 2071 1118 2109 sus,
1141 2073 1274 2110 irrigare
1290 2070 1411 2100 dicitur.
1453 2068 1626 2106 Arnobius,
1641 2067 1694 2098 lib.
1710 2077 1736 2098 v.
1752 2078 1781 2108 p.

1056 2126 1197 2154 163.—“
1211 2122 1266 2153 illo
1281 2128 1429 2161 tempore,
1447 2131 1510 2162 quo
1524 2121 1558 2150 in
1569 2125 1658 2151 utero
1672 2119 1784 2160 lapidis

1054 2178 1078 2193 “
1092 2174 1154 2205 fuit
1168 2174 1301 2212 clausus,
1329 2173 1441 2214 quibus
1455 2174 1611 2204 alimoniis
1630 2174 1781 2212 irrigatus

1055 2232 1077 2247 “
1094 2234 1151 2266 est,
1174 2229 1287 2270 quibus
1302 2227 1431 2260 sucis?‘’
1470 2227 1589 2266 Lepide
1611 2232 1642 2257 et
1663 2231 1783 2267 argute.

1055 2281 1177 2319 Florus,
1207 2281 1226 2311 i.
1260 2284 1309 2311 25.
1339 2279 1460 2310 fin.—“
1476 2279 1561 2320 quod
1586 2279 1654 2319 ejus
1678 2278 1783 2318 opera,

1058 2336 1080 2351 “
1096 2333 1227 2363 redactis
1242 2333 1275 2363 in
1290 2332 1489 2373 sanguinem,
1511 2333 1586 2363 cibis
1610 2333 1784 2372 irrigaren-

1057 2387 1080 2403 “
1095 2384 1177 2415 tur.''
1224 2384 1312 2414 Hinc
1327 2384 1373 2413 vir
1389 2383 1545 2424 egregius,
1567 2382 1608 2413 T.
1625 2382 1782 2422 Tyrwhit-

1057 2441 1116 2472 tus,
1140 2435 1274 2476 graviter
1296 2435 1399 2474 lapsus
1427 2440 1473 2464 est
1493 2433 1534 2464 ad
1558 2433 1722 2473 Orpheum
1743 2433 1784 2464 de

1053 2486 1168 2526 lapldd.
1193 2490 1265 2517 862.
1286 2486 1374 2516 nobis
1390 2499 1528 2525 αμιαντον
1546 2484 1781 2523 commendans,

1053 2549 1110 2578 pro
1133 2538 1272 2570 αδιαντον·
1295 2538 1351 2579 qui
1372 2537 1467 2574 locus,
1491 2537 1622 2576 pessime
1644 2536 1781 2574 vitiatus,

1053 2589 1097 2620 ita
1113 2589 1324 2629 persanandus
1341 2595 1403 2626 est;
1427 2598 1502 2618 nam
1519 2587 1696 2628 Musgravii
1707 2596 1780 2617 acu-

1054 2651 1128 2672 men
1143 2641 1257 2680 pariter
1273 2640 1349 2671 inibi
1365 2639 1560 2670 ludificatum
1575 2637 1677 2668 video:

1052 2729 1168 2761 Ἤματα.
1177 2736 1222 2759 μεν
1233 2738 1284 2761 τρις
1296 2726 1330 2760 ερ·
1340 2725 1407 2753 ἑπτα
1418 2723 1470 2755 cm
1479 2725 1584 2750 Ἐλενοιο
1593 2731 1723 2757 mvrpuu

1052 2778 1193 2809 Θηλυτερης
1203 2784 1228 2800 τε
1242 2779 1315 2807 λεχος
1329 2781 1428 2806 φωνην,
1449 2783 1497 2798 κω
1510 2781 1583 2797 zum
1595 2775 1694 2805 λιες-ραι,

1053 2826 1103 2849 Και
1117 2822 1269 2847 MIMNEIN
1279 2821 1468 2846 ΑΔΙΑΝΤΟΝ
1478 2820 1632 2845 ΕΔΩΔΗΣ
1644 2819 1779 2852 εμκψυχωο.

1054 2898 1172 2938 VulgO,
1198 2902 1251 2927 Kal
1268 2909 1363 2935 σεμνον
1387 2895 1523 2927 αδιαντον.
1559 2895 1778 2935 HippocrateS,
