1912 3292
519 207 752 259 LIBER
805 206 1187 265 QUARTUS.

1479 208 1570 254 367

97 352 202 389 1025
236 348 385 389 Semen
404 343 475 384 ubi
493 343 582 396 ipsa
601 342 686 382 dies
706 338 900 380 membris
919 344 1082 378 matura
1101 336 1267 386 creavit,

236 419 500 463 Conveniunt
519 414 734 455 simulacra
751 413 849 453 foris
869 427 892 452 e
911 424 1084 465 corpore
1104 425 1282 465 quoque,

234 494 393 537 Nuntia
411 489 597 546 praeclari
617 487 763 537 voltus,
785 486 1027 542 pulchrique
1048 484 1210 533 coloris,

234 569 319 618 Qui
339 567 419 607 ciet
437 565 610 605 inritans
629 562 719 603 loca
737 560 932 618 turguida
951 558 1105 601 semine
1125 557 1276 605 mult03

91 731 150 759 bus
165 725 272 757 omnia
293 723 377 759 trita,
401 727 431 751 et
445 720 560 760 passim
581 719 679 750 obvia.
724 719 814 757 Apu-

91 782 178 816 leius,
209 777 306 808 florid.
331 775 383 805 lib.
407 774 439 804 ii.
478 777 500 792 “
524 773 671 802 Habebat
699 771 816 801 cinctui

91 836 113 851 “
129 831 277 865 balteum,
293 826 378 868 quod
392 835 492 866 genus
501 827 626 864 pictura
644 824 814 863 Babyloni-

90 886 113 902 “
130 893 175 917 ca,
200 879 288 910 miris
308 877 463 908 coloribus
481 873 705 914 variegatum.”
752 872 816 902 Ubi

91 932 190 963 editor
217 928 448 969 Delphinianus
475 925 617 965 apposuit
646 924 728 955 Plin.
753 929 816 953 nat.
857 931 860 933 ’

90 988 160 1018 hist.
186 985 248 1015 viii.
268 987 318 1013 48.
341 989 373 1012 et
405 979 544 1011 Martial.
575 978 637 1008 viii.
667 981 716 1008 28.
739 987 817 1017 quos

90 1040 176 1070 locos
201 1048 219 1067 a
244 1033 393 1066 Lambini
417 1033 500 1063 notis
520 1031 560 1062 ad
584 1032 670 1060 hunc
693 1039 817 1059 versum

91 1090 214 1121 videtur
229 1086 419 1126 compilasse.

136 1141 216 1172 Ibid.
248 1142 409 1180 rigantur:
446 1136 466 1166 i.
496 1146 521 1166 e.
552 1133 817 1173 comminguntur.

95 1196 200 1234 Atque
214 1201 273 1222 vox
289 1188 487 1223 Lucretiana,
514 1185 554 1217 ad
569 1185 700 1216 eandem
716 1190 816 1223 potes-

90 1253 196 1281 tatem,
223 1242 383 1274 reddenda
397 1247 451 1276 est,
477 1239 501 1269 si
527 1238 604 1279 quid
618 1237 739 1267 valeam
754 1236 815 1266 dis-

92 1299 203 1338 picere,
230 1293 362 1325 carmini
389 1290 610 1331 Ithyphallico,
637 1287 720 1328 apud
747 1287 816 1318 An-

92 1349 167 1380 thol.
183 1349 250 1379 Lat.
267 1347 377 1376 Burm.
393 1344 432 1374 vi.
451 1346 500 1374 72.
517 1346 546 1372 8.
600 1349 603 1352 ·

214 1438 289 1467 Tota
300 1440 381 1461 nocte
392 1435 460 1460 mihi
469 1434 529 1459 litat
539 1433 655 1465 riganda.

93 1520 213 1560 Vulgo,
228 1519 370 1558 rigemlo:
396 1514 466 1545 vide
479 1514 600 1551 locum,
620 1518 651 1543 et
668 1511 819 1552 Scaligeri

93 1579 200 1604 uotam
216 1571 255 1601 ad
270 1581 298 1609 p.
315 1572 387 1600 562.
408 1566 483 1597 ibid.
501 1565 615 1596 talibus
630 1564 716 1594 enim
731 1563 818 1594 illus-

93 1623 212 1656 trandis
226 1632 283 1652 nec
298 1621 383 1657 libet,
404 1629 461 1648 nec
476 1618 558 1654 licet,
574 1617 733 1646 inhaerere.

136 1677 215 1706 Ver.
237 1677 326 1704 1024.
355 1673 456 1702 ceratis
467 1671 565 1711 freta.
611 1669 707 1698 Hanc
732 1667 819 1697 locu-

95 1728 215 1759 tionem
235 1726 294 1756 sibi
318 1722 553 1763 exprimendam
576 1720 673 1750 sumit
696 1719 819 1756 Florus,

94 1778 300 1810 nitidissimus
314 1775 454 1814 scriptor,
478 1773 518 1803 ad
537 1773 590 1802 lib.
607 1771 626 1801 i.
642 1771 694 1801 fin.
719 1773 742 1789 “
757 1769 820 1799 Ta-

97 1835 119 1850 “
135 1831 175 1860 lis
195 1829 281 1860 domi
304 1838 339 1857 ac
361 1826 443 1862 foris,
473 1825 544 1855 talis
563 1834 638 1863 pace
667 1822 822 1861 belloque,

96 1886 118 1902 “
133 1881 270 1922 populus
286 1880 458 1912 Romanus,
469 1876 591 1916 fretum
610 1873 691 1904 illud
705 1874 821 1903 adules-

96 1937 118 1952 “
135 1934 253 1967 centiae,
280 1930 313 1960 id
339 1935 395 1966 est,
414 1926 590 1965 secundam
612 1924 735 1964 imperii
750 1929 822 1953 aeta-

96 1988 118 2004 “
135 1990 210 2019 tem,
237 1980 385 2012 habuit:'’
410 1980 430 2010 i.
446 1989 472 2009 e.
495 1984 601 2008 testum
617 1986 653 2006 ac
667 1976 821 2016 servorem

94 2034 328 2069 adolescentiae;
351 2031 410 2069 vel,
437 2030 484 2060 uti
512 2029 650 2068 suspicor
664 2026 822 2067 equidem,

95 2087 482 2126 lzumoremfluctuantem;
508 2095 586 2121 ’γονον
600 2079 722 2120 utique:
748 2086 825 2108 nam

99 2139 313 2172 obscoenitates
329 2137 397 2177 ejus
419 2132 749 2166 circumlocutionibus
770 2130 824 2161 de-

96 2192 237 2223 centibus
249 2199 345 2219 nemo
359 2186 529 2217 studiosius
546 2183 693 2215 Lucretio
703 2181 824 2212 velavit.

100 2241 420 2274 Convenientissimus
442 2244 487 2268 est
509 2238 604 2267 etiam
620 2235 756 2267 Nasonis
777 2233 823 2264 lo-

100 2305 162 2330 cus,
185 2299 258 2323 met.
273 2302 323 2322 xv.
342 2294 413 2321 208.

128 2392 238 2417 Transit
248 2391 276 2415 in
287 2394 423 2419 aestatem,
440 2392 500 2419 post
512 2394 568 2417 ver,
583 2385 716 2411 robustior
726 2390 824 2409 annus:

129 2433 225 2462 Fitque
246 2432 335 2456 valens
345 2428 471 2461 juvenib-
496 2433 584 2458 neque
604 2425 678 2451 enim
694 2423 827 2449 robustior

253 2473 321 2494 aetas

129 2510 201 2541 Ulla,
212 2516 261 2534 nec
272 2508 395 2538 uberior;
413 2513 474 2537 nec,
490 2512 553 2537 quae
565 2505 650 2537 magis
661 2505 763 2532 aeseuat,
773 2502 827 2527 ulla

253 2551 300 2573 est.

102 2647 219 2680 Confer
234 2653 386 2682 nostrum,
402 2651 433 2675 et
448 2655 511 2681 nos,
531 2643 571 2674 ad
585 2643 624 2673 vi.
639 2640 828 2674 563.-Cae-

101 2706 216 2738 terum,
231 2698 330 2729 vind.
348 2699 441 2728 habet
456 2699 643 2727 insinuatur.

144 2751 226 2782 Ibid.
249 2753 469 2782 insinuantur:
495 2748 650 2788 apposite3
673 2745 762 2787 quasi
788 2747 829 2777 si-

101 2813 160 2834 nus
179 2809 210 2833 et
222 2808 344 2833 meatus
359 2800 504 2841 corporis,
527 2810 582 2830 seu
601 2811 683 2841 πορες
700 2810 829 2839 σπερμα-

104 2867 199 2893 emm,
216 2854 415 2885 inundarent.

145 2905 220 2936 Ver.
239 2907 329 2937 1025.
358 2906 427 2936 ubi.-
461 2910 502 2935 Π.
525 2903 828 2943 αόίᾳιιε.-πιαιανα;

861 722 896 747 Δ.
920 722 966 747 Ω.
996 721 1127 750 natm-tm
1161 720 1203 744 Π.
1232 710 1488 745 nocturum—Et,
1518 715 1585 748 post

859 769 952 802 hunc,
967 777 1027 796 ver.
1048 769 1138 795 1028.
1161 764 1300 804 sequitur
1315 763 1348 792 in
1364 762 1401 792 P.

903 818 978 847 Ver.
995 820 1083 847 1026.
1097 816 1199 856 jbrz's:
1226 816 1261 845 P.
1273 811 1449 855 flires.—e:
1476 812 1515 842 P.
1537 813 1584 842 de..

859 879 1034 909 —quoque.·
1059 868 1100 897 V.
1115 866 1163 897 ed.
1180 867 1218 897 B.
1236 877 1370 906 quceqzce.

917 924 997 955 Ibid.
1031 925 1206 954 simulacra.
1262 921 1381 957 Celsus,

861 982 884 997 “
899 977 999 1008 nimia
1023 976 1163 1016 profusio
1185 973 1437 1010 seminis—sine
1459 975 1586 1001 noctur-

862 1033 882 1048 “
900 1030 949 1059 nis
964 1026 1222 1067 imaginibus—.’'

903 1082 977 1112 Ver.
1012 1083 1101 1110 1027.
1130 1080 1266 1118 pulchri.
1323 1075 1458 1107 BIallem
1495 1071 1590 1110 scrip-

861 1132 942 1168 sisse,
958 1141 1045 1161 more
1060 1129 1285 1170 antiquissimo,
1302 1129 1440 1168 polclzri;
1466 1124 1521 1155 sed
1537 1132 1589 1153 ex-

861 1182 1010 1223 emplaria
1033 1187 1135 1211 vetera
1160 1191 1224 1210 non
1251 1179 1493 1217 adstipulantur:
1521 1175 1592 1205 vide

860 1245 917 1264 nos
941 1233 981 1263 ad
1004 1233 1036 1262 ii.
1060 1236 1130 1263 196.
1174 1231 1218 1260 Et
1243 1230 1376 1270 majores
1403 1228 1498 1258 etiam
1519 1227 1591 1265 pul-

859 1297 937 1323 cros,
960 1285 1027 1315 sine
1048 1282 1277 1322 adspiratione;
1305 1281 1345 1312 de
1367 1279 1429 1321 qua
1450 1289 1483 1309 re
1504 1277 1591 1308 locu-

860 1336 1069 1377 pletissimum
1090 1340 1201 1364 testem
1215 1334 1378 1369 habemus,
1405 1330 1591 1362 Ciceronem

861 1389 942 1426 dico,
959 1388 993 1417 in
1008 1393 1083 1417 orat.
1100 1392 1171 1416 sect.
1186 1389 1237 1416 48.
1264 1384 1317 1425 qui
1332 1383 1505 1414 volentibus
1520 1380 1591 1420 plu-

861 1451 895 1470 ra
910 1439 987 1469 scire
1002 1438 1212 1469 consulendus
1233 1443 1288 1467 est.

906 1490 987 1521 Ibid.
1007 1491 1156 1530 praeclari
1170 1488 1281 1520 voltzis:
1307 1487 1326 1517 i.
1344 1497 1372 1517 e.
1395 1484 1484 1515 valde
1506 1482 1593 1518 clari,

862 1541 1052 1573 nitidissimi.
1097 1540 1187 1571 Hinc
1220 1539 1378 1580 intelligas
1409 1535 1593 1569 Horatium,

864 1594 913 1625 od.
929 1594 948 1624 i.
966 1598 1015 1625 19.
1034 1595 1063 1624 5.

1019 1665 1083 1689 Urit
1096 1671 1142 1689 me
1153 1664 1280 1695 Glycerae
1293 1663 1369 1692 nitor,

972 1707 1005 1730 Et
1017 1705 1107 1729 vultus
1118 1704 1234 1729 nimium
1245 1703 1357 1727 lubricus
1367 1700 1481 1733 adspici:

1419 919 1457 949 iv.
1495 920 1588 948 21.—

864 1769 1014 1807 lubricus,
1044 1766 1241 1807 splendidu53
1276 1763 1459 1796 secundario
1488 1772 1593 1798 sensu,

865 1824 939 1865 quia
964 1833 1034 1863 quae
1059 1823 1177 1852 lubrica
1205 1826 1278 1850 sunt
1307 1819 1407 1849 solent
1429 1818 1594 1856 splendere.

867 1876 971 1906 Nemo
987 1873 1088 1904 adhuc
1103 1871 1268 1908 intellexit,
1292 1870 1318 1900 si
1335 1867 1468 1907 excipias
1483 1865 1593 1896 Milto-

866 1937 945 1957 num
962 1931 1104 1956 nostrum
1115 1936 1121 1954 z

958 2006 1059 2031 VVhose
1068 2005 1165 2036 saintly
1177 2003 1269 2035 visage
1279 2002 1300 2026 is
1311 2006 1348 2026 too
1365 2001 1447 2033 brighe

961 2047 993 2070 To
1003 2045 1039 2069 hit
1051 2044 1089 2069 the
1100 2051 1169 2068 sense
1180 2043 1211 2074 of
1222 2043 1318 2067 human
1335 2041 1408 2073 sight.

869 2112 957 2143 Hinc
971 2112 1067 2142 etiam
1082 2110 1155 2140 alibi
1178 2107 1383 2148 expflcabitur
1403 2105 1490 2137 idem
1504 2104 1593 2135 Flac-

868 2175 935 2202 cus,
950 2163 1000 2194 od.
1016 2162 1048 2192 ii.
1065 2165 1093 2192 8.
1116 2161 1169 2191 fin.

1187 2244 1235 2265 tua
1246 2246 1280 2265 ne
1290 2238 1412 2265 retardet

1054 2283 1127 2306 Aura
1139 2280 1267 2305 maritos:

871 2353 940 2384 vide
963 2362 1032 2394 quae
1053 2351 1192 2383 diximus
1215 2350 1255 2380 ad
1271 2349 1363 2389 Virg.
1377 2356 1447 2387 geo.
1466 2345 1505 2375 iv.
1524 2348 1595 2376 417.

870 2411 901 2436 et
915 2404 1005 2441 infra,
1028 2414 1058 2434 v.
1075 2407 1147 2435 496.
1171 2402 1352 2432 Homerum
1373 2408 1446 2428 vero
1461 2406 1596 2437 praecur-

869 2467 972 2488 sorem
987 2457 1173 2491 habuerunt,
1194 2453 1234 2484 ad
1254 2452 1292 2483 Il.
1309 2457 1340 2482 A.
1360 2454 1428 2481 loo.

909 2539 961 2562 Kou
974 2545 1019 2564 τες
1029 2544 1074 2569 μεν
1085 2539 1152 2560 λιπεν
1166 2532 1220 2558 αυθι
1234 2532 1300 2562 auae}
1310 2530 1401 2565 ανδρων
1414 2533 1584 2563 Αγοιμεμνων,

910 2582 1074 2609 ΣΤΗΘΕΣΙ
1097 2578 1406 2608 ΠΑΜΦΑῙΝΟΝΤΑΣ,
1425 2585 1471 2603 sera
1492 2575 1599 2612 περιδυτε

1010 2638 1127 2662 zare-mox.

874 2699 1028 2732 Luxuriat
1043 2698 1077 2728 in
1091 2699 1149 2728 hac
1165 2706 1199 2727 ro
1216 2695 1343 2734 Statius,
1359 2694 1458 2725 Theb.
1472 2691 1513 2722 vi.
1525 2694 1598 2724 571.

874 2784 996 2817 Effulsere
1006 2787 1090 2814 artus,
1106 2782 1348 2813 membrorumque
1363 2779 1450 2806 omnis
1460 2781 1553 2810 aperta
1563 2778 1603 2802 est

875 2825 1045 2850 Laetitia—.

877 2900 1049 2937 Caeterum,
1072 2903 1179 2929 utrum
1194 2897 1227 2928 in
1242 2898 1302 2928 hoc
1314 2905 1386 2927 casu
1400 2894 1531 2934 hujusce
1545 2899 1603 2922 no-
