1912 3292
271 237 371 301 *98

804 225 864 274 T.
923 219 1307 272 LUCRETII

454 360 544 402 Nec
564 359 723 402 ratione
741 356 818 400 alifi
838 362 998 398 nosmet
1016 367 1250 411 proponere
1268 350 1388 393 nobis

453 435 676 477 Possumus
695 431 874 474 infernas
894 432 1050 473 animas
1071 428 1311 471 Acherunte
1330 439 1491 484 vagare.

453 509 637 551 Pictores
656 509 808 564 itaque,
830 513 871 548 et
890 505 1136 560 scriptorum
1156 501 1260 544 secla
1279 501 1434 556 priora,

340 589 424 626 630
456 584 524 627 Sic
544 584 700 625 animas
719 579 1039 624 introduxerunt
1059 576 1241 619 sensibus
1261 582 1412 616 auctas.

453 658 514 700 At
533 672 666 714 neque
686 670 867 698 seorsum
888 653 1033 704 oculei,
1055 665 1190 707 neque
1208 663 1343 699 nares,
1365 662 1442 689 nec
1461 661 1607 689 manus
1627 647 1716 702 ipsa

453 731 555 774 Esse
573 738 708 787 potest
727 728 879 779 anima,
900 741 1034 783 neque
1054 739 1236 767 seorsum
1255 723 1416 780 lingua3
1447 735 1581 778 neque
1601 735 1719 762 aures

455 805 659 847 Auditum
678 818 753 859 per
773 817 815 844 se
833 808 1005 858 possunt
1024 799 1188 850 sentire,
1210 811 1343 854 neque
1363 811 1462 838 esse.

312 960 510 995 salsissimus.
554 958 637 994 Quae
651 962 818 997 supersunt
830 956 937 997 igitur,
959 955 1040 986 nihil

314 1021 462 1053 moratus,
473 1021 648 1053 persequar.

355 1068 430 1099 Ver.
446 1069 518 1098 622.
548 1063 693 1094 Editores
721 1060 918 1101 putidissime
943 1059 1038 1090 infer·

313 1123 413 1159 ciunt,
436 1119 480 1150 ita
496 1123 532 1148 ut
546 1116 638 1156 plane
661 1124 811 1145 nauseam
826 1113 916 1144 nobis
929 1122 1039 1152 provo·

313 1179 397 1211 cent,
419 1169 605 1211 particulam
626 1169 659 1199 in
675 1166 715 1198 ad
733 1166 828 1196 finem
843 1165 959 1203 versus,
986 1175 1040 1196 ex·

312 1223 502 1264 emplaribus
525 1220 674 1252 omnibus
698 1217 953 1248 reclamantibus:
979 1217 1041 1246 im-

314 1284 470 1307 memores
498 1271 647 1312 profecto,
684 1269 717 1299 in
749 1269 827 1299 serie
863 1268 1040 1304 nominum,

313 1327 411 1368 priori
432 1323 623 1356 substantivo
637 1321 887 1362 praepositionem
909 1319 1040 1360 saepissi-

316 1389 368 1410 me
382 1387 448 1408 non
461 1374 592 1416 praeflgi,
616 1380 709 1414 atque
732 1383 751 1403 a
773 1371 974 1412 sequentibus
992 1381 1040 1401 re-

316 1429 488 1462 vocandam
516 1437 590 1458 esse.
636 1426 704 1457 Nos
732 1424 818 1456 haud
847 1425 891 1455 ita
920 1423 1042 1464 pridem

316 1482 500 1524 diligentius
513 1480 553 1511 de
567 1480 626 1510 hac
650 1488 694 1514 re,
721 1477 760 1508 ad
787 1476 897 1508 Bionis
922 1475 1008 1517 idyll.
1023 1475 1042 1506 i.

317 1538 370 1567 81.
395 1543 458 1575 quo
486 1532 582 1562 lector
612 1528 818 1560 remittendus
843 1534 896 1559 est.
942 1527 1044 1558 Pudet

316 1589 383 1619 haec
398 1583 532 1616 trivialia
545 1582 710 1622 attingere:
738 1580 792 1610 scd
807 1579 908 1610 aliena
923 1579 1044 1609 inscitia

316 1638 402 1679 cogit
416 1646 478 1666 me.

361 1690 434 1720 Ver.
450 1691 523 1719 625.
546 1692 588 1717 est
611 1695 676 1715 non
695 1684 811 1725 legitur
834 1683 869 1713 in
884 1683 925 1713 V.
941 1682 988 1713 ed.
1005 1682 1043 1713 B.

315 1742 352 1773 L.
369 1741 409 1772 Ο.
427 1744 462 1770 Δ.
479 1744 520 1769 Π.
538 1742 572 1769 Σ.
590 1743 638 1767 Ω.
658 1745 717 1765 nec
730 1735 858 1766 fortasse
874 1743 1043 1774 perperam.

316 1793 496 1832 —gigniers
525 1794 560 1819 Δ.
582 1788 724 1827 gignitur
728 1802 739 1823 ‚·
770 1785 864 1826 quod‚
891 1785 1046 1815 varietatis

315 1843 428 1887 gratia,
450 1851 545 1883 quam
560 1840 594 1870 in
609 1839 757 1870 omnibus
771 1838 911 1878 sequitur
925 1837 1043 1867 Lucre-

316 1897 380 1927 tius
403 1894 442 1924 ad
456 1891 720 1924 constructionem
747 1888 898 1920 orationis
922 1898 987 1918 suae
1009 1897 1042 1918 a-

317 1945 525 1982 domandam,
540 1943 635 1983 longe
650 1941 773 1972 malim:
803 1948 843 1972 Π.
857 1943 970 1981 ginier.

360 1997 434 2028 Ver.
449 1999 522 2026 624.
553 1995 743 2024 inmortalis.-
778 1997 815 2022 A.
833 1998 874 2022 11.
897 1993 1043 2023 mortalis.

318 2050 397 2082 Mox
415 2053 450 2079 Δ.
461 2048 575 2087 primo,
589 2044 656 2074 vice
668 2049 774 2084 polest.

359 2100 434 2130 Ver.
451 2101 523 2128 626.
551 2097 708 2135 Quinque.-
744 2094 781 2124 P.
813 2095 960 2131 Quando;
994 2104 1042 2124 er-

317 2162 380 2190 ror,
396 2161 415 2181 a
432 2149 581 2181 brevitate
595 2146 756 2186 scripturae
770 2145 936 2185 derivatus,
959 2145 1044 2177 unde

317 2206 392 2246 quin
419 2208 451 2233 et
473 2202 594 2242 quando
618 2198 733 2239 passim
756 2204 1045 2230 commutantur.—

316 2261 457 2287 auclam:
491 2252 528 2283 L.
555 2250 603 2282 M.
632 2256 766 2281 auctum.
813 2249 933 2280 Similis
961 2260 1046 2281 error

317 2312 362 2336 est
377 2304 416 2336 ad
431 2313 494 2334 ver.
512 2306 583 2334 609.
607 2302 647 2332 ob
661 2311 751 2332 voces
770 2303 906 2332 animam
923 2307 953 2332 et
974 2303 1045 2332 ani-

318 2368 401 2389 mum
415 2355 542 2393 scilicet,
558 2353 643 2384 idem
654 2353 686 2383 in
699 2354 757 2384 hoc
772 2359 958 2395 argumento
969 2364 1043 2384 nus-

318 2419 413 2451 quam
427 2417 492 2438 non
507 2405 667 2446 pollentes.

362 2461 442 2493 Ibid.
465 2461 599 2493 sensibus
627 2465 760 2491 auctam.
807 2458 857 2489 Sic
889 2458 1043 2497 Catullus,

318 2515 389 2546 lxiv.
407 2516 479 2545 165.
504 2512 537 2543 in
549 2511 620 2543 loco
632 2510 864 2553 elegantissimo
881 2510 1045 2551 elegantis.

320 2566 390 2597 simi
407 2563 566 2596 carminis:

353 2634 402 2659 Sed
420 2633 484 2664 quid
502 2639 553 2664 ego
571 2632 668 2665 ignaris
686 2632 871 2664 nequidquam
894 2636 1045 2663 conqueror

476 2679 545 2697 auris

352 2713 500 2737 Externata
511 2691 599 2737 malo?
617 2716 692 2743 quae,
703 2711 781 2737 nullis
790 2711 901 2736 sensibus
911 2714 1004 2740 aucte,

353 2753 408 2777 Nec
420 2751 508 2775 missas
518 2751 610 2776 audire
621 2754 736 2783 queunt,
745 2758 796 2776 nec
808 2751 929 2780 reddere,
941 2756 1030 2775 voces.

1083 953 1145 985 Sed
1161 953 1246 985 enim
1262 953 1296 983 in
1312 951 1429 983 Catulli
1451 950 1533 989 loco,
1555 960 1596 980 ne
1610 948 1746 991 frigeant
1767 958 1814 980 se-

1082 1004 1220 1046 quentia,
1250 1010 1282 1034 et
1307 1013 1436 1034 omnem
1465 1012 1590 1042 prorsus
1619 1006 1815 1033 venustatem

1082 1055 1226 1096 perdant,
1240 1054 1458 1094 reponendum
1473 1063 1601 1084 censeo:

1114 1130 1165 1155 Sed
1186 1128 1251 1160 quid
1271 1135 1322 1160 ego
1343 1128 1450 1160 ingratis
1465 1126 1650 1158 nequidquam
1665 1131 1818 1158 conqueror

1271 1167 1355 1192 auris?

1084 1232 1104 1263 i.
1124 1242 1150 1263 e.
1165 1231 1244 1262 nihil
1259 1230 1451 1270 profecturis.
1476 1235 1499 1250 “
1518 1228 1606 1265 Quid
1619 1228 1816 1260 infructuose

1086 1286 1109 1302 “
1125 1293 1199 1314 cum
1213 1282 1298 1312 auris
1313 1280 1467 1323 queror?'’
1491 1280 1574 1311 Vide
1589 1290 1664 1311 mox
1679 1280 1719 1311 ad
1733 1290 1814 1311 verr.

1087 1337 1157 1366 950.
1173 1336 1245 1365 955.
1263 1335 1333 1364 971.
1358 1332 1448 1372 Virg.
1464 1331 1539 1361 AEn.
1555 1331 1594 1362 vi.
1611 1335 1681 1362 215.
1712 1332 1818 1362 Voces

1084 1385 1193 1425 utique
1217 1386 1368 1424 ingnarus
1393 1388 1424 1413 et
1453 1385 1595 1423 ingratus
1620 1382 1813 1423 negligentia

1085 1436 1282 1467 librariorum
1297 1435 1495 1466 commiscuit
1509 1434 1549 1465 ad
1567 1434 1660 1465 Ovid.
1676 1441 1749 1465 met.
1766 1434 1817 1465 vii.

1087 1491 1159 1519 711.
1204 1487 1270 1518 Adi
1287 1486 1593 1522 Drakenborchium,
1610 1485 1643 1515 in
1661 1485 1715 1516 Sil.
1732 1485 1772 1516 It.
1787 1495 1818 1517 x.

1089 1543 1139 1570 86.

1131 1599 1207 1630 Ver.
1223 1603 1294 1630 628.
1317 1609 1445 1638 vagare:
1471 1597 1516 1628 ita
1530 1597 1645 1638 legitur
1664 1597 1697 1627 in
1713 1597 1751 1628 B.
1769 1597 1817 1628 M.

1089 1651 1130 1687 Q.
1157 1661 1215 1690 pro
1235 1652 1356 1690 vagari,
1383 1650 1409 1680 si
1424 1648 1500 1679 fides
1514 1649 1713 1680 collatoribus
1728 1648 1818 1679 adhi-

1087 1702 1189 1733 benda
1204 1708 1261 1741 est,
1283 1711 1379 1742 quam
1401 1707 1507 1732 tamen
1524 1701 1558 1731 in
1573 1701 1632 1731 hoc
1647 1701 1716 1731 loco
1731 1700 1822 1731 valde

1088 1765 1268 1794 suspensam
1280 1755 1379 1785 habeo
1387 1765 1397 1792 ;
1411 1763 1483 1784 vero
1498 1753 1538 1784 sit
1552 1753 1695 1794 quamvis
1708 1752 1822 1790 simile,

1088 1808 1269 1838 inusitatam
1283 1807 1419 1838 formam
1433 1807 1518 1837 verbi
1534 1817 1657 1846 vagare,
1672 1806 1706 1836 in
1720 1805 1821 1836 activa

1087 1870 1174 1899 voce,
1198 1860 1339 1891 librarios
1365 1860 1406 1891 ad
1433 1858 1615 1891 novandum
1642 1858 1817 1899 impulisse:

1086 1911 1177 1952 cujus
1203 1911 1278 1942 usus
1301 1911 1403 1942 multa
1427 1911 1518 1942 nobis
1533 1910 1677 1950 exempla
1693 1910 1820 1941 Nonius

1088 1963 1260 1993 Marcellus
1289 1963 1455 2004 congessit,
1495 1962 1535 1993 ad
1563 1963 1614 1993 vii.
1640 1962 1751 1993 2.-Ρ,
1781 1962 1822 1993 L.

1087 2015 1163 2046 daut
1177 2026 1304 2050 vacare5
1324 2014 1421 2045 vind.
1433 2015 1474 2044 V.
1487 2014 1534 2044 ed.
1552 2013 1592 2044 Ο.
1611 2019 1645 2044 Δ.
1662 2020 1703 2044 Π.
1721 2019 1755 2045 Σ.
1771 2019 1822 2045 Ω..

1087 2077 1207 2097 vocare:
1245 2065 1331 2106 quod
1353 2065 1509 2096 sincerum
1532 2070 1622 2104 puto;
1654 2071 1689 2095 ut
1712 2075 1822 2096 sensus

1086 2117 1141 2147 sit:
1169 2119 1190 2135 “
1209 2116 1322 2156 Neque
1353 2116 1444 2147 aliter
1472 2126 1637 2156 possumus
1667 2116 1824 2148 nobismet

1088 2172 1111 2188 “
1126 2178 1298 2209 proponere
1310 2168 1473 2198 nominare
1485 2168 1607 2198 animas
1621 2167 1819 2200 defunctas?

1088 2221 1107 2252 i.
1123 2231 1148 2252 e.
1164 2220 1203 2250 de
1218 2219 1280 2250 illis
1294 2220 1387 2261 loqui.

1132 2280 1207 2311 Ver.
1223 2283 1295 2312 651.
1320 2291 1416 2321 mque
1440 2291 1553 2321 neque:
1580 2284 1685 2310 A.nec
1710 2289 1819 2310 nec.—

1089 2345 1237 2366 seorsum:
1265 2334 1305 2365 V.
1323 2334 1371 2365 ed.
1395 2345 1508 2365 sorsum
1520 2348 1530 2369 ;
1555 2343 1663 2364 vocem
1689 2333 1820 2372 scilieet,
1874 2369 1877 2373 Ι

1087 2386 1134 2416 uti
1163 2386 1388 2425 proferebatur,
1425 2385 1611 2425 exprimens.
1669 2383 1821 2416 Similiter

1087 2438 1193 2469 statim
1208 2438 1301 2475 infra,
1317 2444 1349 2468 et
1363 2438 1445 2469 alibi.

1133 2500 1207 2530 Ver.
1225 2503 1297 2530 652.
1323 2509 1417 2539 neque
1433 2497 1597 2537 posterior:
1624 2496 1730 2538 vulgo,
1746 2508 1819 2534 nec,-

1088 2556 1197 2581 contra
1225 2550 1486 2581 libros—aures.-
1515 2549 1553 2580 L.
1570 2549 1619 2579 M.
1644 2550 1747 2586 amis,-
1771 2557 1819 2578 er-

1089 2613 1158 2633 rorc
1174 2602 1265 2633 facili.

1135 2663 1208 2695 Ver.
1224 2667 1294 2694 655.
1313 2674 1371 2704 per
1399 2674 1430 2694 se
1453 2668 1599 2703 possunt:
1631 2667 1668 2692 A.
1689 2667 1820 2701 possunt

1084 2728 1143 2757 per
1160 2727 1358 2756 ssa—neque:
1383 2714 1482 2745 Vind.
1499 2725 1563 2744 nec.

1092 2768 1167 2799 Hoc
1182 2773 1288 2797 autem
1303 2766 1378 2797 dicit
1393 2766 1497 2806 po‘e't'a:
1525 2771 1549 2786 ‘⁶
1567 2763 1702 2794 Nullum
1719 2773 1822 2794 mem-

323 2816 374 2847 Ex
403 2814 452 2844 his
480 2813 616 2844 versibus
652 2825 709 2844 sua
738 2814 894 2856 Virgilius
930 2813 1050 2844 videtur
1096 2822 1118 2838 ⁶⁶
1133 2820 1227 2850 hrum
1243 2819 1371 2849 seorsim
1385 2823 1485 2857 potest
1509 2826 1575 2847 esse
1595 2815 1716 2854 anima;
1737 2813 1823 2858 quod

323 2866 500 2906 sumpsisse,
518 2865 557 2896 ad
573 2865 647 2896 AEn.
663 2866 702 2895 vi.
717 2869 789 2898 689.

536 2937 564 2961 ct
575 2937 651 2959 notas
661 2934 761 2964 audire.
773 2938 800 2959 ct
813 2932 925 2963 reddere,
935 2941 1011 2959 voces
1019 2934 1032 2957 ι’

1096 2875 1118 2890 “
1134 2880 1244 2902 omncs
1268 2868 1356 2900 haud
1385 2878 1467 2909 :egre
1496 2867 1688 2898 fatebuntur:
1719 2876 1821 2908 neque

1097 2926 1243 2953 “rursus
1278 2926 1377 2961 potest
1416 2919 1517 2951 ullum
1550 2920 1729 2950 membrum
1764 2926 1823 2949 suo
