1912 3292
350 239 409 275 32

853 224 914 271 Τ.
958 222 1338 273 LUCRETII

380 363 459 400 190
491 357 681 414 Namque
701 364 890 399 movetur
908 371 1030 412 aqua,
1052 363 1093 397 et
1113 355 1270 397 tantillo
1290 356 1472 398 momine
1490 357 1629 408 flutat;

490 431 658 487 Quippe
678 430 935 481 volubilibus,
956 431 1188 486 parvisque,
1210 438 1347 471 creata
1366 430 1520 488 figuris.

490 507 548 548 At
569 514 713 547 contra
733 505 860 546 mellis
880 504 1134 546 constantior
1153 511 1214 544 est
1234 514 1396 554 natura,

491 580 547 621 Et
566 581 697 638 pigrei
717 580 854 622 latices
874 579 1019 636 magis,
1042 586 1083 619 et
1102 577 1337 619 contantior
1357 586 1488 620 actus:

491 654 642 696 Haeret
661 654 772 695 enim
792 654 898 694 inter
919 668 960 694 se
981 653 1111 710 magis
1131 653 1265 693 omnis
1286 653 1477 694 materiai

383 734 460 771 195
495 730 647 785 Copia3
680 729 891 778 nimirum,
914 729 1010 785 quia
1029 743 1115 769 non
1137 735 1221 769 tam
1240 728 1410 769 laevibus
1430 734 1563 769 exstat

346 895 496 927 vocabula
507 902 609 933 aestus,
621 898 838 937 aestufluclzm,
851 906 924 927 cum
937 897 1075 937 permul-

346 949 385 978 tis
411 947 479 978 aliis
505 948 732 986 consimilibus,
762 948 802 978 ad
826 948 955 979 affectus
978 948 1077 979 animi

345 999 458 1039 passim
475 999 720 1036 transferuntur;
744 1004 780 1028 ut
795 998 890 1028 fuerit
911 999 1012 1029 otium
1027 999 1076 1029 in-

346 1049 446 1080 aniter
472 1049 612 1087 terentis,
637 1049 676 1079 de
699 1049 898 1080 corradendis
928 1049 1078 1088 exemplis

345 1102 429 1143 angi.
465 1101 547 1132 Vide
564 1100 749 1140 Apuleium,
766 1106 838 1130 met.
854 1100 906 1131 lib.
923 1099 966 1131 iii.
978 1100 1078 1130 initio.

346 1154 440 1184 Certe
455 1152 598 1193 gemellae
608 1152 783 1183 locutiones
796 1158 959 1191 tantopere
975 1151 1078 1191 probis

344 1205 544 1244 scriptoribus
571 1204 818 1244 frequentantur,
846 1208 881 1232 ut
905 1202 1077 1233 nonnullus

345 1257 432 1287 favor
453 1256 526 1287 inde
549 1255 732 1286 concilietur
754 1255 893 1285 varietati
910 1254 1023 1285 codicis
1040 1259 1074 1285 Δ.

344 1310 473 1346 dicitur,
501 1308 620 1348 utique,
647 1307 716 1337 loco
741 1308 902 1347 gignitur:
934 1306 1076 1346 quamvis

344 1359 458 1401 frigeat
472 1370 508 1390 ea
523 1359 627 1397 lectio,
643 1368 694 1388 me
705 1358 824 1399 judice,
840 1368 904 1397 prae
919 1357 1049 1397 recepui.

387 1420 462 1450 Ver.
483 1422 551 1451 175.
577 1421 736 1450 voluntas:
764 1424 798 1449 Δ.
817 1419 963 1458 voluptas.

389 1480 466 1510 Ver.
486 1482 556 1510 177.
582 1480 754 1519 Corporez's:
789 1484 823 1508 A.
851 1480 1008 1518 Corporis:
1046 1484 1077 1508 et

348 1546 382 1563 το
395 1543 456 1563 esse
471 1531 577 1561 versus
591 1530 793 1570 praecedentis
808 1531 894 1561 abest
911 1536 951 1560 Π.

392 1592 472 1623 Ibid.
494 1594 562 1623 telis
579 1594 710 1632 ictuque.
755 1591 844 1621 Hinc
867 1591 992 1632 egregie
1013 1596 1074 1621 sta-

344 1645 452 1676 bilitur
466 1645 569 1683 lectio,
591 1655 687 1685 quam
709 1644 805 1675 modo
819 1644 1015 1683 praetulimus
1029 1644 1074 1674 al-

346 1696 404 1726 teri
419 1696 458 1726 ad
474 1707 536 1726 ver.
556 1699 624 1726 171.
648 1696 691 1726 Et
702 1706 757 1735 per
772 1695 958 1735 hendyaden
973 1701 1077 1726 noster

346 1747 469 1778 locutus
483 1754 539 1786 est,
555 1757 611 1787 pro
626 1750 689 1778 ictu
705 1749 840 1778 telorum.
886 1747 998 1777 Talem
1013 1747 1076 1777 for-

345 1798 467 1829 mulam
510 1798 655 1829 nonnulli
691 1798 774 1828 male
813 1798 1007 1828 solicitabant
1043 1798 1075 1827 in

348 1850 527 1889 Pomponio
541 1849 640 1888 Melzi,
656 1849 687 1880 ii.
699 1853 729 1880 2.
742 1853 861 1880 84.--“
878 1849 992 1879 divisas
1005 1860 1076 1889 spa-

346 1905 369 1920 “
383 1904 426 1934 tio
450 1904 617 1942 pelagoque
650 1902 827 1932 terras—:¹¹
865 1901 883 1932 i.
910 1912 936 1932 e.
967 1901 1078 1942 pelago

346 1954 494 1992 spatioso3
519 1964 643 1992 nempe,
667 1954 693 1983 si
714 1953 837 1984 facinus
855 1960 1022 1992 patratum,
1045 1964 1077 1984 re

346 2010 502 2044 expertus,
518 2004 745 2043 contempleris.

390 2064 463 2094 Ver.
486 2066 554 2095 178.
578 2066 626 2095 Is:
654 2069 689 2094 Δ.
706 2065 764 2100 At‚-
789 2063 875 2104 quod
891 2063 1009 2094 malim.

388 2124 462 2155 Ver.
498 2129 565 2156 180.
603 2127 671 2156 aio:
711 2125 748 2156 B.
782 2131 822 2155 11.
852 2127 971 2161 (mimo,-
1011 2125 1076 2155 vice

347 2177 456 2216 puncti
485 2177 601 2208 lineola
631 2188 744 2217 nempe
773 2176 878 2215 ductii,
915 2183 984 2213 αῖο,-
1026 2178 1075 2208 Pii

347 2229 477 2270 quidam
514 2229 604 2260 codd.
636 2233 790 2266 animum;
827 2230 846 2260 i.
877 2240 905 2260 e.
937 2230 1074 2266 fortasse,

347 2284 462 2320 animo,
485 2281 533 2312 vel
547 2284 700 2318 auimom,·
726 2292 790 2312 non
805 2281 900 2320 male,
917 2282 975 2314 nisi
991 2282 1076 2323 quod

347 2333 457 2364 eadem
480 2344 539 2364 vox
560 2335 650 2365 toties
675 2334 805 2374 repetita
820 2344 932 2374 parum
948 2334 1074 2374 placeat.

347 2386 598 2426 -persubtilemt
625 2386 665 2415 V.
681 2385 730 2416 ed.
748 2392 788 2416 Π.
800 2397 857 2426 per
871 2387 1000 2416 sutilem.

393 2444 473 2475 Ibid.
484 2445 679 2484 persaetblilem
695 2451 786 2485 atque
801 2447 928 2475 minutis
944 2447 1076 2484 corpori—

348 2498 419 2528 bus:
444 2496 515 2527 vide
530 2502 636 2527 notata
650 2496 690 2527 ad
705 2507 766 2527 ver.
786 2500 856 2527 187.
879 2496 919 2526 de
934 2497 991 2526 hac
1009 2496 1076 2526 ani-

347 2547 392 2577 mi
408 2548 723 2584 subtilitate—Mox,
749 2547 783 2578 in
804 2558 864 2578 ver.
885 2551 955 2578 182.
980 2554 1020 2578 11.
1035 2554 1075 2586 et,

349 2609 406 2638 pro
420 2606 461 2630 ut.

394 2657 467 2687 Ver.
487 2661 555 2688 182.
580 2659 668 2690 Ordo
693 2665 754 2690 est:
784 2663 807 2678 “
824 2659 913 2690 Licet
937 2659 1077 2690 advertas

348 2713 371 2728 “
387 2710 541 2747 animum,
569 2718 605 2742 ut
630 2713 726 2752 possis
747 2713 822 2744 hinc
843 2723 1025 2752 pernoscere
1044 2713 1077 2744 id

350 2763 372 2779 “
389 2761 432 2790 ita
448 2761 552 2791 esse:''
576 2769 668 2803 atque
683 2764 761 2795 adeo
775 2764 964 2804 interpunxi.
998 2764 1075 2796 Edi-

350 2811 450 2842 tiones
480 2811 550 2842 aliae
580 2823 644 2843 non
675 2814 874 2856 distinguunt
888 2823 956 2855 post
970 2817 1073 2848 Hinc.-

349 2861 405 2892 sod
429 2864 517 2893 Hinc
542 2866 680 2895 animum
703 2869 858 2898 advertere
881 2868 1013 2899 minime
1027 2877 1075 2898 so·

348 2920 404 2945 nat
419 2914 459 2945 ad
474 2915 596 2947 Latinae
611 2915 728 2958 linguae
743 2917 918 2958 ingenium.

1163 895 1238 925 Ver.
1258 898 1328 926 183.
1365 894 1438 926 Hos
1463 903 1568 925 versus
1594 893 1638 924 ita
1667 893 1849 934 permiscuit

1120 947 1197 978 liber
1215 954 1256 979 Π.

1168 1021 1235 1045 Nihil
1247 1021 1314 1046 adeo
1326 1021 1383 1046 fieri
1395 1021 1521 1054 proponit
1531 1024 1559 1046 et
1569 1020 1680 1046 inchoat
1690 1020 1746 1052 ipsa

1167 1062 1254 1092 Quam
1267 1061 1288 1085 si
1297 1068 1374 1086 mens
1385 1060 1443 1086 fieri
1453 1059 1534 1086 celeri
1545 1061 1649 1085 ratione
1660 1060 1777 1085 videtur.

1122 1123 1167 1154 Et
1180 1133 1275 1154 ausus
1289 1134 1360 1154 sum
1375 1124 1543 1154 rescribere
1564 1125 1632 1159 sibi.
1660 1123 1726 1154 vice
1745 1126 1785 1162 si,
1811 1133 1852 1155 ne
1904 1139 1905 1143 ¹

1121 1184 1187 1205 uno
1202 1175 1330 1215 quidem
1345 1174 1463 1213 codice,
1491 1174 1539 1205 vel
1560 1174 1647 1205 edito
1661 1180 1776 1213 vetere,
1795 1174 1854 1206 ad·-
1902 1172 1904 1201 ἶ

1120 1226 1255 1258 dicente:
1283 1227 1337 1258 sed
1362 1228 1430 1268 ipsa
1454 1238 1500 1266 re,
1525 1227 1558 1258 ni
1585 1227 1687 1263 fallor,
1713 1228 1795 1258 hanc
1820 1237 1853 1258 e-

1120 1279 1353 1310 mendationem
1363 1280 1544 1310 enixissime
1555 1278 1740 1319 postulante.
1759 1282 1780 1298 ‘⁸
1793 1279 1852 1310 Ni-

1121 1333 1143 1348 “
1159 1329 1205 1360 hil
1220 1329 1255 1360 fit
1269 1340 1328 1370 ope
1342 1331 1490 1370 corporis,
1513 1337 1569 1361 aut
1582 1330 1644 1361 alio
1662 1330 1772 1371 quovis
1785 1340 1853 1361 mo-

1120 1385 1142 1399 “
1159 1380 1210 1417 do,
1233 1387 1298 1412 tam
1313 1381 1465 1419 celeriter,
1487 1391 1583 1422 quam
1599 1391 1690 1413 mens
1709 1383 1768 1414 sibi
1781 1391 1853 1421 pro-

1120 1435 1142 1450 “
1159 1432 1249 1471 ponit
1264 1429 1475 1463 faciendum.”
1504 1433 1591 1463 Mihi
1605 1432 1659 1464 det
1675 1432 1856 1472 explicatas,
1900 1467 1902 1472 ,

1119 1485 1174 1524 qui
1192 1486 1315 1523 poterit,
1332 1484 1403 1522 loci,
1416 1491 1509 1524 prout
1523 1485 1618 1525 vulgo
1632 1484 1787 1521 scribitur,
1802 1495 1853 1515 rap

1120 1536 1228 1566 tiones.
1273 1536 1367 1566 Forte
1389 1545 1431 1566 an
1452 1535 1575 1566 brevior
1599 1536 1751 1576 scriptura
1763 1547 1853 1568 men-
1900 1546 1901 1549 ’

1121 1587 1196 1618 dam
1211 1587 1433 1627 importaverit.

1121 1648 1232 1684 Porro,
1259 1648 1298 1679 de
1324 1650 1478 1679 celeritate
1503 1650 1606 1679 animi
1631 1647 1717 1690 (vide
1738 1658 1796 1679 nos
1815 1647 1855 1680 ad

1122 1701 1244 1731 Mosch.
1260 1700 1347 1740 idyll.
1362 1700 1394 1730 ii.
1414 1700 1501 1740 107.)
1531 1700 1619 1731 locus
1641 1700 1778 1731 Homeri
1803 1700 1854 1730 in-

1122 1752 1219 1793 signis
1244 1758 1302 1790 est,
1327 1753 1360 1782 in
1385 1751 1447 1782 Od.
1465 1759 1499 1783 Η.
1523 1756 1575 1783 50.
1598 1762 1693 1793 quem
1719 1758 1857 1793 tangunt.
1898 1782 1899 1794 3

1121 1805 1222 1835 Faber
1237 1810 1269 1834 et
1285 1804 1462 1844 Preigerus,
1486 1813 1622 1845 quorum
1644 1803 1694 1834 hic
1709 1814 1766 1834 nos
1780 1804 1856 1834 mit-
1898 1832 1899 1835 ,

1121 1855 1158 1884 tit
1186 1854 1226 1885 ad
1254 1855 1502 1885 Rittersbusium
1524 1855 1559 1884 in
1583 1854 1719 1894 Oppian.
1741 1855 1803 1886 hal.
1823 1865 1854 1886 v.
1895 1846 1899 1896 2

1126 1911 1199 1938 660.
1223 1906 1276 1948 qui
1292 1906 1392 1937 multa
1406 1907 1494 1946 paria
1511 1906 1679 1947 congessit:

1182 1986 1241 2010 Tm
1254 1993 1297 2012 ιεες
1311 1993 1404 2014 axum,
1419 1984 1450 2012 ὡς
1463 1993 1479 2009 u
1493 1993 1585 2019 πτερω,
1598 1993 1623 2013 ἠε
1636 1984 1777 2010 NOHMA:

1123 2062 1177 2092 ubi
1195 2062 1340 2093 Clarkius
1362 2062 1395 2092 in
1413 2063 1495 2092 hanc
1520 2071 1587 2092 rem
1614 2061 1767 2092 videndus
1793 2068 1854 2101 est;
1893 2079 1895 2081 ·

1122 2125 1197 2145 nam
1216 2125 1323 2144 versus
1341 2113 1507 2144 Claudiani
1529 2113 1743 2154 perelegantes
1765 2115 1854 2145 nobis

1122 2166 1298 2206 praeripuit:
1324 2165 1429 2196 videas
1444 2165 1539 2195 etiam
1555 2164 1660 2196 locum
1675 2175 1715 2195 ex
1726 2165 1852 2196 Home-
1892 2203 1895 2208 .

1121 2217 1147 2246 ri
1162 2217 1296 2257 hymnis,
1313 2216 1353 2246 ad
1368 2216 1398 2246 ii.
1418 2219 1509 2247 1047.
1533 2217 1595 2247 huc
1616 2216 1794 2248 facientem.

1162 2277 1238 2308 Ver.
1255 2281 1326 2308 186.
1351 2289 1482 2318 quarum
1491 2291 1501 2308 .·
1526 2277 1570 2308 sic
1584 2276 1678 2308 Vind.
1695 2277 1734 2312 Q.
1753 2283 1792 2308 n.
1807 2284 1852 2310 Ω..
1892 2269 1893 2291 ³

1119 2330 1174 2360 sed
1189 2329 1241 2360 alii
1256 2340 1375 2366 omnes,
1399 2341 1543 2370 quor-unu
1570 2334 1611 2365 et,
1635 2328 1758 2368 opinor,
1772 2339 1852 2360 vere.

1122 2381 1218 2412 Redit
1247 2392 1361 2421 nempe
1389 2381 1429 2411 ad
1467 2390 1672 2411 communem
1702 2379 1853 2421 loquendi

1121 2433 1268 2469 formam,
1290 2432 1396 2463 habita
1417 2431 1620 2471 praecedentis
1643 2430 1780 2462 nominis
1804 2442 1851 2464 res

1121 2485 1208 2515 nulla
1222 2485 1349 2515 ratione.
1397 2484 1483 2515 Alibi
1498 2483 1652 2514 similiter.
1682 2486 1685 2488 '
1887 2512 1891 2518 ,

1163 2544 1239 2574 Ver.
1260 2546 1328 2574 187.
1353 2544 1413 2574 At:
1440 2543 1480 2573 V.
1497 2543 1545 2574 ed.
1565 2543 1603 2574 Β.
1627 2543 1713 2579 Ain,-
1737 2548 1769 2573 et
1787 2553 1850 2573 mo-

1119 2597 1176 2626 bile
1192 2594 1330 2635 sequitur
1340 2601 1381 2625 est
1398 2594 1431 2624 in
1450 2601 1489 2625 Π.

1164 2656 1244 2687 Ibid.
1265 2658 1407 2688 rotundis
1421 2658 1574 2697 Per-quam
1589 2655 1765 2692 seminibus,
1776 2663 1849 2694 per-
1886 2677 1888 2682 .

1120 2720 1270 2750 quamque
1285 2711 1422 2740 minutis.
1467 2707 1634 2747 Epicurus,
1651 2705 1736 2746 apud
1751 2705 1849 2746 Diog.
1885 2741 1888 2746 ⁸

1121 2761 1224 2792 La‘e‘rt.
1241 2771 1270 2791 x.
1285 2764 1336 2791 66.
1364 2767 1457 2791 Αλλα
1477 2773 1534 2800 μην
1562 2773 1612 2790 και
1637 2757 1699 2789 ‘roffi
1724 2764 1804 2797 λεγει
1826 2768 1851 2787 ει
1885 2786 1887 2799 1

1125 2820 1227 2847 αλλοις
1262 2812 1447 2855 (li-mxima),
1477 2825 1528 2842 και
1559 2813 1587 2850 εξ
1615 2823 1731 2849 ατομυν
1761 2821 1852 2841 αντη·
1884 2814 1886 2818 “

1121 2870 1190 2908 (την
1228 2865 1348 2904 ψυχὴν)
1394 2865 1560 2905 cvymmom
1605 2869 1763 2893 λυοτατωι
1799 2871 1850 2890 και
1882 2895 1887 2901 ³

1121 2923 1405 2960 στρογγυλωτοιτων.
