1912 3292
502 232 736 282 LIBER
777 226 1128 277 TERTIUS.

1478 234 1567 279 179

278 369 352 411 Ille
369 379 531 422 quoque
549 364 651 418 ipse,
667 361 777 402 viam
797 359 867 416 qui
888 357 1098 415 quondam
1117 371 1192 413 per
1210 371 1324 398 mare
1344 371 1538 416 magnum

222 443 387 491 Stravit,
407 440 566 493 iterque
585 435 700 478 dedit
717 433 947 492 legionibus
965 433 1026 474 ire
1045 446 1119 487 per
1139 432 1282 482 altum,

215 520 281 559 Ac
299 514 470 572 pedibus
491 512 612 554 salsas
632 511 773 552 docuit
793 522 986 564 superare
1005 506 1187 555 lacunas,

132 671 262 699 sera-visse
271 670 370 702 quippe
378 669 462 694 maria
471 668 558 694 fertur
566 668 703 698 Hercules,

133 714 188 739 lter
197 715 229 737 ut
238 714 344 744 pateret
354 709 433 735 facile
442 709 550 742 captivo
562 708 646 741 gregi.

69 776 114 809 Et
129 774 353 812 Tertullianus,
368 773 437 805 adv.
454 773 555 804 Marc.
570 783 598 803 v.
615 775 687 802 114.

98 854 125 880 si
133 859 188 878 non
199 852 254 885 ipse
263 852 338 878 dedit
349 853 430 885 leges,
440 853 513 876 Deus
522 851 588 883 ipse,
597 851 725 880 Creator3

97 893 211 926 AEgypti
220 893 255 918 de
262 892 330 918 calle
340 892 418 917 viam
429 891 476 923 qui
485 890 586 916 stravit
597 891 624 915 in
636 889 723 915 undis.

67 966 90 999 J
92 964 231 998 uvenalis
245 964 341 996 etiam
355 963 394 995 de
411 963 527 1002 Xerxe,
543 972 573 993 x.
588 965 657 994 175.

325 1043 480 1066 constratum
490 1039 609 1065 classibus
619 1038 724 1068 iisdem,

102 1082 331 1115 suppositumque
340 1081 416 1111 rotis,
424 1080 540 1105 solidum
551 1086 633 1104 mare.-

69 1146 118 1177 uti
143 1145 298 1177 Manilius
323 1155 447 1186 quoque
471 1143 610 1185 loquitur
628 1141 668 1173 ad
689 1142 709 1172 i.
726 1145 797 1173 774.

70 1198 125 1239 qui
146 1208 239 1238 super
264 1197 376 1229 eodem
399 1201 585 1238 argumento
607 1195 651 1226 sic
676 1194 797 1225 videtur

69 1249 276 1291 castigandus
290 1250 324 1280 in
339 1249 381 1280 iii.
399 1252 449 1280 20.

324 1332 375 1350 nec
385 1324 486 1350 Persica
496 1324 575 1353 bella,
585 1323 720 1355 profundo

99 1366 216 1395 Indicta‚
226 1368 254 1390 et
264 1365 364 1396 magni
375 1368 492 1395 pontum
503 1365 552 1388 suh
562 1363 644 1387 classe
653 1362 796 1391 latentem,

97 1404 308 1434 Immissumque
314 1403 417 1428 fretum
425 1401 501 1427 terris
503 1410 512 1432 3
520 1401 572 1426 iter
577 1400 694 1431 aequoris
701 1400 793 1425 undas.

68 1468 189 1513 Vulg0‚
205 1473 307 1502 undis.
342 1469 460 1500 Versus
474 1475 549 1500 sunt
563 1467 793 1509 elegantissimi,

71 1533 150 1566 quos
166 1523 314 1555 sedulius
328 1522 481 1563 profudit,
505 1521 546 1553 ad
569 1521 673 1561 pasch.
700 1529 795 1551 carm.

68 1575 91 1607 i.
108 1578 180 1607 125.
201 1575 241 1606 de
266 1575 431 1613 Israelitis,
455 1583 543 1605 mare
568 1573 701 1604 rubrum
724 1581 794 1612 per-

64 1627 256 1662 meantibus:

82 1696 174 1722 Pervia
182 1695 260 1721 divisi
270 1698 418 1728 patuerunt
429 1695 531 1721 caerula
541 1694 630 1727 ponti,

81 1737 114 1761 ln
123 1735 265 1768 geminum
274 1734 399 1760 revoluta
409 1735 478 1759 latus
484 1743 493 1764 ;
510 1734 666 1764 nudataque
676 1732 754 1758 tellus

83 1776 212 1807 cognatis
221 1775 351 1808 spoliatur
359 1775 445 1806 aquis,
452 1781 484 1799 ac
493 1775 574 1799 turba
584 1773 712 1806 pedestris

84 1816 172 1840 Intrat
187 1815 216 1839 in
231 1814 354 1839 abstantis
368 1814 457 1846 pelagi
473 1821 559 1844 mare,
573 1819 674 1845 perque
685 1811 796 1844 profun-

178 1855 245 1878 dum

85 1894 160 1919 Sicca
170 1893 322 1926 peregrinas
331 1895 493 1925 stupuerunt
504 1898 640 1917 marmora
651 1891 764 1924 plantas.

69 1957 186 1998 Vulgo,
212 1958 235 1976 “
249 1959 381 1989 absentis
408 1955 512 1996 pelagi
521 1956 552 1994 ;”
575 1955 737 1995 mendose,
761 1961 798 1986 ut

66 2009 208 2045 arbitror,
234 2014 266 2039 et
279 2008 414 2048 illepide.
460 2008 573 2045 Porro,
597 2007 675 2038 dum
690 2007 723 2037 in
739 2008 797 2038 hac

67 2070 102 2091 re
122 2069 236 2096 versor,
266 2059 416 2090 sublimes
439 2058 601 2100 quosdam,
625 2057 796 2098 pulcherri-

70 2124 209 2155 mosque,
243 2112 366 2144 Sidonii
394 2113 587 2152 Apollinaris
622 2123 738 2149 versus,
769 2123 796 2142 v.

66 2169 140 2198 461.
162 2176 220 2207 pro
241 2165 361 2196 meritis
374 2165 533 2204 politiores
546 2164 637 2201 dabo,
654 2171 685 2195 et
699 2164 797 2204 expli-

66 2217 160 2256 citos3
205 2228 282 2248 nam
322 2218 448 2256 Savaro‚
486 2217 650 2248 Parisinus
686 2216 796 2253 editor,

67 2269 212 2311 quamvis
232 2269 318 2300 haud
333 2269 502 2310 vulgariter
521 2268 674 2306 eruditus,
699 2269 796 2299 inter-

66 2322 276 2362 pretationem
288 2322 396 2352 minus
409 2321 610 2353 commodam
635 2331 796 2352 commen-

69 2380 121 2406 tus
136 2378 194 2404 est:

219 2455 270 2474 nec
277 2451 377 2480 tantae,
389 2450 482 2474 Seston
489 2450 634 2481 juncturus
643 2449 751 2481 Abydo,

83 2491 192 2516 Xerxes
199 2489 286 2515 classis
293 2493 362 2520 erat,
369 2491 486 2515 tumidas
494 2497 558 2515 cum
565 2493 696 2515 sterneret
704 2490 799 2520 undas,

84 2531 118 2554 Et
126 2532 243 2561 pontum
253 2529 302 2554 sub
310 2533 395 2561 ponte
403 2529 479 2554 daret
487 2538 495 2560 3
507 2536 571 2554 cum
582 2533 676 2562 stagna
685 2529 799 2561 superbo

81 2570 182 2603 Irrupit
193 2573 326 2596 temerata
337 2571 432 2602 gradu,
447 2575 603 2602 turmaeque
613 2571 767 2602 frequentes

83 2610 309 2643 Hellerpontiacum
320 2610 502 2642 persultavere
508 2610 677 2643 prafundum.

69 2675 185 2716 Stagna
200 2680 347 2706 temerata
364 2680 438 2705 sunt
451 2674 541 2705 idem
561 2674 799 2715 Hellespontus,

70 2735 132 2758 usu
146 2737 290 2767 perverso
304 2733 336 2758 et
349 2727 437 2768 quasi
452 2728 612 2769 sacrilego,
628 2729 669 2758 ob
683 2733 800 2768 spretas

71 2783 192 2811 naturae
205 2779 301 2821 leges,
317 2779 460 2811 violatus.
484 2779 592 2821 Vulgo
606 2786 714 2811 autem
725 2780 799 2811 scri-

72 2829 166 2866 bitur.
197 2832 441 2873 Hellespontiaco
465 2839 572 2873 ponto,
609 2832 695 2863 cassa¹
722 2843 798 2863 con-

73 2881 254 2920 structione,
268 2889 300 2914 et
313 2883 430 2916 codicis
443 2884 562 2921 formis,
579 2885 700 2925 opinor,
719 2886 798 2916 Hel-

72 2934 254 2974 lespomic105
259 2940 361 2977 ponffi,
373 2948 485 2978 parum
495 2937 628 2969 fideliter
638 2938 795 2969 exhibitis:

841 666 912 697 vide
926 664 1079 704 superius,
1092 673 1153 693 ver.
1170 665 1241 695 647.
1267 662 1360 693 Idem
1369 662 1567 701 nitidissime,

841 717 882 749 ix.
898 720 949 747 41.
971 725 1064 755 super
1081 714 1193 746 eodem
1207 720 1407 755 argumento:

901 796 955 820 Nec
966 800 1021 819 non
1031 792 1242 825 Thermopylas,
1254 795 1281 817 et
1294 792 1374 817 Hellis
1386 791 1479 822 undas,

902 834 995 867 spretis
1005 834 1126 859 obicibus
1137 833 1185 858 soli
1194 833 1304 864 salique,

902 875 1001 899 Insanis
1010 873 1132 907 equitasse
1142 880 1206 898 cum
1217 873 1340 898 catervis.

843 948 1009 980 Perizonio
1021 948 1158 990 adjutus,
1175 946 1512 978 contaminatissimum
1525 947 1570 978 lo-

841 1010 917 1031 cum
938 1000 1031 1031 Lucii
1061 999 1216 1039 Ampelii,
1247 1009 1313 1038 cap.
1341 1002 1390 1029 15.
1413 999 1571 1038 puriorem

842 1051 936 1082 dabo:
964 1054 987 1070 ‘⁶
1003 1051 1122 1081 Darius
1144 1050 1351 1087 rex,—victus
1373 1051 1411 1081 ab
1434 1051 1570 1081 Atheni-

843 1107 865 1122 “
881 1103 1016 1139 ensibus,
1043 1103 1178 1133 ducente
1201 1102 1358 1140 Miltiade,
1377 1103 1461 1142 apud
1475 1104 1570 1143 palu-

842 1159 865 1175 “
880 1158 948 1186 dem
965 1157 1154 1186 Marathona
1168 1154 1252 1196 (vide
1264 1155 1398 1184 Pausan.
1411 1155 1430 1184 i.
1441 1159 1495 1185 52.
1512 1156 1570 1185 sub

842 1210 865 1225 “
882 1206 934 1236 fin.
965 1206 1085 1245 Vulgo,
1106 1204 1426 1244 Pseudomaratlcona)
1442 1208 1571 1236 recessit.

842 1263 865 1279 “
882 1260 1015 1296 Xerxes,
1032 1257 1124 1287 Darii
1138 1257 1234 1295 filius,
1250 1266 1324 1286 cum
1335 1259 1505 1288 decessisset
1516 1268 1570 1296 pa-

840 1313 864 1330 “
880 1315 927 1340 ter
941 1309 1019 1350 ejus,
1049 1310 1186 1349 aliquam
1202 1310 1308 1339 multis
1323 1308 1454 1339 navibus
1469 1318 1569 1338 arma-

840 1365 863 1381 “
879 1361 927 1397 tis,
950 1367 979 1392 et
993 1360 1157 1397 militibus,
1182 1360 1217 1391 in
1240 1361 1403 1400 Europam
1429 1361 1572 1390 transivit

840 1417 862 1433 “
879 1414 1079 1444 contabulato
1095 1413 1315 1453 Hellesponto,
1333 1419 1363 1443 et
1372 1412 1472 1443 forato
1484 1413 1571 1443 Atho

840 1469 862 1486 ‘⁴
877 1466 1017 1497 monte.”
1056 1466 1157 1504 Libri,
1173 1468 1308 1501 decessit,
1323 1468 1496 1502 recessisset,
1509 1467 1569 1496 ali-

838 1521 976 1559 quantis,
987 1517 1104 1548 omisso
1118 1523 1156 1548 et.

839 1570 951 1601 Plures
964 1576 1071 1600 autem
1085 1569 1147 1600 loci
1162 1575 1315 1608 veterum,
1341 1570 1408 1600 haec
1430 1569 1569 1599 facinora

841 1622 956 1653 Xerxis
965 1622 1262 1663 praestringentium,
1270 1622 1445 1652 orationem
1455 1622 1571 1652 habent

840 1674 978 1705 versibus
991 1674 1190 1705 Lucretianis
1203 1672 1385 1704 coloratam:
1405 1682 1483 1714 quos
1493 1683 1569 1713 pru-

839 1725 916 1757 dens
927 1731 1086 1764 praetereo.

883 1775 964 1806 Ibid.
987 1778 1046 1807 iter
1061 1778 1115 1806 ire.
1154 1774 1316 1814 Virgilius,
1337 1784 1404 1815 geo.
1420 1774 1459 1804 iv.
1478 1778 1548 1805 108.

961 1854 1020 1878 Non
1032 1853 1082 1877 illis
1093 1852 1238 1885 quisquam
1249 1852 1440 1877 cunctantibus
1451 1851 1538 1877 altum

856 1897 897 1919 Ire
907 1894 965 1924 iter,
976 1898 1023 1918 aut
1034 1893 1125 1918 castris
1135 1893 1244 1918 audebit
1254 1892 1352 1918 vellere
1360 1892 1446 1924 signa.

885 1957 958 1988 Ver.
977 1960 1067 1988 1044.
1090 1968 1252 1997 superare.-
1277 1956 1321 1986 sic
1346 1956 1382 1987 P.
1400 1955 1441 1986 V.
1456 1955 1503 1986 ed.
1526 1956 1568 1986 O.

841 2013 877 2040 Δ.
894 2016 936 2040 Π.
959 2015 991 2039 et
1004 2009 1115 2049 placet,
1141 2019 1241 2049 quum
1261 2008 1329 2049 jam
1352 2007 1521 2038 habuimus
1537 2021 1570 2038 qo

841 2063 886 2092 ire
902 2060 943 2091 ad
957 2060 1094 2091 eundem
1110 2060 1222 2100 pedem
1237 2059 1345 2090 versus
1359 2059 1570 2099 praecedentis,

841 2114 983 2155 quamvis
991 2114 1090 2153 prisca
1101 2113 1151 2145 Pii
1164 2112 1366 2153 exemplaria,
1378 2119 1409 2143 et
1417 2112 1486 2143 libri
1498 2113 1571 2144 reli-

841 2166 907 2207 qui,
923 2165 1006 2202 dent‚
1022 2165 1107 2206 quod
1122 2165 1279 2204 optimum
1293 2175 1349 2205 per
1360 2175 1403 2204 se,
1415 2176 1505 2206 super
1517 2167 1570 2196 irc.

840 2216 1008 2257 Virgilius,
1027 2217 1102 2247 AEn.
1118 2216 1158 2247 ix.
1174 2220 1248 2247 514.

934 2286 1046 2317 Egressi,
1056 2284 1279 2317 superantfossas:

840 2343 861 2373 i.
875 2353 904 2374 e.
928 2350 1074 2384 superant
1088 2344 1234 2380 lacunam
1258 2354 1334 2374 nam
1355 2345 1477 2375 lacunoe
1499 2349 1571 2373 sunt

830 2395 936 2437 jbssae,
952 2395 1119 2435 interprete
1135 2395 1253 2434 Servio,
1269 2396 1309 2426 ad
1323 2405 1391 2436 geo.
1407 2395 1426 2425 i.
1443 2397 1514 2425 117.
1527 2393 1571 2423 iii.

840 2449 913 2478 365.
962 2447 1006 2478 Et
1020 2447 1063 2478 sic
1078 2447 1131 2478 alii
1145 2448 1409 2489 frequentissime:
1436 2446 1487 2476 adi
1504 2446 1572 2476 No-

842 2497 943 2534 nium,
954 2498 997 2532 iv.
1004 2501 1076 2541 414.
1089 2500 1271 2531 Annectam
1280 2504 1385 2530 tamen
1395 2498 1571 2533 Lucanum,

842 2560 868 2581 v.
885 2553 956 2582 503.

1236 2627 1396 2659 fluctusque,
1408 2627 1540 2652 verendos

890 2667 1031 2698 classibus,
1041 2669 1142 2700 exigua
1152 2671 1241 2700 sperat
1252 2672 1372 2700 superare
1381 2667 1487 2694 carini:

843 2731 897 2762 ubi
912 2731 1055 2762 consulas
1072 2731 1344 2772 Oudendorpium.
1387 2731 1432 2763 Et
1450 2731 1569 2772 profec-

843 2789 888 2821 to,
903 2783 989 2824 quod
1003 2783 1126 2819 damUS,
1143 2783 1301 2814 efficacius
1315 2788 1371 2820 est,
1398 2788 1430 2814 et
1450 2780 1568 2824 signifi-

843 2835 977 2874 cantius,
1008 2835 1067 2865 hoc
1092 2834 1204 2865 saltem
1225 2835 1302 2872 loco,
1332 2834 1570 2866 vocabulum.—

845 2886 1016 2923 Caeterum,
1031 2888 1124 2917 verba
1137 2898 1280 2927 superare
1295 2891 1326 2917 et
1336 2897 1429 2927 super
1438 2887 1483 2917 ire
1495 2895 1567 2916 con-

843 2938 1022 2969 funduntur
1047 2939 1143 2970 etiam
1164 2938 1250 2970 libris
1265 2938 1386 2979 scriptis
1400 2937 1440 2969 ad
1457 2936 1567 2968 Manil.
