<?xml version="1.0" encoding="UTF-8"?>
<!DOCTYPE html PUBLIC "-//W3C//DTD XHTML 1.0 Transitional//EN"
    "http://www.w3.org/TR/xhtml1/DTD/xhtml1-transitional.dtd">
<html xmlns="http://www.w3.org/1999/xhtml" xml:lang="en" lang="en">
 <head>
  <title>
</title>
<meta http-equiv="Content-Type" content="text/html;charset=utf-8" />
  <meta name='ocr-system' content='tesseract 3.04.00' />
  <meta name='ocr-capabilities' content='ocr_page ocr_carea ocr_par ocr_line ocrx_word'/>
</head>
<body>
  <div class='ocr_page' id='page_1' title='image "./tlucretiicarider02lucruoft_0373.png"; bbox 0 0 1912 3292; ppageno 0'>
   <div class='ocr_carea' id='block_1_1' title="bbox 457 252 1118 308">
    <p class='ocr_par' dir='ltr' id='par_1_1' title="bbox 457 252 1118 308">
     <span class='ocr_line' id='line_1_1' title="bbox 457 252 1118 308; baseline -0.003 -6"><span class='ocrx_word' id='word_1_1' title='bbox 457 255 690 302; x_wconf 90' lang='lat' dir='ltr'>LIBER</span> <span class='ocrx_word' id='word_1_2' title='bbox 735 252 1118 308; x_wconf 82' lang='lat' dir='ltr'><strong>QUARTUS.</strong></span> 
     </span>
    </p>
   </div>
   <div class='ocr_carea' id='block_1_2' title="bbox 1450 263 1545 306">
    <p class='ocr_par' dir='ltr' id='par_1_2' title="bbox 1450 263 1545 306">
     <span class='ocr_line' id='line_1_2' title="bbox 1450 263 1545 306; baseline 0.021 -2"><span class='ocrx_word' id='word_1_3' title='bbox 1450 263 1545 306; x_wconf 82' lang='lat'>295</span> 
     </span>
    </p>
   </div>
   <div class='ocr_carea' id='block_1_3' title="bbox 186 384 1369 515">
    <p class='ocr_par' dir='ltr' id='par_1_3' title="bbox 186 384 1369 515">
     <span class='ocr_line' id='line_1_3' title="bbox 247 384 1369 440; baseline 0.001 -13"><span class='ocrx_word' id='word_1_4' title='bbox 247 386 387 427; x_wconf 85' lang='lat' dir='ltr'>Hasce</span> <span class='ocrx_word' id='word_1_5' title='bbox 405 384 531 440; x_wconf 88' lang='lat' dir='ltr'>igitur</span> <span class='ocrx_word' id='word_1_6' title='bbox 549 384 712 437; x_wconf 92' lang='lat' dir='ltr'>penitus</span> <span class='ocrx_word' id='word_1_7' title='bbox 731 396 866 431; x_wconf 88' lang='lat' dir='ltr'>voces,</span> <span class='ocrx_word' id='word_1_8' title='bbox 888 396 1016 437; x_wconf 92' lang='lat' dir='ltr'>quom</span> <span class='ocrx_word' id='word_1_9' title='bbox 1036 397 1209 438; x_wconf 89' lang='lat' dir='ltr'>corpore</span> <span class='ocrx_word' id='word_1_10' title='bbox 1227 393 1369 428; x_wconf 89' lang='lat' dir='ltr'>nostro</span> 
     </span>
     <span class='ocr_line' id='line_1_4' title="bbox 186 454 1176 515; baseline -0.003 -14"><span class='ocrx_word' id='word_1_11' title='bbox 186 459 485 515; x_wconf 85' lang='lat' dir='ltr'>ExprimimuS,</span> <span class='ocrx_word' id='word_1_12' title='bbox 507 464 699 511; x_wconf 90' lang='lat' dir='ltr'>rectoque</span> <span class='ocrx_word' id='word_1_13' title='bbox 717 454 826 496; x_wconf 86' lang='lat' dir='ltr'>foras</span> <span class='ocrx_word' id='word_1_14' title='bbox 846 455 1069 497; x_wconf 85' lang='lat' dir='ltr'>emittimus</span> <span class='ocrx_word' id='word_1_15' title='bbox 1090 472 1176 508; x_wconf 87' lang='lat' dir='ltr'>ore,</span> 
     </span>
    </p>
   </div>
   <div class='ocr_carea' id='block_1_4' title="bbox 185 529 1196 587">
    <p class='ocr_par' dir='ltr' id='par_1_4' title="bbox 185 529 1196 587">
     <span class='ocr_line' id='line_1_5' title="bbox 185 529 1196 587; baseline -0.003 -13"><span class='ocrx_word' id='word_1_16' title='bbox 185 533 354 574; x_wconf 80' lang='lat' dir='ltr'>Mobilis</span> <span class='ocrx_word' id='word_1_17' title='bbox 373 529 574 580; x_wconf 78' lang='lat' dir='ltr'>articulat,</span> <span class='ocrx_word' id='word_1_18' title='bbox 600 529 822 571; x_wconf 85' lang='lat' dir='ltr'>verborum</span> <span class='ocrx_word' id='word_1_19' title='bbox 842 529 1018 581; x_wconf 81' lang='lat' dir='ltr'>daedala,</span> <span class='ocrx_word' id='word_1_20' title='bbox 1039 530 1196 587; x_wconf 89' lang='lat' dir='ltr'>lingua,</span> 
     </span>
    </p>
   </div>
   <div class='ocr_carea' id='block_1_5' title="bbox 29 685 767 2072">
    <p class='ocr_par' dir='ltr' id='par_1_5' title="bbox 29 685 767 1492">
     <span class='ocr_line' id='line_1_6' title="bbox 35 685 767 727; baseline -0.003 -7"><span class='ocrx_word' id='word_1_21' title='bbox 35 689 193 720; x_wconf 83' lang='lat' dir='ltr'>exorietur</span> <span class='ocrx_word' id='word_1_22' title='bbox 221 686 344 727; x_wconf 82' lang='lat' dir='ltr'>aliquiS‚</span> <span class='ocrx_word' id='word_1_23' title='bbox 371 685 427 727; x_wconf 89' lang='lat' dir='ltr'>qui</span> <span class='ocrx_word' id='word_1_24' title='bbox 455 686 578 717; x_wconf 86' lang='lat' dir='ltr'>felicius</span> <span class='ocrx_word' id='word_1_25' title='bbox 599 687 767 718; x_wconf 87' lang='lat' dir='ltr'>concinnet</span> 
     </span>
     <span class='ocr_line' id='line_1_7' title="bbox 34 739 766 778; baseline -0.001 -7"><span class='ocrx_word' id='word_1_26' title='bbox 34 740 152 778; x_wconf 90' lang='lat' dir='ltr'>locum,</span> <span class='ocrx_word' id='word_1_27' title='bbox 175 750 232 769; x_wconf 89' lang='lat' dir='ltr'>nos</span> <span class='ocrx_word' id='word_1_28' title='bbox 246 749 311 769; x_wconf 90' lang='lat' dir='ltr'>non</span> <span class='ocrx_word' id='word_1_29' title='bbox 326 740 545 769; x_wconf 81' lang='lat' dir='ltr'>obtrectatores</span> <span class='ocrx_word' id='word_1_30' title='bbox 560 739 688 776; x_wconf 88' lang='lat' dir='ltr'>erimus,</span> <span class='ocrx_word' id='word_1_31' title='bbox 711 740 766 770; x_wconf 86' lang='lat' dir='ltr'>sed</span> 
     </span>
     <span class='ocr_line' id='line_1_8' title="bbox 29 791 669 832; baseline 0 -10"><span class='ocrx_word' id='word_1_32' title='bbox 29 792 64 822; x_wconf 88' lang='lat' dir='ltr'>in</span> <span class='ocrx_word' id='word_1_33' title='bbox 79 791 295 822; x_wconf 87' lang='lat' dir='ltr'>volentissimis</span> <span class='ocrx_word' id='word_1_34' title='bbox 310 791 524 822; x_wconf 85' lang='lat' dir='ltr'>laudatoribus</span> <span class='ocrx_word' id='word_1_35' title='bbox 540 792 669 832; x_wconf 89' lang='lat' dir='ltr'>ingenii.</span> 
     </span>
     <span class='ocr_line' id='line_1_9' title="bbox 40 843 766 884; baseline -0.001 -9"><span class='ocrx_word' id='word_1_36' title='bbox 40 845 208 879; x_wconf 75' lang='lat' dir='ltr'>Caeterum,</span> <span class='ocrx_word' id='word_1_37' title='bbox 246 854 287 873; x_wconf 93' lang='lat' dir='ltr'>ne</span> <span class='ocrx_word' id='word_1_38' title='bbox 315 843 508 874; x_wconf 84' lang='lat' dir='ltr'>difficultatis</span> <span class='ocrx_word' id='word_1_39' title='bbox 535 844 766 884; x_wconf 86' lang='lat' dir='ltr'>aliquantillam</span> 
     </span>
     <span class='ocr_line' id='line_1_10' title="bbox 34 893 764 934; baseline -0.001 -9"><span class='ocrx_word' id='word_1_40' title='bbox 34 894 144 926; x_wconf 84' lang='lat' dir='ltr'>saltem</span> <span class='ocrx_word' id='word_1_41' title='bbox 158 894 293 934; x_wconf 86' lang='lat' dir='ltr'>speciem</span> <span class='ocrx_word' id='word_1_42' title='bbox 305 894 387 924; x_wconf 88' lang='lat' dir='ltr'>male</span> <span class='ocrx_word' id='word_1_43' title='bbox 400 893 606 932; x_wconf 87' lang='lat' dir='ltr'><strong>dissimulem,</strong></span> <span class='ocrx_word' id='word_1_44' title='bbox 623 900 653 925; x_wconf 89' lang='lat' dir='ltr'>et</span> <span class='ocrx_word' id='word_1_45' title='bbox 665 900 764 924; x_wconf 90' lang='lat' dir='ltr'>trans-</span> 
     </span>
     <span class='ocr_line' id='line_1_11' title="bbox 33 938 762 984; baseline 0 -8"><span class='ocrx_word' id='word_1_46' title='bbox 33 938 167 983; x_wconf 75' lang='lat' dir='ltr'>curram,</span> <span class='ocrx_word' id='word_1_47' title='bbox 190 946 251 977; x_wconf 89' lang='lat' dir='ltr'>loci</span> <span class='ocrx_word' id='word_1_48' title='bbox 274 946 464 976; x_wconf 83' lang='lat' dir='ltr'>constructio</span> <span class='ocrx_word' id='word_1_49' title='bbox 488 952 520 976; x_wconf 90' lang='lat' dir='ltr'>et</span> <span class='ocrx_word' id='word_1_50' title='bbox 543 952 625 976; x_wconf 86' lang='lat' dir='ltr'>recta</span> <span class='ocrx_word' id='word_1_51' title='bbox 651 952 708 984; x_wconf 91' lang='lat' dir='ltr'>est,</span> <span class='ocrx_word' id='word_1_52' title='bbox 731 952 762 976; x_wconf 91' lang='lat' dir='ltr'>et</span> 
     </span>
     <span class='ocr_line' id='line_1_12' title="bbox 34 998 763 1038; baseline -0.003 -9"><span class='ocrx_word' id='word_1_53' title='bbox 34 998 187 1038; x_wconf 83' lang='lat' dir='ltr'>expedita,</span> <span class='ocrx_word' id='word_1_54' title='bbox 209 998 249 1028; x_wconf 93' lang='lat' dir='ltr'>de</span> <span class='ocrx_word' id='word_1_55' title='bbox 274 999 389 1028; x_wconf 88' lang='lat' dir='ltr'>nostris</span> <span class='ocrx_word' id='word_1_56' title='bbox 417 998 618 1028; x_wconf 89' lang='lat' dir='ltr'>lectionibus:</span> <span class='ocrx_word' id='word_1_57' title='bbox 654 1001 675 1016; x_wconf 86' lang='lat'><strong>“</strong></span> <span class='ocrx_word' id='word_1_58' title='bbox 693 998 763 1028; x_wconf 90' lang='lat' dir='ltr'>Nec</span> 
     </span>
     <span class='ocr_line' id='line_1_13' title="bbox 34 1047 763 1089; baseline -0.003 -9"><span class='ocrx_word' id='word_1_59' title='bbox 34 1053 57 1068; x_wconf 78' lang='lat'>‘⁴</span> <span class='ocrx_word' id='word_1_60' title='bbox 72 1049 244 1089; x_wconf 85' lang='lat' dir='ltr'>primordia</span> <span class='ocrx_word' id='word_1_61' title='bbox 258 1051 338 1080; x_wconf 83' lang='lat' dir='ltr'>tubae</span> <span class='ocrx_word' id='word_1_62' title='bbox 354 1049 448 1079; x_wconf 80' lang='lat' dir='ltr'>simili</span> <span class='ocrx_word' id='word_1_63' title='bbox 470 1047 571 1079; x_wconf 67' lang='lat' dir='ltr'>forma</span> <span class='ocrx_word' id='word_1_64' title='bbox 600 1054 763 1087; x_wconf 86' lang='lat' dir='ltr'>penetrant</span> 
     </span>
     <span class='ocr_line' id='line_1_14' title="bbox 31 1099 765 1140; baseline -0.003 -9"><span class='ocrx_word' id='word_1_65' title='bbox 31 1103 54 1120; x_wconf 88' lang='lat'>“</span> <span class='ocrx_word' id='word_1_66' title='bbox 69 1111 167 1137; x_wconf 87' lang='lat' dir='ltr'>aures,</span> <span class='ocrx_word' id='word_1_67' title='bbox 179 1111 253 1131; x_wconf 92' lang='lat' dir='ltr'>cum</span> <span class='ocrx_word' id='word_1_68' title='bbox 268 1100 379 1140; x_wconf 85' lang='lat' dir='ltr'>mugit,</span> <span class='ocrx_word' id='word_1_69' title='bbox 392 1106 423 1130; x_wconf 85' lang='lat' dir='ltr'>et</span> <span class='ocrx_word' id='word_1_70' title='bbox 432 1102 606 1140; x_wconf 79' lang='lat' dir='ltr'>primordia</span> <span class='ocrx_word' id='word_1_71' title='bbox 620 1099 765 1139; x_wconf 86' lang='lat' dir='ltr'>cycuis:”</span> 
     </span>
     <span class='ocr_line' id='line_1_15' title="bbox 33 1150 764 1190; baseline -0.003 -8"><span class='ocrx_word' id='word_1_72' title='bbox 33 1162 111 1182; x_wconf 87' lang='lat' dir='ltr'>nam</span> <span class='ocrx_word' id='word_1_73' title='bbox 125 1152 257 1182; x_wconf 85' lang='lat' dir='ltr'>nomina</span> <span class='ocrx_word' id='word_1_74' title='bbox 278 1151 503 1182; x_wconf 87' lang='lat' dir='ltr'>sententiarum</span> <span class='ocrx_word' id='word_1_75' title='bbox 519 1150 701 1190; x_wconf 77' lang='lat' dir='ltr'>principalia</span> <span class='ocrx_word' id='word_1_76' title='bbox 715 1150 764 1180; x_wconf 87' lang='lat' dir='ltr'>di-</span> 
     </span>
     <span class='ocr_line' id='line_1_16' title="bbox 34 1203 762 1239; baseline -0.001 -6"><span class='ocrx_word' id='word_1_77' title='bbox 34 1204 207 1235; x_wconf 84' lang='lat' dir='ltr'>versimode</span> <span class='ocrx_word' id='word_1_78' title='bbox 236 1204 387 1239; x_wconf 86' lang='lat' dir='ltr'>locantur,</span> <span class='ocrx_word' id='word_1_79' title='bbox 419 1210 450 1233; x_wconf 88' lang='lat' dir='ltr'>et</span> <span class='ocrx_word' id='word_1_80' title='bbox 474 1203 602 1233; x_wconf 77' lang='lat' dir='ltr'>diversis</span> <span class='ocrx_word' id='word_1_81' title='bbox 631 1203 762 1239; x_wconf 88' lang='lat' dir='ltr'>casibus,</span> 
     </span>
     <span class='ocr_line' id='line_1_17' title="bbox 33 1254 764 1297; baseline -0.003 -11"><span class='ocrx_word' id='word_1_82' title='bbox 33 1262 127 1297; x_wconf 83' lang='lat' dir='ltr'>atque</span> <span class='ocrx_word' id='word_1_83' title='bbox 163 1255 368 1286; x_wconf 84' lang='lat' dir='ltr'>diversimode</span> <span class='ocrx_word' id='word_1_84' title='bbox 400 1254 692 1295; x_wconf 84' lang='lat' dir='ltr'>subintelliguntur,</span> <span class='ocrx_word' id='word_1_85' title='bbox 730 1254 764 1284; x_wconf 93' lang='lat' dir='ltr'>in</span> 
     </span>
     <span class='ocr_line' id='line_1_18' title="bbox 33 1305 762 1347; baseline -0.001 -11"><span class='ocrx_word' id='word_1_86' title='bbox 33 1307 194 1347; x_wconf 80' lang='lat' dir='ltr'>quibusvis</span> <span class='ocrx_word' id='word_1_87' title='bbox 208 1307 455 1338; x_wconf 85' lang='lat' dir='ltr'>castissimorum</span> <span class='ocrx_word' id='word_1_88' title='bbox 475 1306 660 1345; x_wconf 80' lang='lat' dir='ltr'>scriptorum</span> <span class='ocrx_word' id='word_1_89' title='bbox 674 1305 762 1345; x_wconf 84' lang='lat' dir='ltr'>pagi-</span> 
     </span>
     <span class='ocr_line' id='line_1_19' title="bbox 32 1358 765 1399; baseline -0.003 -10"><span class='ocrx_word' id='word_1_90' title='bbox 32 1359 94 1398; x_wconf 88' lang='lat' dir='ltr'>nis,</span> <span class='ocrx_word' id='word_1_91' title='bbox 124 1359 263 1389; x_wconf 89' lang='lat' dir='ltr'>maxime</span> <span class='ocrx_word' id='word_1_92' title='bbox 286 1359 456 1399; x_wconf 68' lang='lat' dir='ltr'>poetarum.</span> <span class='ocrx_word' id='word_1_93' title='bbox 504 1358 621 1388; x_wconf 87' lang='lat' dir='ltr'>Similis</span> <span class='ocrx_word' id='word_1_94' title='bbox 650 1358 765 1388; x_wconf 88' lang='lat' dir='ltr'>iterum</span> 
     </span>
     <span class='ocr_line' id='line_1_20' title="bbox 32 1409 764 1450; baseline -0.001 -9"><span class='ocrx_word' id='word_1_95' title='bbox 32 1410 119 1441; x_wconf 87' lang='lat' dir='ltr'>venit</span> <span class='ocrx_word' id='word_1_96' title='bbox 132 1410 222 1440; x_wconf 85' lang='lat' dir='ltr'>nobis</span> <span class='ocrx_word' id='word_1_97' title='bbox 236 1415 398 1445; x_wconf 81' lang='lat' dir='ltr'>structura,</span> <span class='ocrx_word' id='word_1_98' title='bbox 414 1409 454 1439; x_wconf 89' lang='lat' dir='ltr'>ad</span> <span class='ocrx_word' id='word_1_99' title='bbox 469 1419 529 1439; x_wconf 90' lang='lat' dir='ltr'>ver.</span> <span class='ocrx_word' id='word_1_100' title='bbox 546 1413 618 1441; x_wconf 88' lang='lat'>564.</span> <span class='ocrx_word' id='word_1_101' title='bbox 634 1410 764 1450; x_wconf 88' lang='lat' dir='ltr'>hujusce</span> 
     </span>
     <span class='ocr_line' id='line_1_21' title="bbox 33 1461 113 1492; baseline 0 0"><span class='ocrx_word' id='word_1_102' title='bbox 33 1461 113 1492; x_wconf 87' lang='lat' dir='ltr'>libri.</span> 
     </span>
    </p>

    <p class='ocr_par' dir='ltr' id='par_1_6' title="bbox 30 1511 765 2072">
     <span class='ocr_line' id='line_1_22' title="bbox 74 1511 764 1544; baseline -0.003 -1"><span class='ocrx_word' id='word_1_103' title='bbox 74 1512 157 1544; x_wconf 81' lang='lat' dir='ltr'>Ibid.</span> <span class='ocrx_word' id='word_1_104' title='bbox 179 1523 251 1543; x_wconf 79' lang='lat' dir='ltr'>nece</span> <span class='ocrx_word' id='word_1_105' title='bbox 282 1514 385 1543; x_wconf 82' lang='lat' dir='ltr'>tortis:</span> <span class='ocrx_word' id='word_1_106' title='bbox 411 1521 484 1542; x_wconf 87' lang='lat' dir='ltr'>nam</span> <span class='ocrx_word' id='word_1_107' title='bbox 516 1511 659 1542; x_wconf 86' lang='lat' dir='ltr'>unanimi</span> <span class='ocrx_word' id='word_1_108' title='bbox 689 1522 764 1542; x_wconf 88' lang='lat' dir='ltr'>con-</span> 
     </span>
     <span class='ocr_line' id='line_1_23' title="bbox 32 1564 764 1602; baseline 0 -7"><span class='ocrx_word' id='word_1_109' title='bbox 32 1574 123 1595; x_wconf 88' lang='lat' dir='ltr'>sensu</span> <span class='ocrx_word' id='word_1_110' title='bbox 145 1570 262 1594; x_wconf 86' lang='lat' dir='ltr'>veteres</span> <span class='ocrx_word' id='word_1_111' title='bbox 283 1568 447 1602; x_wconf 82' lang='lat' dir='ltr'>testantur,</span> <span class='ocrx_word' id='word_1_112' title='bbox 474 1564 555 1593; x_wconf 90' lang='lat' dir='ltr'>hanc</span> <span class='ocrx_word' id='word_1_113' title='bbox 577 1574 677 1600; x_wconf 88' lang='lat' dir='ltr'>avem,</span> <span class='ocrx_word' id='word_1_114' title='bbox 702 1564 764 1595; x_wconf 89' lang='lat' dir='ltr'>nisi</span> 
     </span>
     <span class='ocr_line' id='line_1_24' title="bbox 30 1615 764 1656; baseline -0.001 -9"><span class='ocrx_word' id='word_1_115' title='bbox 30 1622 132 1647; x_wconf 84' lang='lat' dir='ltr'>morte</span> <span class='ocrx_word' id='word_1_116' title='bbox 147 1615 426 1656; x_wconf 81' lang='lat' dir='ltr'>appropinquante,</span> <span class='ocrx_word' id='word_1_117' title='bbox 450 1625 612 1656; x_wconf 89' lang='lat' dir='ltr'>nunquam</span> <span class='ocrx_word' id='word_1_118' title='bbox 637 1626 764 1654; x_wconf 86' lang='lat' dir='ltr'>canere;</span> 
     </span>
     <span class='ocr_line' id='line_1_25' title="bbox 33 1667 763 1710; baseline -0.001 -11"><span class='ocrx_word' id='word_1_119' title='bbox 33 1668 116 1710; x_wconf 85' lang='lat' dir='ltr'>quod</span> <span class='ocrx_word' id='word_1_120' title='bbox 130 1667 376 1699; x_wconf 86' lang='lat' dir='ltr'>innumerabiles</span> <span class='ocrx_word' id='word_1_121' title='bbox 391 1667 464 1706; x_wconf 88' lang='lat' dir='ltr'>loci,</span> <span class='ocrx_word' id='word_1_122' title='bbox 487 1667 537 1697; x_wconf 88' lang='lat' dir='ltr'>vel</span> <span class='ocrx_word' id='word_1_123' title='bbox 551 1668 691 1707; x_wconf 89' lang='lat' dir='ltr'>puerulis</span> <span class='ocrx_word' id='word_1_124' title='bbox 706 1678 763 1698; x_wconf 94' lang='lat' dir='ltr'>no-</span> 
     </span>
     <span class='ocr_line' id='line_1_26' title="bbox 31 1720 763 1760; baseline -0.004 -8"><span class='ocrx_word' id='word_1_125' title='bbox 31 1720 155 1759; x_wconf 79' lang='lat' dir='ltr'>tissimi,</span> <span class='ocrx_word' id='word_1_126' title='bbox 187 1721 261 1751; x_wconf 87' lang='lat' dir='ltr'>satis</span> <span class='ocrx_word' id='word_1_127' title='bbox 289 1720 472 1750; x_wconf 86' lang='lat' dir='ltr'>ostendunt:</span> <span class='ocrx_word' id='word_1_128' title='bbox 508 1720 621 1760; x_wconf 89' lang='lat' dir='ltr'>quibus</span> <span class='ocrx_word' id='word_1_129' title='bbox 650 1725 682 1750; x_wconf 90' lang='lat' dir='ltr'>et</span> <span class='ocrx_word' id='word_1_130' title='bbox 707 1721 763 1750; x_wconf 90' lang='lat' dir='ltr'>ho-</span> 
     </span>
     <span class='ocr_line' id='line_1_27' title="bbox 31 1771 763 1813; baseline -0.001 -10"><span class='ocrx_word' id='word_1_131' title='bbox 31 1773 214 1804; x_wconf 87' lang='lat' dir='ltr'>diernorum</span> <span class='ocrx_word' id='word_1_132' title='bbox 235 1773 381 1803; x_wconf 85' lang='lat' dir='ltr'>nonnulli</span> <span class='ocrx_word' id='word_1_133' title='bbox 396 1772 616 1813; x_wconf 83' lang='lat' dir='ltr'>suffragantur.</span> <span class='ocrx_word' id='word_1_134' title='bbox 663 1771 763 1802; x_wconf 92' lang='lat' dir='ltr'>Vide-</span> 
     </span>
     <span class='ocr_line' id='line_1_28' title="bbox 33 1824 763 1866; baseline -0.004 -10"><span class='ocrx_word' id='word_1_135' title='bbox 33 1830 86 1856; x_wconf 83' lang='lat' dir='ltr'>tur</span> <span class='ocrx_word' id='word_1_136' title='bbox 110 1825 215 1866; x_wconf 84' lang='lat' dir='ltr'>itaque</span> <span class='ocrx_word' id='word_1_137' title='bbox 237 1835 334 1855; x_wconf 81' lang='lat' dir='ltr'>canor</span> <span class='ocrx_word' id='word_1_138' title='bbox 358 1825 411 1854; x_wconf 87' lang='lat' dir='ltr'>ille</span> <span class='ocrx_word' id='word_1_139' title='bbox 434 1824 593 1864; x_wconf 82' lang='lat' dir='ltr'>querulus,</span> <span class='ocrx_word' id='word_1_140' title='bbox 620 1824 670 1854; x_wconf 86' lang='lat' dir='ltr'>avi</span> <span class='ocrx_word' id='word_1_141' title='bbox 698 1834 763 1854; x_wconf 88' lang='lat' dir='ltr'>non</span> 
     </span>
     <span class='ocr_line' id='line_1_29' title="bbox 32 1875 763 1914; baseline -0.003 -7"><span class='ocrx_word' id='word_1_142' title='bbox 32 1877 121 1907; x_wconf 88' lang='lat' dir='ltr'>aliter</span> <span class='ocrx_word' id='word_1_143' title='bbox 136 1887 269 1914; x_wconf 85' lang='lat' dir='ltr'>canorae,</span> <span class='ocrx_word' id='word_1_144' title='bbox 292 1876 401 1907; x_wconf 83' lang='lat' dir='ltr'>mortis</span> <span class='ocrx_word' id='word_1_145' title='bbox 414 1875 574 1906; x_wconf 89' lang='lat' dir='ltr'>doloribus</span> <span class='ocrx_word' id='word_1_146' title='bbox 592 1885 763 1914; x_wconf 83' lang='lat' dir='ltr'>expressus.</span> 
     </span>
     <span class='ocr_line' id='line_1_30' title="bbox 35 1927 764 1969; baseline -0.001 -10"><span class='ocrx_word' id='word_1_147' title='bbox 35 1928 166 1969; x_wconf 86' lang='lat' dir='ltr'>Optime</span> <span class='ocrx_word' id='word_1_148' title='bbox 187 1939 262 1968; x_wconf 90' lang='lat' dir='ltr'>ergo</span> <span class='ocrx_word' id='word_1_149' title='bbox 282 1928 448 1959; x_wconf 90' lang='lat' dir='ltr'>Lucretius</span> <span class='ocrx_word' id='word_1_150' title='bbox 469 1939 540 1959; x_wconf 83' lang='lat' dir='ltr'>nece</span> <span class='ocrx_word' id='word_1_151' title='bbox 566 1930 653 1959; x_wconf 78' lang='lat' dir='ltr'>tortis</span> <span class='ocrx_word' id='word_1_152' title='bbox 674 1927 764 1964; x_wconf 86' lang='lat' dir='ltr'>dixit,</span> 
     </span>
     <span class='ocr_line' id='line_1_31' title="bbox 32 1979 765 2019; baseline -0.003 -8"><span class='ocrx_word' id='word_1_153' title='bbox 32 1985 64 2011; x_wconf 87' lang='lat' dir='ltr'>et</span> <span class='ocrx_word' id='word_1_154' title='bbox 77 1981 168 2011; x_wconf 87' lang='lat' dir='ltr'>sicuti</span> <span class='ocrx_word' id='word_1_155' title='bbox 184 1980 289 2010; x_wconf 85' lang='lat' dir='ltr'>decuit</span> <span class='ocrx_word' id='word_1_156' title='bbox 303 1979 525 2019; x_wconf 89' lang='lat' dir='ltr'>philosophum</span> <span class='ocrx_word' id='word_1_157' title='bbox 536 1979 669 2018; x_wconf 87' lang='lat' dir='ltr'>po&#39;e&#39;tam.</span> <span class='ocrx_word' id='word_1_158' title='bbox 703 1979 765 2009; x_wconf 91' lang='lat' dir='ltr'>Sed</span> 
     </span>
     <span class='ocr_line' id='line_1_32' title="bbox 38 2031 721 2072; baseline -0.003 -9"><span class='ocrx_word' id='word_1_159' title='bbox 38 2032 222 2072; x_wconf 86' lang='lat' dir='ltr'>Oppianum</span> <span class='ocrx_word' id='word_1_160' title='bbox 236 2041 405 2071; x_wconf 88' lang='lat' dir='ltr'>apponam,</span> <span class='ocrx_word' id='word_1_161' title='bbox 427 2031 462 2061; x_wconf 89' lang='lat' dir='ltr'>in</span> <span class='ocrx_word' id='word_1_162' title='bbox 477 2041 586 2072; x_wconf 89' lang='lat' dir='ltr'>cyneg.</span> <span class='ocrx_word' id='word_1_163' title='bbox 602 2031 633 2061; x_wconf 87' lang='lat' dir='ltr'>ii.</span> <span class='ocrx_word' id='word_1_164' title='bbox 649 2033 721 2062; x_wconf 80' lang='lat'>548.</span> 
     </span>
    </p>
   </div>
   <div class='ocr_carea' id='block_1_6' title="bbox 71 2115 697 2198">
    <p class='ocr_par' dir='ltr' id='par_1_7' title="bbox 71 2115 697 2198">
     <span class='ocr_line' id='line_1_33' title="bbox 71 2115 608 2152; baseline -0.006 -8"><span class='ocrx_word' id='word_1_165' title='bbox 71 2119 126 2144; x_wconf 65' lang='lat' dir='ltr'>oux</span> <span class='ocrx_word' id='word_1_166' title='bbox 140 2128 193 2152; x_wconf 74' lang='grc' dir='ltr'>σιροι</span> <span class='ocrx_word' id='word_1_167' title='bbox 206 2127 243 2143; x_wconf 76' lang='grc' dir='ltr'>τοι</span> <span class='ocrx_word' id='word_1_168' title='bbox 255 2125 367 2150; x_wconf 61' lang='grc' dir='ltr'>μείνωσιν</span> <span class='ocrx_word' id='word_1_169' title='bbox 380 2125 402 2141; x_wconf 82' lang='grc' dir='ltr'>εν</span> <span class='ocrx_word' id='word_1_170' title='bbox 415 2115 539 2151; x_wconf 72' lang='grc' dir='ltr'><strong><em>ορνιθεσσιν</em></strong></span> <span class='ocrx_word' id='word_1_171' title='bbox 553 2124 608 2141; x_wconf 69' lang='lat' dir='ltr'>tam</span> 
     </span>
     <span class='ocr_line' id='line_1_34' title="bbox 71 2163 697 2198; baseline -0.005 -7"><span class='ocrx_word' id='word_1_172' title='bbox 71 2166 160 2191; x_wconf 74' lang='grc' dir='ltr'><strong><em>Κυκνοι</em></strong></span> <span class='ocrx_word' id='word_1_173' title='bbox 172 2168 332 2198; x_wconf 51' lang='lat' dir='ltr'>patrumm,</span> <span class='ocrx_word' id='word_1_174' title='bbox 345 2165 434 2189; x_wconf 73' lang='lat' dir='ltr'><strong>I&#39;OON</strong></span> <span class='ocrx_word' id='word_1_175' title='bbox 450 2163 558 2189; x_wconf 67' lang='grc' dir='ltr'>ὕστατον</span> <span class='ocrx_word' id='word_1_176' title='bbox 572 2163 697 2192; x_wconf 51' lang='lat' dir='ltr'>aethora-25.</span> 
     </span>
    </p>
   </div>
   <div class='ocr_carea' id='block_1_7' title="bbox 32 2238 765 2642">
    <p class='ocr_par' dir='ltr' id='par_1_8' title="bbox 32 2238 765 2529">
     <span class='ocr_line' id='line_1_35' title="bbox 36 2238 762 2279; baseline -0.004 -9"><span class='ocrx_word' id='word_1_177' title='bbox 36 2239 226 2270; x_wconf 85' lang='lat' dir='ltr'>Criticorum</span> <span class='ocrx_word' id='word_1_178' title='bbox 246 2238 446 2279; x_wconf 86' lang='lat' dir='ltr'>quorundam</span> <span class='ocrx_word' id='word_1_179' title='bbox 475 2244 606 2268; x_wconf 87' lang='lat' dir='ltr'>conatus</span> <span class='ocrx_word' id='word_1_180' title='bbox 636 2238 670 2268; x_wconf 91' lang='lat' dir='ltr'>in</span> <span class='ocrx_word' id='word_1_181' title='bbox 703 2239 762 2268; x_wconf 90' lang='lat' dir='ltr'>hoc</span> 
     </span>
     <span class='ocr_line' id='line_1_36' title="bbox 32 2290 764 2331; baseline -0.003 -10"><span class='ocrx_word' id='word_1_182' title='bbox 32 2290 171 2322; x_wconf 86' lang='lat' dir='ltr'>Lucretii</span> <span class='ocrx_word' id='word_1_183' title='bbox 194 2301 283 2321; x_wconf 78' lang='lat' dir='ltr'>versu</span> <span class='ocrx_word' id='word_1_184' title='bbox 304 2290 485 2331; x_wconf 84' lang='lat' dir='ltr'>castigando</span> <span class='ocrx_word' id='word_1_185' title='bbox 507 2295 579 2320; x_wconf 86' lang='lat' dir='ltr'>sunt</span> <span class='ocrx_word' id='word_1_186' title='bbox 607 2290 764 2320; x_wconf 82' lang='lat' dir='ltr'>temerarii</span> 
     </span>
     <span class='ocr_line' id='line_1_37' title="bbox 33 2341 762 2381; baseline -0.003 -9"><span class='ocrx_word' id='word_1_187' title='bbox 33 2351 159 2381; x_wconf 86' lang='lat' dir='ltr'>prorsus</span> <span class='ocrx_word' id='word_1_188' title='bbox 181 2348 213 2372; x_wconf 88' lang='lat' dir='ltr'>et</span> <span class='ocrx_word' id='word_1_189' title='bbox 234 2342 400 2379; x_wconf 76' lang='lat' dir='ltr'>arbitrarii3</span> <span class='ocrx_word' id='word_1_190' title='bbox 423 2342 537 2381; x_wconf 85' lang='lat' dir='ltr'>quibus</span> <span class='ocrx_word' id='word_1_191' title='bbox 559 2341 637 2371; x_wconf 86' lang='lat' dir='ltr'>adeo</span> <span class='ocrx_word' id='word_1_192' title='bbox 657 2352 762 2371; x_wconf 88' lang='lat' dir='ltr'>recen-</span> 
     </span>
     <span class='ocr_line' id='line_1_38' title="bbox 33 2394 764 2433; baseline -0.003 -8"><span class='ocrx_word' id='word_1_193' title='bbox 33 2395 137 2425; x_wconf 88' lang='lat' dir='ltr'>sendis</span> <span class='ocrx_word' id='word_1_194' title='bbox 151 2397 241 2426; x_wconf 87' lang='lat' dir='ltr'>bonae</span> <span class='ocrx_word' id='word_1_195' title='bbox 258 2396 372 2425; x_wconf 88' lang='lat' dir='ltr'>chartae</span> <span class='ocrx_word' id='word_1_196' title='bbox 387 2402 418 2425; x_wconf 86' lang='lat' dir='ltr'>et</span> <span class='ocrx_word' id='word_1_197' title='bbox 432 2400 556 2433; x_wconf 89' lang='lat' dir='ltr'>tempus</span> <span class='ocrx_word' id='word_1_198' title='bbox 567 2394 764 2424; x_wconf 85' lang='lat' dir='ltr'>fructuosum</span> 
     </span>
     <span class='ocr_line' id='line_1_39' title="bbox 33 2445 765 2486; baseline -0.003 -10"><span class='ocrx_word' id='word_1_199' title='bbox 33 2447 148 2486; x_wconf 85' lang='lat' dir='ltr'>pariter</span> <span class='ocrx_word' id='word_1_200' title='bbox 170 2446 353 2486; x_wconf 83' lang='lat' dir='ltr'>perdantur:</span> <span class='ocrx_word' id='word_1_201' title='bbox 380 2456 437 2476; x_wconf 90' lang='lat' dir='ltr'>nos</span> <span class='ocrx_word' id='word_1_202' title='bbox 458 2445 545 2475; x_wconf 88' lang='lat' dir='ltr'>enim</span> <span class='ocrx_word' id='word_1_203' title='bbox 568 2455 633 2475; x_wconf 90' lang='lat' dir='ltr'>non</span> <span class='ocrx_word' id='word_1_204' title='bbox 655 2455 765 2475; x_wconf 84' lang='lat' dir='ltr'>sumus</span> 
     </span>
     <span class='ocr_line' id='line_1_40' title="bbox 33 2498 146 2529; baseline 0 -1"><span class='ocrx_word' id='word_1_205' title='bbox 33 2498 146 2529; x_wconf 79' lang='lat' dir='ltr'>feriati.</span> 
     </span>
    </p>

    <p class='ocr_par' dir='ltr' id='par_1_9' title="bbox 32 2549 665 2642">
     <span class='ocr_line' id='line_1_41' title="bbox 76 2549 665 2589; baseline -0.003 -9"><span class='ocrx_word' id='word_1_206' title='bbox 76 2551 153 2580; x_wconf 89' lang='lat' dir='ltr'>Ver.</span> <span class='ocrx_word' id='word_1_207' title='bbox 173 2551 246 2581; x_wconf 86' lang='lat'>550.</span> <span class='ocrx_word' id='word_1_208' title='bbox 277 2550 387 2579; x_wconf 77' lang='lat' dir='ltr'>tollunt</span> <span class='ocrx_word' id='word_1_209' title='bbox 413 2559 479 2579; x_wconf 79' lang='lat' dir='ltr'>voce</span> <span class='ocrx_word' id='word_1_210' title='bbox 501 2549 665 2589; x_wconf 75' lang='lat' dir='ltr'>querelam.</span> 
     </span>
     <span class='ocr_line' id='line_1_42' title="bbox 32 2600 436 2642; baseline -0.002 -11"><span class='ocrx_word' id='word_1_211' title='bbox 32 2600 199 2642; x_wconf 82' lang='lat' dir='ltr'>Virgilius,</span> <span class='ocrx_word' id='word_1_212' title='bbox 217 2600 293 2630; x_wconf 88' lang='lat' dir='ltr'>AEn.</span> <span class='ocrx_word' id='word_1_213' title='bbox 309 2600 348 2630; x_wconf 91' lang='lat' dir='ltr'>vi.</span> <span class='ocrx_word' id='word_1_214' title='bbox 364 2602 436 2631; x_wconf 82' lang='lat'>492.</span> 
     </span>
    </p>
   </div>
   <div class='ocr_carea' id='block_1_8' title="bbox 712 2549 763 2579">
    <p class='ocr_par' dir='ltr' id='par_1_10' title="bbox 712 2549 763 2579">
     <span class='ocr_line' id='line_1_43' title="bbox 712 2549 763 2579; baseline -0.02 0"><span class='ocrx_word' id='word_1_215' title='bbox 712 2549 763 2579; x_wconf 85' lang='lat' dir='ltr'>Ita</span> 
     </span>
    </p>
   </div>
   <div class='ocr_carea' id='block_1_9' title="bbox 96 2682 638 2754">
    <p class='ocr_par' dir='ltr' id='par_1_11' title="bbox 96 2682 638 2754">
     <span class='ocr_line' id='line_1_44' title="bbox 384 2682 638 2714; baseline 0 -8"><span class='ocrx_word' id='word_1_216' title='bbox 384 2689 443 2714; x_wconf 85' lang='lat' dir='ltr'>pars</span> <span class='ocrx_word' id='word_1_217' title='bbox 455 2682 537 2706; x_wconf 80' lang='lat' dir='ltr'>tollere</span> <span class='ocrx_word' id='word_1_218' title='bbox 548 2689 638 2706; x_wconf 80' lang='lat' dir='ltr'>vocem</span> 
     </span>
     <span class='ocr_line' id='line_1_45' title="bbox 96 2721 302 2754; baseline -0.005 -8"><span class='ocrx_word' id='word_1_219' title='bbox 96 2721 302 2754; x_wconf 81' lang='lat' dir='ltr'>Exiguam—.</span> 
     </span>
    </p>
   </div>
   <div class='ocr_carea' id='block_1_10' title="bbox 35 2792 766 2987">
    <p class='ocr_par' dir='ltr' id='par_1_12' title="bbox 35 2792 766 2987">
     <span class='ocr_line' id='line_1_46' title="bbox 36 2792 760 2832; baseline -0.001 -9"><span class='ocrx_word' id='word_1_220' title='bbox 36 2792 98 2823; x_wconf 89' lang='lat' dir='ltr'>Per</span> <span class='ocrx_word' id='word_1_221' title='bbox 117 2794 270 2832; x_wconf 82' lang='lat' dir='ltr'>querelam</span> <span class='ocrx_word' id='word_1_222' title='bbox 293 2798 399 2823; x_wconf 87' lang='lat' dir='ltr'>autem</span> <span class='ocrx_word' id='word_1_223' title='bbox 421 2792 532 2823; x_wconf 80' lang='lat' dir='ltr'>volunt</span> <span class='ocrx_word' id='word_1_224' title='bbox 553 2793 652 2832; x_wconf 85' lang='lat' dir='ltr'>po&#39;e‘tae</span> <span class='ocrx_word' id='word_1_225' title='bbox 674 2795 696 2810; x_wconf 88' lang='lat'>“</span> <span class='ocrx_word' id='word_1_226' title='bbox 712 2792 760 2822; x_wconf 92' lang='lat' dir='ltr'>lu-</span> 
     </span>
     <span class='ocr_line' id='line_1_47' title="bbox 36 2843 762 2885; baseline 0.003 -13"><span class='ocrx_word' id='word_1_227' title='bbox 36 2847 59 2862; x_wconf 88' lang='lat'><strong>“</strong></span> <span class='ocrx_word' id='word_1_228' title='bbox 75 2843 213 2883; x_wconf 71' lang='lat' dir='ltr'>gubriter</span> <span class='ocrx_word' id='word_1_229' title='bbox 238 2844 408 2885; x_wconf 80' lang='lat' dir='ltr'>eliquatam</span> <span class='ocrx_word' id='word_1_230' title='bbox 438 2844 656 2875; x_wconf 83' lang='lat' dir='ltr'>cantionem:”</span> <span class='ocrx_word' id='word_1_231' title='bbox 688 2855 762 2874; x_wconf 91' lang='lat' dir='ltr'>con-</span> 
     </span>
     <span class='ocr_line' id='line_1_48' title="bbox 35 2894 762 2936; baseline 0.001 -12"><span class='ocrx_word' id='word_1_232' title='bbox 35 2894 118 2924; x_wconf 77' lang='lat' dir='ltr'>feras</span> <span class='ocrx_word' id='word_1_233' title='bbox 148 2904 221 2925; x_wconf 85' lang='lat' dir='ltr'>mox</span> <span class='ocrx_word' id='word_1_234' title='bbox 249 2906 309 2926; x_wconf 84' lang='lat' dir='ltr'>ver.</span> <span class='ocrx_word' id='word_1_235' title='bbox 339 2900 411 2928; x_wconf 84' lang='lat'>588.</span> <span class='ocrx_word' id='word_1_236' title='bbox 443 2896 536 2927; x_wconf 89' lang='lat' dir='ltr'>Ovid.</span> <span class='ocrx_word' id='word_1_237' title='bbox 563 2896 649 2936; x_wconf 89' lang='lat' dir='ltr'>epist.</span> <span class='ocrx_word' id='word_1_238' title='bbox 676 2907 704 2926; x_wconf 86' lang='lat' dir='ltr'>x.</span> <span class='ocrx_word' id='word_1_239' title='bbox 732 2900 762 2925; x_wconf 90' lang='lat'>8.</span> 
     </span>
     <span class='ocr_line' id='line_1_49' title="bbox 38 2945 766 2987; baseline 0 -11"><span class='ocrx_word' id='word_1_240' title='bbox 38 2945 151 2976; x_wconf 82' lang='lat' dir='ltr'>Horat.</span> <span class='ocrx_word' id='word_1_241' title='bbox 174 2946 262 2984; x_wconf 87' lang='lat' dir='ltr'>epod.</span> <span class='ocrx_word' id='word_1_242' title='bbox 284 2947 315 2978; x_wconf 89' lang='lat' dir='ltr'>ii.</span> <span class='ocrx_word' id='word_1_243' title='bbox 338 2952 389 2980; x_wconf 81' lang='lat'>26.</span> <span class='ocrx_word' id='word_1_244' title='bbox 421 2948 510 2979; x_wconf 91' lang='lat' dir='ltr'>Hinc</span> <span class='ocrx_word' id='word_1_245' title='bbox 532 2958 596 2979; x_wconf 89' lang='lat' dir='ltr'>non</span> <span class='ocrx_word' id='word_1_246' title='bbox 619 2958 698 2987; x_wconf 89' lang='lat' dir='ltr'>opus</span> <span class='ocrx_word' id='word_1_247' title='bbox 721 2953 766 2977; x_wconf 87' lang='lat' dir='ltr'>est</span> 
     </span>
    </p>
   </div>
   <div class='ocr_carea' id='block_1_11' title="bbox 84 3003 788 3036">
    <p class='ocr_par' dir='ltr' id='par_1_13' title="bbox 84 3003 788 3036">
     <span class='ocr_line' id='line_1_50' title="bbox 84 3003 788 3036; baseline 0.004 -3"><span class='ocrx_word' id='word_1_248' title='bbox 84 3003 171 3035; x_wconf 79' lang='lat' dir='ltr'>Vor..</span> <span class='ocrx_word' id='word_1_249' title='bbox 189 3004 237 3036; x_wconf 92' lang='grc' dir='ltr'><strong>ΙΙ.</strong></span> <span class='ocrx_word' id='word_1_250' title='bbox 756 3007 788 3036; x_wconf 92' lang='lat' dir='ltr'>U</span> 
     </span>
    </p>
   </div>
   <div class='ocr_carea' id='block_1_12' title="bbox 809 685 1542 833">
    <p class='ocr_par' dir='ltr' id='par_1_14' title="bbox 809 685 1542 833">
     <span class='ocr_line' id='line_1_51' title="bbox 810 685 1542 726; baseline 0.003 -9"><span class='ocrx_word' id='word_1_251' title='bbox 810 686 1067 726; x_wconf 84' lang='lat' dir='ltr'>interpretatione</span> <span class='ocrx_word' id='word_1_252' title='bbox 1090 685 1202 724; x_wconf 89' lang='lat' dir='ltr'>Servii,</span> <span class='ocrx_word' id='word_1_253' title='bbox 1224 685 1355 726; x_wconf 63' lang='lat' dir='ltr'>repetita</span> <span class='ocrx_word' id='word_1_254' title='bbox 1373 687 1478 726; x_wconf 84' lang='lat' dir='ltr'>altius,</span> <span class='ocrx_word' id='word_1_255' title='bbox 1501 689 1542 719; x_wconf 89' lang='lat' dir='ltr'>ad</span> 
     </span>
     <span class='ocr_line' id='line_1_52' title="bbox 810 739 1541 780; baseline 0.003 -11"><span class='ocrx_word' id='word_1_256' title='bbox 810 739 938 780; x_wconf 88' lang='lat' dir='ltr'>Virgilii</span> <span class='ocrx_word' id='word_1_257' title='bbox 960 750 1028 780; x_wconf 90' lang='lat' dir='ltr'>geo.</span> <span class='ocrx_word' id='word_1_258' title='bbox 1051 739 1070 770; x_wconf 90' lang='lat' dir='ltr'>i.</span> <span class='ocrx_word' id='word_1_259' title='bbox 1093 742 1166 770; x_wconf 86' lang='lat'>578.</span> <span class='ocrx_word' id='word_1_260' title='bbox 1191 739 1483 770; x_wconf 81' lang='lat' dir='ltr'>numerosissimum</span> <span class='ocrx_word' id='word_1_261' title='bbox 1504 750 1541 771; x_wconf 89' lang='lat' dir='ltr'>ac</span> 
     </span>
     <span class='ocr_line' id='line_1_53' title="bbox 809 790 1273 833; baseline 0 -12"><span class='ocrx_word' id='word_1_262' title='bbox 809 791 1055 833; x_wconf 88' lang='lat' dir='ltr'>liquidissimum</span> <span class='ocrx_word' id='word_1_263' title='bbox 1070 790 1273 821; x_wconf 88' lang='lat' dir='ltr'>versiculum:</span> 
     </span>
    </p>
   </div>
   <div class='ocr_carea' id='block_1_13' title="bbox 839 873 1475 905">
    <p class='ocr_par' dir='ltr' id='par_1_15' title="bbox 839 873 1475 905">
     <span class='ocr_line' id='line_1_54' title="bbox 839 873 1475 905; baseline 0.002 -8"><span class='ocrx_word' id='word_1_264' title='bbox 839 875 872 898; x_wconf 86' lang='lat' dir='ltr'>Et</span> <span class='ocrx_word' id='word_1_265' title='bbox 882 877 1004 898; x_wconf 88' lang='lat' dir='ltr'>veterem</span> <span class='ocrx_word' id='word_1_266' title='bbox 1015 873 1043 896; x_wconf 86' lang='lat' dir='ltr'>in</span> <span class='ocrx_word' id='word_1_267' title='bbox 1053 873 1118 898; x_wconf 87' lang='lat' dir='ltr'>limo</span> <span class='ocrx_word' id='word_1_268' title='bbox 1135 879 1208 897; x_wconf 84' lang='lat' dir='ltr'>ranae</span> <span class='ocrx_word' id='word_1_269' title='bbox 1220 873 1328 897; x_wconf 82' lang='lat' dir='ltr'>cecinere</span> <span class='ocrx_word' id='word_1_270' title='bbox 1338 873 1475 905; x_wconf 82' lang='lat' dir='ltr'>querelam.</span> 
     </span>
    </p>
   </div>
   <div class='ocr_carea' id='block_1_14' title="bbox 805 944 1539 1152">
    <p class='ocr_par' dir='ltr' id='par_1_16' title="bbox 805 944 1539 1080">
     <span class='ocr_line' id='line_1_55' title="bbox 807 944 1538 984; baseline -0.001 -9"><span class='ocrx_word' id='word_1_271' title='bbox 807 944 896 976; x_wconf 89' lang='lat' dir='ltr'>Statii</span> <span class='ocrx_word' id='word_1_272' title='bbox 911 950 1093 984; x_wconf 85' lang='lat' dir='ltr'>corruptum</span> <span class='ocrx_word' id='word_1_273' title='bbox 1116 944 1222 975; x_wconf 90' lang='lat' dir='ltr'>locum</span> <span class='ocrx_word' id='word_1_274' title='bbox 1244 954 1309 974; x_wconf 92' lang='lat' dir='ltr'>nou</span> <span class='ocrx_word' id='word_1_275' title='bbox 1331 944 1415 974; x_wconf 91' lang='lat' dir='ltr'>male</span> <span class='ocrx_word' id='word_1_276' title='bbox 1437 944 1481 974; x_wconf 91' lang='lat' dir='ltr'>sic</span> <span class='ocrx_word' id='word_1_277' title='bbox 1505 955 1538 974; x_wconf 88' lang='lat' dir='ltr'>e-</span> 
     </span>
     <span class='ocr_line' id='line_1_56' title="bbox 805 995 1539 1033; baseline 0 -5"><span class='ocrx_word' id='word_1_278' title='bbox 805 997 946 1033; x_wconf 88' lang='lat' dir='ltr'>mendes,</span> <span class='ocrx_word' id='word_1_279' title='bbox 969 997 1034 1027; x_wconf 90' lang='lat' dir='ltr'>silv.</span> <span class='ocrx_word' id='word_1_280' title='bbox 1052 997 1093 1027; x_wconf 89' lang='lat' dir='ltr'>iv.</span> <span class='ocrx_word' id='word_1_281' title='bbox 1111 999 1140 1028; x_wconf 88' lang='lat'>5.</span> <span class='ocrx_word' id='word_1_282' title='bbox 1160 1000 1207 1027; x_wconf 93' lang='grc'><strong>11.</strong></span> <span class='ocrx_word' id='word_1_283' title='bbox 1230 997 1286 1027; x_wconf 90' lang='lat' dir='ltr'>ubi</span> <span class='ocrx_word' id='word_1_284' title='bbox 1306 996 1412 1027; x_wconf 84' lang='lat' dir='ltr'>videas</span> <span class='ocrx_word' id='word_1_285' title='bbox 1427 995 1539 1028; x_wconf 87' lang='lat' dir='ltr'>Mark-</span> 
     </span>
     <span class='ocr_line' id='line_1_57' title="bbox 808 1049 954 1080; baseline 0 -1"><span class='ocrx_word' id='word_1_286' title='bbox 808 1049 954 1080; x_wconf 86' lang='lat' dir='ltr'>landum:</span> 
     </span>
    </p>

    <p class='ocr_par' dir='ltr' id='par_1_17' title="bbox 871 1121 1423 1152">
     <span class='ocr_line' id='line_1_58' title="bbox 871 1121 1423 1152; baseline -0.004 -5"><span class='ocrx_word' id='word_1_287' title='bbox 871 1124 959 1152; x_wconf 90' lang='lat' dir='ltr'>Nunc,</span> <span class='ocrx_word' id='word_1_288' title='bbox 970 1122 1051 1147; x_wconf 80' lang='lat' dir='ltr'>cincta</span> <span class='ocrx_word' id='word_1_289' title='bbox 1061 1122 1153 1146; x_wconf 80' lang='lat' dir='ltr'>vernis</span> <span class='ocrx_word' id='word_1_290' title='bbox 1163 1121 1314 1151; x_wconf 81' lang='lat' dir='ltr'>frondibus,</span> <span class='ocrx_word' id='word_1_291' title='bbox 1332 1129 1423 1146; x_wconf 84' lang='lat' dir='ltr'>annua</span> 
     </span>
    </p>
   </div>
   <div class='ocr_carea' id='block_1_15' title="bbox 870 1162 1421 1236">
    <p class='ocr_par' dir='ltr' id='par_1_18' title="bbox 870 1162 1421 1236">
     <span class='ocr_line' id='line_1_59' title="bbox 870 1162 1416 1192; baseline -0.005 -4"><span class='ocrx_word' id='word_1_292' title='bbox 870 1164 990 1188; x_wconf 85' lang='lat' dir='ltr'>Crinitur</span> <span class='ocrx_word' id='word_1_293' title='bbox 1000 1164 1096 1192; x_wconf 81' lang='lat' dir='ltr'>arbos3</span> <span class='ocrx_word' id='word_1_294' title='bbox 1112 1168 1185 1187; x_wconf 90' lang='lat' dir='ltr'>nunc</span> <span class='ocrx_word' id='word_1_295' title='bbox 1197 1162 1336 1186; x_wconf 79' lang='lat' dir='ltr'>volucrum</span> <span class='ocrx_word' id='word_1_296' title='bbox 1351 1162 1416 1186; x_wconf 86' lang='lat' dir='ltr'>novi</span> 
     </span>
     <span class='ocr_line' id='line_1_60' title="bbox 899 1203 1421 1236; baseline -0.006 -8"><span class='ocrx_word' id='word_1_297' title='bbox 899 1205 1018 1236; x_wconf 77' lang='lat' dir='ltr'>Questus,</span> <span class='ocrx_word' id='word_1_298' title='bbox 1028 1203 1259 1234; x_wconf 84' lang='lat' dir='ltr'>inexpertumque</span> <span class='ocrx_word' id='word_1_299' title='bbox 1269 1208 1421 1226; x_wconf 86' lang='lat' dir='ltr'>carmen—.</span> 
     </span>
    </p>
   </div>
   <div class='ocr_carea' id='block_1_16' title="bbox 806 1274 1539 1463">
    <p class='ocr_par' dir='ltr' id='par_1_19' title="bbox 806 1274 1539 1463">
     <span class='ocr_line' id='line_1_61' title="bbox 807 1274 1536 1313; baseline -0.003 -8"><span class='ocrx_word' id='word_1_300' title='bbox 807 1275 893 1305; x_wconf 82' lang='lat' dir='ltr'>Nota</span> <span class='ocrx_word' id='word_1_301' title='bbox 905 1280 979 1305; x_wconf 86' lang='lat' dir='ltr'>sunt</span> <span class='ocrx_word' id='word_1_302' title='bbox 993 1274 1026 1304; x_wconf 79' lang='lat' dir='ltr'>in</span> <span class='ocrx_word' id='word_1_303' title='bbox 1041 1275 1099 1304; x_wconf 88' lang='lat' dir='ltr'>hac</span> <span class='ocrx_word' id='word_1_304' title='bbox 1122 1284 1155 1303; x_wconf 86' lang='lat' dir='ltr'>re</span> <span class='ocrx_word' id='word_1_305' title='bbox 1179 1287 1219 1304; x_wconf 68' lang='grc' dir='ltr'>τα</span> <span class='ocrx_word' id='word_1_306' title='bbox 1243 1275 1393 1313; x_wconf 72' lang='grc' dir='ltr'><strong><em>κινυρεσθαι</em></strong></span> <span class='ocrx_word' id='word_1_307' title='bbox 1413 1277 1444 1302; x_wconf 81' lang='lat' dir='ltr'>et</span> <span class='ocrx_word' id='word_1_308' title='bbox 1457 1286 1536 1312; x_wconf 77' lang='grc' dir='ltr'><strong><em>μινυ-</em></strong></span> 
     </span>
     <span class='ocr_line' id='line_1_62' title="bbox 806 1325 1539 1370; baseline -0.005 -11"><span class='ocrx_word' id='word_1_309' title='bbox 806 1329 885 1370; x_wconf 73' lang='grc' dir='ltr'><strong><em>ριζειν</em></strong></span> <span class='ocrx_word' id='word_1_310' title='bbox 907 1328 1106 1358; x_wconf 88' lang='lat' dir='ltr'>Graecorum:</span> <span class='ocrx_word' id='word_1_311' title='bbox 1142 1326 1198 1367; x_wconf 91' lang='lat' dir='ltr'>qui</span> <span class='ocrx_word' id='word_1_312' title='bbox 1232 1336 1249 1356; x_wconf 94' lang='lat' dir='ltr'>e</span> <span class='ocrx_word' id='word_1_313' title='bbox 1271 1325 1427 1355; x_wconf 89' lang='lat' dir='ltr'>contrario</span> <span class='ocrx_word' id='word_1_314' title='bbox 1456 1336 1539 1365; x_wconf 87' lang='lat' dir='ltr'>saepe</span> 
     </span>
     <span class='ocr_line' id='line_1_63' title="bbox 807 1376 1538 1416; baseline -0.001 -7"><span class='ocrx_word' id='word_1_315' title='bbox 807 1385 1039 1409; x_wconf 90' lang='lat' dir='ltr'>commutavere</span> <span class='ocrx_word' id='word_1_316' title='bbox 1060 1387 1165 1415; x_wconf 81' lang='lat' dir='ltr'>voces3</span> <span class='ocrx_word' id='word_1_317' title='bbox 1189 1382 1225 1407; x_wconf 84' lang='lat' dir='ltr'>ut</span> <span class='ocrx_word' id='word_1_318' title='bbox 1244 1377 1423 1416; x_wconf 88' lang='lat' dir='ltr'>Euripides,</span> <span class='ocrx_word' id='word_1_319' title='bbox 1451 1376 1538 1408; x_wconf 87' lang='lat' dir='ltr'>Med.</span> 
     </span>
     <span class='ocr_line' id='line_1_64' title="bbox 808 1434 880 1463; baseline 0 -2"><span class='ocrx_word' id='word_1_320' title='bbox 808 1434 880 1463; x_wconf 87' lang='lat'>149.</span> 
     </span>
    </p>
   </div>
   <div class='ocr_carea' id='block_1_17' title="bbox 848 1521 963 1529">
    <p class='ocr_par' dir='ltr' id='par_1_20' title="bbox 848 1521 963 1529">
     <span class='ocr_line' id='line_1_65' title="bbox 848 1521 963 1529; baseline 0 0"><span class='ocrx_word' id='word_1_321' title='bbox 848 1521 963 1529; x_wconf 95' lang='lat' dir='ltr'> </span> 
     </span>
    </p>
   </div>
   <div class='ocr_carea' id='block_1_18' title="bbox 974 1507 1461 1540">
    <p class='ocr_par' dir='ltr' id='par_1_21' title="bbox 974 1507 1461 1540">
     <span class='ocr_line' id='line_1_66' title="bbox 974 1507 1461 1540; baseline -0.004 -6"><span class='ocrx_word' id='word_1_322' title='bbox 974 1507 1026 1534; x_wconf 78' lang='grc' dir='ltr'><em>οἷσιν</em></span> <span class='ocrx_word' id='word_1_323' title='bbox 1040 1508 1060 1533; x_wconf 75' lang='lat'>02</span> <span class='ocrx_word' id='word_1_324' title='bbox 1075 1507 1194 1535; x_wconf 70' lang='grc' dir='ltr'>δυστανος</span> <span class='ocrx_word' id='word_1_325' title='bbox 1208 1507 1346 1532; x_wconf 84' lang='lat' dir='ltr'>MEAIIEI</span> <span class='ocrx_word' id='word_1_326' title='bbox 1361 1513 1461 1540; x_wconf 69' lang='grc' dir='ltr'><strong><em>νυμφας</em></strong></span> 
     </span>
    </p>
   </div>
   <div class='ocr_carea' id='block_1_19' title="bbox 807 1580 1541 1937">
    <p class='ocr_par' dir='ltr' id='par_1_22' title="bbox 808 1580 1541 1667">
     <span class='ocr_line' id='line_1_67' title="bbox 811 1580 1541 1614; baseline -0.004 0"><span class='ocrx_word' id='word_1_327' title='bbox 811 1583 876 1614; x_wconf 90' lang='lat' dir='ltr'>Adi</span> <span class='ocrx_word' id='word_1_328' title='bbox 898 1583 989 1614; x_wconf 91' lang='lat' dir='ltr'>nobis</span> <span class='ocrx_word' id='word_1_329' title='bbox 1010 1589 1118 1614; x_wconf 82' lang='lat' dir='ltr'>notata</span> <span class='ocrx_word' id='word_1_330' title='bbox 1138 1582 1173 1613; x_wconf 89' lang='lat' dir='ltr'>in</span> <span class='ocrx_word' id='word_1_331' title='bbox 1194 1592 1222 1613; x_wconf 90' lang='lat' dir='ltr'>v.</span> <span class='ocrx_word' id='word_1_332' title='bbox 1241 1585 1335 1613; x_wconf 82' lang='lat'>1585.</span> <span class='ocrx_word' id='word_1_333' title='bbox 1357 1588 1388 1613; x_wconf 90' lang='lat' dir='ltr'>et</span> <span class='ocrx_word' id='word_1_334' title='bbox 1410 1582 1502 1612; x_wconf 89' lang='lat' dir='ltr'>Bion.</span> <span class='ocrx_word' id='word_1_335' title='bbox 1519 1580 1541 1611; x_wconf 85' lang='lat' dir='ltr'>i.</span> 
     </span>
     <span class='ocr_line' id='line_1_68' title="bbox 808 1639 858 1667; baseline 0 -1"><span class='ocrx_word' id='word_1_336' title='bbox 808 1639 858 1667; x_wconf 87' lang='grc'>56.</span> 
     </span>
    </p>

    <p class='ocr_par' dir='ltr' id='par_1_23' title="bbox 807 1687 1183 1779">
     <span class='ocr_line' id='line_1_69' title="bbox 852 1687 1183 1718; baseline 0 0"><span class='ocrx_word' id='word_1_337' title='bbox 852 1687 926 1718; x_wconf 87' lang='lat' dir='ltr'>Ver.</span> <span class='ocrx_word' id='word_1_338' title='bbox 953 1691 1025 1718; x_wconf 89' lang='lat'>551.</span> <span class='ocrx_word' id='word_1_339' title='bbox 1059 1689 1163 1718; x_wconf 87' lang='lat' dir='ltr'>Hasce</span> <span class='ocrx_word' id='word_1_340' title='bbox 1173 1701 1183 1717; x_wconf 92' lang='grc'><strong>.-</strong></span> 
     </span>
     <span class='ocr_line' id='line_1_70' title="bbox 807 1745 1073 1779; baseline -0.004 -10"><span class='ocrx_word' id='word_1_341' title='bbox 807 1750 914 1779; x_wconf 86' lang='lat' dir='ltr'>quom:</span> <span class='ocrx_word' id='word_1_342' title='bbox 942 1745 983 1768; x_wconf 87' lang='lat' dir='ltr'>n.</span> <span class='ocrx_word' id='word_1_343' title='bbox 999 1745 1073 1769; x_wconf 83' lang='lat' dir='ltr'>tum.</span> 
     </span>
    </p>

    <p class='ocr_par' dir='ltr' id='par_1_24' title="bbox 807 1794 1541 1937">
     <span class='ocr_line' id='line_1_71' title="bbox 850 1794 1541 1836; baseline -0.006 -8"><span class='ocrx_word' id='word_1_344' title='bbox 850 1798 925 1827; x_wconf 86' lang='lat' dir='ltr'>Ver.</span> <span class='ocrx_word' id='word_1_345' title='bbox 941 1800 1015 1828; x_wconf 83' lang='lat'>552.</span> <span class='ocrx_word' id='word_1_346' title='bbox 1041 1798 1271 1836; x_wconf 70' lang='lat' dir='ltr'>Eoeprz&#39;mz&#39;mus:</span> <span class='ocrx_word' id='word_1_347' title='bbox 1298 1795 1340 1825; x_wconf 91' lang='lat' dir='ltr'>V.</span> <span class='ocrx_word' id='word_1_348' title='bbox 1355 1794 1406 1825; x_wconf 90' lang='lat' dir='ltr'>ed.</span> <span class='ocrx_word' id='word_1_349' title='bbox 1424 1796 1541 1834; x_wconf 73' lang='lat' dir='ltr'>Expri-</span> 
     </span>
     <span class='ocr_line' id='line_1_72' title="bbox 807 1847 1539 1880; baseline -0.005 0"><span class='ocrx_word' id='word_1_350' title='bbox 807 1854 1076 1880; x_wconf 80' lang='lat' dir='ltr'>mamus.-—recto:</span> <span class='ocrx_word' id='word_1_351' title='bbox 1104 1847 1141 1877; x_wconf 93' lang='lat' dir='ltr'>P.</span> <span class='ocrx_word' id='word_1_352' title='bbox 1152 1849 1470 1878; x_wconf 62' lang='lat' dir='ltr'>retra—emittimus.-</span> <span class='ocrx_word' id='word_1_353' title='bbox 1492 1847 1539 1877; x_wconf 88' lang='lat' dir='ltr'>M.</span> 
     </span>
     <span class='ocr_line' id='line_1_73' title="bbox 808 1897 1342 1937; baseline -0.007 -6"><span class='ocrx_word' id='word_1_354' title='bbox 808 1902 956 1931; x_wconf 73' lang='lat' dir='ltr'>mittimus</span> <span class='ocrx_word' id='word_1_355' title='bbox 961 1915 972 1936; x_wconf 92' lang='lat'><em>;</em></span> <span class='ocrx_word' id='word_1_356' title='bbox 997 1898 1082 1929; x_wconf 92' lang='lat' dir='ltr'>unde</span> <span class='ocrx_word' id='word_1_357' title='bbox 1097 1904 1217 1928; x_wconf 88' lang='lat' dir='ltr'>tentare</span> <span class='ocrx_word' id='word_1_358' title='bbox 1232 1897 1342 1937; x_wconf 90' lang='lat' dir='ltr'>possis:</span> 
     </span>
    </p>
   </div>
   <div class='ocr_carea' id='block_1_20' title="bbox 1225 1686 1541 1717">
    <p class='ocr_par' dir='ltr' id='par_1_25' title="bbox 1225 1686 1541 1717">
     <span class='ocr_line' id='line_1_74' title="bbox 1225 1686 1541 1717; baseline -0.003 0"><span class='ocrx_word' id='word_1_359' title='bbox 1225 1686 1265 1717; x_wconf 91' lang='grc' dir='ltr'><strong>Ο.</strong></span> <span class='ocrx_word' id='word_1_360' title='bbox 1301 1693 1344 1717; x_wconf 88' lang='grc' dir='ltr'><strong>Π.</strong></span> <span class='ocrx_word' id='word_1_361' title='bbox 1381 1687 1541 1717; x_wconf 83' lang='lat' dir='ltr'>Nasce.—</span> 
     </span>
    </p>
   </div>
   <div class='ocr_carea' id='block_1_21' title="bbox 973 1981 1475 2014">
    <p class='ocr_par' dir='ltr' id='par_1_26' title="bbox 973 1981 1475 2014">
     <span class='ocr_line' id='line_1_75' title="bbox 973 1981 1475 2014; baseline -0.008 -5"><span class='ocrx_word' id='word_1_362' title='bbox 973 1987 1102 2014; x_wconf 80' lang='lat' dir='ltr'>rectoque</span> <span class='ocrx_word' id='word_1_363' title='bbox 1114 1982 1184 2007; x_wconf 83' lang='lat' dir='ltr'>foras</span> <span class='ocrx_word' id='word_1_364' title='bbox 1195 1988 1270 2013; x_wconf 85' lang='lat' dir='ltr'>quom</span> <span class='ocrx_word' id='word_1_365' title='bbox 1280 1981 1405 2006; x_wconf 83' lang='lat' dir='ltr'>minimus</span> <span class='ocrx_word' id='word_1_366' title='bbox 1414 1987 1475 2006; x_wconf 86' lang='lat' dir='ltr'>ore:</span> 
     </span>
    </p>
   </div>
   <div class='ocr_carea' id='block_1_22' title="bbox 838 1997 962 2006">
    <p class='ocr_par' dir='ltr' id='par_1_27' title="bbox 838 1997 962 2006">
     <span class='ocr_line' id='line_1_76' title="bbox 838 1997 962 2006; baseline 0 0"><span class='ocrx_word' id='word_1_367' title='bbox 838 1997 962 2006; x_wconf 95' lang='lat' dir='ltr'> </span> 
     </span>
    </p>
   </div>
   <div class='ocr_carea' id='block_1_23' title="bbox 810 2062 1438 2103">
    <p class='ocr_par' dir='ltr' id='par_1_28' title="bbox 810 2062 1438 2103">
     <span class='ocr_line' id='line_1_77' title="bbox 810 2062 1438 2103; baseline -0.008 -7"><span class='ocrx_word' id='word_1_368' title='bbox 810 2066 864 2096; x_wconf 88' lang='lat' dir='ltr'>sed</span> <span class='ocrx_word' id='word_1_369' title='bbox 878 2066 979 2096; x_wconf 85' lang='lat' dir='ltr'>obstat</span> <span class='ocrx_word' id='word_1_370' title='bbox 995 2064 1160 2102; x_wconf 75' lang='lat' dir='ltr'>Horatius,</span> <span class='ocrx_word' id='word_1_371' title='bbox 1177 2063 1266 2103; x_wconf 90' lang='lat' dir='ltr'>epist.</span> <span class='ocrx_word' id='word_1_372' title='bbox 1282 2062 1301 2092; x_wconf 89' lang='lat' dir='ltr'>i.</span> <span class='ocrx_word' id='word_1_373' title='bbox 1321 2066 1369 2092; x_wconf 90' lang='lat'>18.</span> <span class='ocrx_word' id='word_1_374' title='bbox 1388 2065 1438 2093; x_wconf 88' lang='lat'>71.</span> 
     </span>
    </p>
   </div>
   <div class='ocr_carea' id='block_1_24' title="bbox 835 2140 1495 2169">
    <p class='ocr_par' dir='ltr' id='par_1_29' title="bbox 835 2140 1495 2169">
     <span class='ocr_line' id='line_1_78' title="bbox 835 2140 1495 2169; baseline -0.008 0"><span class='ocrx_word' id='word_1_375' title='bbox 835 2146 868 2169; x_wconf 78' lang='lat' dir='ltr'>Et</span> <span class='ocrx_word' id='word_1_376' title='bbox 877 2143 959 2169; x_wconf 87' lang='lat' dir='ltr'>semel</span> <span class='ocrx_word' id='word_1_377' title='bbox 970 2143 1088 2167; x_wconf 83' lang='lat' dir='ltr'>emissum</span> <span class='ocrx_word' id='word_1_378' title='bbox 1098 2143 1173 2167; x_wconf 83' lang='lat' dir='ltr'>volat</span> <span class='ocrx_word' id='word_1_379' title='bbox 1183 2140 1363 2168; x_wconf 84' lang='lat' dir='ltr'>inrevocabile</span> <span class='ocrx_word' id='word_1_380' title='bbox 1373 2140 1495 2165; x_wconf 79' lang='lat' dir='ltr'>verbum.</span> 
     </span>
    </p>
   </div>
   <div class='ocr_carea' id='block_1_25' title="bbox 805 2215 1541 2932">
    <p class='ocr_par' dir='ltr' id='par_1_30' title="bbox 805 2215 1541 2932">
     <span class='ocr_line' id='line_1_79' title="bbox 848 2215 1539 2249; baseline -0.006 0"><span class='ocrx_word' id='word_1_381' title='bbox 848 2219 924 2249; x_wconf 84' lang='lat' dir='ltr'>Ver.</span> <span class='ocrx_word' id='word_1_382' title='bbox 940 2221 1012 2249; x_wconf 87' lang='grc'><strong>555.</strong></span> <span class='ocrx_word' id='word_1_383' title='bbox 1037 2219 1188 2248; x_wconf 79' lang='lat' dir='ltr'>Mobilis:</span> <span class='ocrx_word' id='word_1_384' title='bbox 1218 2215 1254 2246; x_wconf 95' lang='lat' dir='ltr'>V.</span> <span class='ocrx_word' id='word_1_385' title='bbox 1271 2215 1320 2246; x_wconf 89' lang='lat' dir='ltr'>ed.</span> <span class='ocrx_word' id='word_1_386' title='bbox 1346 2216 1381 2246; x_wconf 91' lang='grc' dir='ltr'><strong>Β.</strong></span> <span class='ocrx_word' id='word_1_387' title='bbox 1408 2216 1539 2246; x_wconf 73' lang='lat' dir='ltr'>Nobilis.</span> 
     </span>
     <span class='ocr_line' id='line_1_80' title="bbox 808 2265 1540 2304; baseline -0.01 -3"><span class='ocrx_word' id='word_1_388' title='bbox 808 2271 1021 2301; x_wconf 63' lang='lat' dir='ltr'>--verborunu</span> <span class='ocrx_word' id='word_1_389' title='bbox 1047 2269 1090 2298; x_wconf 87' lang='lat' dir='ltr'>sic</span> <span class='ocrx_word' id='word_1_390' title='bbox 1108 2269 1144 2298; x_wconf 96' lang='lat' dir='ltr'>L.</span> <span class='ocrx_word' id='word_1_391' title='bbox 1165 2268 1210 2298; x_wconf 89' lang='lat' dir='ltr'>M.</span> <span class='ocrx_word' id='word_1_392' title='bbox 1231 2274 1276 2298; x_wconf 84' lang='grc' dir='ltr'>Ω..</span> <span class='ocrx_word' id='word_1_393' title='bbox 1298 2266 1370 2303; x_wconf 88' lang='lat' dir='ltr'>soli;</span> <span class='ocrx_word' id='word_1_394' title='bbox 1397 2265 1540 2304; x_wconf 81' lang='lat' dir='ltr'>exempla</span> 
     </span>
     <span class='ocr_line' id='line_1_81' title="bbox 806 2318 1539 2360; baseline -0.008 -9"><span class='ocrx_word' id='word_1_395' title='bbox 806 2321 933 2360; x_wconf 82' lang='lat' dir='ltr'>reliqua,</span> <span class='ocrx_word' id='word_1_396' title='bbox 948 2330 1127 2351; x_wconf 79' lang='lat' dir='ltr'>nervorum.-</span> <span class='ocrx_word' id='word_1_397' title='bbox 1154 2318 1208 2349; x_wconf 87' lang='lat' dir='ltr'>sed</span> <span class='ocrx_word' id='word_1_398' title='bbox 1222 2318 1383 2353; x_wconf 87' lang='lat' dir='ltr'>mendose,</span> <span class='ocrx_word' id='word_1_399' title='bbox 1402 2322 1437 2347; x_wconf 87' lang='lat' dir='ltr'>ut</span> <span class='ocrx_word' id='word_1_400' title='bbox 1452 2322 1539 2355; x_wconf 88' lang='lat' dir='ltr'>puto.</span> 
     </span>
     <span class='ocr_line' id='line_1_82' title="bbox 852 2375 1539 2416; baseline -0.009 -7"><span class='ocrx_word' id='word_1_401' title='bbox 852 2379 932 2409; x_wconf 87' lang='lat' dir='ltr'>Ibid.</span> <span class='ocrx_word' id='word_1_402' title='bbox 956 2380 1080 2410; x_wconf 76' lang='lat' dir='ltr'>Mobilis</span> <span class='ocrx_word' id='word_1_403' title='bbox 1102 2380 1251 2409; x_wconf 75' lang='lat' dir='ltr'>articulat</span> <span class='ocrx_word' id='word_1_404' title='bbox 1269 2379 1390 2416; x_wconf 80' lang='lat' dir='ltr'>lingua.</span> <span class='ocrx_word' id='word_1_405' title='bbox 1438 2375 1539 2405; x_wconf 85' lang='lat' dir='ltr'>Isido—</span> 
     </span>
     <span class='ocr_line' id='line_1_83' title="bbox 807 2427 1538 2471; baseline -0.008 -10"><span class='ocrx_word' id='word_1_406' title='bbox 807 2442 872 2469; x_wconf 86' lang='lat' dir='ltr'>rus,</span> <span class='ocrx_word' id='word_1_407' title='bbox 896 2431 995 2471; x_wconf 84' lang='lat' dir='ltr'>origg.</span> <span class='ocrx_word' id='word_1_408' title='bbox 1013 2431 1053 2460; x_wconf 84' lang='lat' dir='ltr'>xi.</span> <span class='ocrx_word' id='word_1_409' title='bbox 1072 2434 1101 2460; x_wconf 90' lang='lat'>1.</span> <span class='ocrx_word' id='word_1_410' title='bbox 1134 2434 1156 2449; x_wconf 88' lang='grc'><strong><em>“</em></strong></span> <span class='ocrx_word' id='word_1_411' title='bbox 1174 2431 1311 2469; x_wconf 79' lang='lat' dir='ltr'>Linguae</span> <span class='ocrx_word' id='word_1_412' title='bbox 1334 2438 1451 2457; x_wconf 89' lang='lat' dir='ltr'>nomen</span> <span class='ocrx_word' id='word_1_413' title='bbox 1477 2427 1538 2456; x_wconf 92' lang='lat' dir='ltr'>im-</span> 
     </span>
     <span class='ocr_line' id='line_1_84' title="bbox 809 2478 1541 2522; baseline -0.008 -9"><span class='ocrx_word' id='word_1_414' title='bbox 809 2487 831 2501; x_wconf 84' lang='lat'><strong>“</strong></span> <span class='ocrx_word' id='word_1_415' title='bbox 846 2483 984 2522; x_wconf 87' lang='lat' dir='ltr'>positum</span> <span class='ocrx_word' id='word_1_416' title='bbox 1001 2488 1113 2522; x_wconf 85' lang='lat' dir='ltr'>putant</span> <span class='ocrx_word' id='word_1_417' title='bbox 1135 2482 1200 2519; x_wconf 86' lang='lat' dir='ltr'>alii,</span> <span class='ocrx_word' id='word_1_418' title='bbox 1223 2481 1308 2521; x_wconf 89' lang='lat' dir='ltr'>quod</span> <span class='ocrx_word' id='word_1_419' title='bbox 1323 2490 1377 2519; x_wconf 88' lang='lat' dir='ltr'>per</span> <span class='ocrx_word' id='word_1_420' title='bbox 1392 2478 1541 2509; x_wconf 86' lang='lat' dir='ltr'>articula-</span> 
     </span>
     <span class='ocr_line' id='line_1_85' title="bbox 807 2530 1538 2573; baseline -0.008 -8"><span class='ocrx_word' id='word_1_421' title='bbox 807 2537 829 2552; x_wconf 86' lang='lat'><strong>“</strong></span> <span class='ocrx_word' id='word_1_422' title='bbox 845 2541 895 2564; x_wconf 88' lang='lat' dir='ltr'>tos</span> <span class='ocrx_word' id='word_1_423' title='bbox 910 2544 1003 2564; x_wconf 86' lang='lat' dir='ltr'>sonos</span> <span class='ocrx_word' id='word_1_424' title='bbox 1018 2535 1110 2564; x_wconf 87' lang='lat' dir='ltr'>verba</span> <span class='ocrx_word' id='word_1_425' title='bbox 1123 2535 1218 2573; x_wconf 81' lang='lat' dir='ltr'>ligat:</span> <span class='ocrx_word' id='word_1_426' title='bbox 1245 2532 1326 2562; x_wconf 86' lang='lat' dir='ltr'>sicut</span> <span class='ocrx_word' id='word_1_427' title='bbox 1347 2531 1432 2561; x_wconf 92' lang='lat' dir='ltr'>enim</span> <span class='ocrx_word' id='word_1_428' title='bbox 1453 2530 1538 2569; x_wconf 85' lang='lat' dir='ltr'>plec-</span> 
     </span>
     <span class='ocr_line' id='line_1_86' title="bbox 807 2581 1539 2624; baseline -0.008 -8"><span class='ocrx_word' id='word_1_429' title='bbox 807 2589 829 2605; x_wconf 86' lang='lat'><strong>“</strong></span> <span class='ocrx_word' id='word_1_430' title='bbox 845 2592 930 2616; x_wconf 83' lang='lat' dir='ltr'>trum</span> <span class='ocrx_word' id='word_1_431' title='bbox 945 2585 1079 2623; x_wconf 87' lang='lat' dir='ltr'>chordis,</span> <span class='ocrx_word' id='word_1_432' title='bbox 1101 2585 1145 2615; x_wconf 88' lang='lat' dir='ltr'>ita</span> <span class='ocrx_word' id='word_1_433' title='bbox 1159 2585 1270 2624; x_wconf 87' lang='lat' dir='ltr'>lingua</span> <span class='ocrx_word' id='word_1_434' title='bbox 1289 2583 1422 2612; x_wconf 88' lang='lat' dir='ltr'>illiditur</span> <span class='ocrx_word' id='word_1_435' title='bbox 1437 2581 1539 2612; x_wconf 69' lang='lat' dir='ltr'>derui-</span> 
     </span>
     <span class='ocr_line' id='line_1_87' title="bbox 808 2632 1540 2673; baseline -0.01 -5"><span class='ocrx_word' id='word_1_436' title='bbox 808 2641 829 2656; x_wconf 92' lang='lat'><strong>“</strong></span> <span class='ocrx_word' id='word_1_437' title='bbox 845 2639 913 2673; x_wconf 87' lang='lat' dir='ltr'>bus,</span> <span class='ocrx_word' id='word_1_438' title='bbox 948 2642 980 2667; x_wconf 87' lang='lat' dir='ltr'>et</span> <span class='ocrx_word' id='word_1_439' title='bbox 1002 2636 1140 2667; x_wconf 88' lang='lat' dir='ltr'>vocalem</span> <span class='ocrx_word' id='word_1_440' title='bbox 1162 2634 1257 2665; x_wconf 87' lang='lat' dir='ltr'>efficit</span> <span class='ocrx_word' id='word_1_441' title='bbox 1279 2632 1433 2663; x_wconf 87' lang='lat' dir='ltr'>sonum:&#39;‘</span> <span class='ocrx_word' id='word_1_442' title='bbox 1468 2642 1540 2672; x_wconf 88' lang='lat' dir='ltr'>quae</span> 
     </span>
     <span class='ocr_line' id='line_1_88' title="bbox 805 2685 1540 2729; baseline -0.01 -9"><span class='ocrx_word' id='word_1_443' title='bbox 805 2689 892 2720; x_wconf 88' lang='lat' dir='ltr'>unde</span> <span class='ocrx_word' id='word_1_444' title='bbox 920 2688 1144 2729; x_wconf 87' lang='lat' dir='ltr'>grammaticus</span> <span class='ocrx_word' id='word_1_445' title='bbox 1169 2686 1316 2721; x_wconf 83' lang='lat' dir='ltr'>hauserit,</span> <span class='ocrx_word' id='word_1_446' title='bbox 1351 2685 1540 2715; x_wconf 87' lang='lat' dir='ltr'>doctissimae</span> 
     </span>
     <span class='ocr_line' id='line_1_89' title="bbox 808 2736 1541 2772; baseline -0.007 -2"><span class='ocrx_word' id='word_1_447' title='bbox 808 2740 928 2772; x_wconf 88' lang='lat' dir='ltr'>Davisii</span> <span class='ocrx_word' id='word_1_448' title='bbox 952 2738 1168 2770; x_wconf 83' lang='lat' dir='ltr'>annotationes</span> <span class='ocrx_word' id='word_1_449' title='bbox 1191 2737 1305 2768; x_wconf 86' lang='lat' dir='ltr'>docent</span> <span class='ocrx_word' id='word_1_450' title='bbox 1326 2736 1366 2766; x_wconf 93' lang='lat' dir='ltr'>ad</span> <span class='ocrx_word' id='word_1_451' title='bbox 1392 2737 1456 2766; x_wconf 92' lang='lat' dir='ltr'>Cic.</span> <span class='ocrx_word' id='word_1_452' title='bbox 1476 2742 1541 2766; x_wconf 89' lang='lat' dir='ltr'>nat.</span> 
     </span>
     <span class='ocr_line' id='line_1_90' title="bbox 805 2787 1540 2825; baseline -0.008 -3"><span class='ocrx_word' id='word_1_453' title='bbox 805 2791 856 2822; x_wconf 92' lang='lat' dir='ltr'>dd.</span> <span class='ocrx_word' id='word_1_454' title='bbox 880 2791 910 2821; x_wconf 88' lang='lat' dir='ltr'>ii.</span> <span class='ocrx_word' id='word_1_455' title='bbox 939 2794 989 2822; x_wconf 87' lang='lat'>59.</span> <span class='ocrx_word' id='word_1_456' title='bbox 1015 2791 1185 2825; x_wconf 85' lang='lat' dir='ltr'>Caeterum,</span> <span class='ocrx_word' id='word_1_457' title='bbox 1217 2794 1254 2818; x_wconf 89' lang='lat' dir='ltr'>ut</span> <span class='ocrx_word' id='word_1_458' title='bbox 1281 2787 1313 2818; x_wconf 89' lang='lat' dir='ltr'>id</span> <span class='ocrx_word' id='word_1_459' title='bbox 1344 2792 1540 2817; x_wconf 86' lang='lat' dir='ltr'>transeuntes</span> 
     </span>
     <span class='ocr_line' id='line_1_91' title="bbox 807 2838 1538 2878; baseline -0.008 -5"><span class='ocrx_word' id='word_1_460' title='bbox 807 2851 1076 2878; x_wconf 80' lang='lat' dir='ltr'>commoneamuS,</span> <span class='ocrx_word' id='word_1_461' title='bbox 1102 2839 1242 2871; x_wconf 89' lang='lat' dir='ltr'>Nemesii</span> <span class='ocrx_word' id='word_1_462' title='bbox 1265 2839 1359 2875; x_wconf 85' lang='lat' dir='ltr'>locus,</span> <span class='ocrx_word' id='word_1_463' title='bbox 1385 2849 1452 2878; x_wconf 89' lang='lat' dir='ltr'>cap.</span> <span class='ocrx_word' id='word_1_464' title='bbox 1478 2838 1538 2867; x_wconf 80' lang='lat' dir='ltr'>xiv.</span> 
     </span>
     <span class='ocr_line' id='line_1_92' title="bbox 808 2890 1539 2932; baseline -0.005 -9"><span class='ocrx_word' id='word_1_465' title='bbox 808 2894 851 2924; x_wconf 91' lang='lat' dir='ltr'>ibi</span> <span class='ocrx_word' id='word_1_466' title='bbox 883 2893 1003 2929; x_wconf 81' lang='lat' dir='ltr'>citatus,</span> <span class='ocrx_word' id='word_1_467' title='bbox 1031 2892 1075 2922; x_wconf 84' lang='lat' dir='ltr'>ita</span> <span class='ocrx_word' id='word_1_468' title='bbox 1101 2891 1244 2932; x_wconf 83' lang='lat' dir='ltr'>castigari</span> <span class='ocrx_word' id='word_1_469' title='bbox 1270 2890 1373 2921; x_wconf 85' lang='lat' dir='ltr'>debet:</span> <span class='ocrx_word' id='word_1_470' title='bbox 1411 2896 1465 2923; x_wconf 75' lang='grc' dir='ltr'>Της</span> <span class='ocrx_word' id='word_1_471' title='bbox 1487 2902 1539 2929; x_wconf 80' lang='grc' dir='ltr'>μεν</span> 
     </span>
    </p>
   </div>
   <div class='ocr_carea' id='block_1_26' title="bbox 811 2947 1537 2986">
    <p class='ocr_par' dir='ltr' id='par_1_31' title="bbox 811 2947 1537 2986">
     <span class='ocr_line' id='line_1_93' title="bbox 811 2947 1537 2986; baseline -0.01 -9"><span class='ocrx_word' id='word_1_472' title='bbox 811 2953 959 2986; x_wconf 73' lang='grc' dir='ltr'>γλωσσης,</span> <span class='ocrx_word' id='word_1_473' title='bbox 983 2958 1032 2976; x_wconf 74' lang='grc' dir='ltr'>και</span> <span class='ocrx_word' id='word_1_474' title='bbox 1057 2956 1094 2975; x_wconf 69' lang='grc' dir='ltr'>τε</span> <span class='ocrx_word' id='word_1_475' title='bbox 1117 2955 1311 2986; x_wconf 65' lang='grc' dir='ltr'>’γαργαρεωνος</span> <span class='ocrx_word' id='word_1_476' title='bbox 1333 2949 1472 2982; x_wconf 69' lang='grc' dir='ltr'>πληκτρκ</span> <span class='ocrx_word' id='word_1_477' title='bbox 1487 2947 1537 2970; x_wconf 63' lang='grc' dir='ltr'>λινε</span> 
     </span>
    </p>
   </div>
  </div>
 </body>
</html>
