1912 3292
322 209 388 252 96

827 206 887 256 Τ.
937 205 1319 256 LUCRETII

466 336 550 380 Sed
569 337 700 395 magis
718 338 778 379 ire
795 337 921 389 foras,
942 347 1177 395 vestemque
1196 338 1440 394 relinquere,
1462 346 1508 380 ut
1527 340 1689 396 anguis,

468 411 720 463 [Gauderet,
739 412 953 471 praelonga
972 428 1097 454 senex
1117 422 1189 454 aut
1210 427 1367 454 cornua
1386 418 1563 466 cervus]

353 489 435 527 615

524 486 732 543 Denique,
753 501 860 543 quur
880 488 1006 528 animi
1027 501 1257 543 numquam
1278 501 1410 536 menS,
1431 487 1745 544 consiliumque,

469 560 668 618 Gignitur
688 561 731 601 in
752 562 899 616 capite,
921 570 992 603 aut
1011 561 1201 616 pedibus,
1222 560 1464 602 manibusve
1471 579 1484 611 ;
1518 562 1589 603 sed
1608 561 1700 604 unis

473 634 661 685 Sedibus,
683 650 731 676 ac
750 636 870 677 certis
889 634 1141 692 regionibus,
1164 634 1357 675 omnibus
1377 633 1528 684 haeret3

473 709 518 751 Si
537 723 622 750 non
643 718 754 750 certa
773 709 862 750 loca
881 709 934 750 ad
954 708 1211 750 nascundum
1232 708 1393 749 reddita
1412 708 1593 764 quoique

473 783 595 833 Sunt,
617 791 658 824 et
676 782 769 824 ubei
790 783 989 840 quidquid
1010 784 1137 839 possit
1158 783 1308 825 durare
1329 790 1536 832 creatum3

329 942 354 958 ‘⁶
369 944 443 969 sunt
456 939 513 969 bas
526 943 639 977 partes,
655 944 686 969 et
699 940 831 970 humani
846 940 982 979 corporis
997 941 1054 971 cir-

330 995 354 1011 “
370 990 578 1031 cumjectione
591 992 695 1021 vestiri
702 991 742 1020 ?”
768 991 886 1022 Confer
900 998 1054 1031 nostrum,

327 1041 369 1073 iv.
388 1045 438 1074 56.
455 1045 506 1074 59.
529 1042 682 1079 Stobaeus‚
702 1042 758 1073 ecl.
774 1044 860 1082 phys.
873 1053 903 1082 p.
923 1047 994 1074 141.
1017 1054 1055 1074 ex

331 1094 517 1134 Porphyrim
531 1094 575 1124 ita
589 1093 782 1124 scribendus:
809 1101 906 1128 Aue-m
923 1108 981 1136 ’γαρ
1003 1109 1054 1129 της

331 1159 575 1187 paramonarium
592 1146 742 1187 εἱμαρμενη
758 1160 808 1177 xm
823 1153 903 1186 φυσις
920 1147 975 1178 ὑπο
992 1153 1054 1187 Εμ-

334 1196 489 1231 τιῖοκλευς
504 1195 610 1236 &cipum
624 1208 822 1237 avnyopswrat·

371 1268 477 1302 Σαρκων
492 1268 706 1293 ΑΛΛΟΧΡΩΤΙ
718 1272 903 1302 περιστελλνσα
914 1269 1058 1299 ΧῙΤΩΝΙ,

333 1344 383 1362 και
405 1343 642 1371 ,μεταμπεχεσα
677 1344 731 1365 τας
764 1333 884 1371 ψυχας.
944 1331 1060 1362 Statius

332 1382 547 1422 metaphoram
563 1380 602 1411 ad
617 1380 717 1411 Theb.
735 1391 763 1411 x.
781 1385 851 1414 937.
867 1381 1021 1414 adhibuit:

363 1471 426 1479 —
434 1458 482 1483 sed
491 1458 615 1483 membra
623 1457 712 1483 virum
724 1462 831 1484 terrena
841 1460 1006 1490 relinquunt,

364 1497 545 1529 Exsuiquue
554 1497 696 1522 animus—.

333 1570 529 1602 Lactantius:
556 1573 579 1588 “
596 1570 681 1601 Mire
705 1573 842 1602 est-suitur
867 1570 958 1602 dixit:
983 1572 1059 1612 quia

334 1626 356 1641 “
372 1622 480 1652 anima
493 1622 633 1652 exsuitur
647 1632 784 1661 corpore,
812 1622 883 1653 ideo
904 1626 1056 1662 metapho-

333 1677 356 1692 “
372 1685 439 1704 ram
454 1686 472 1704 a
497 1675 624 1704 vestibus
645 1673 780 1712 posuit.“
828 1673 879 1703 Ita
903 1674 1057 1704 scholium

335 1723 418 1755 istud
447 1724 560 1754 rectius
588 1723 770 1763 distinguas.
815 1724 917 1754 Vetus
942 1724 1059 1755 ibidem

335 1775 526 1807 scholiastes:
548 1781 568 1793 “
583 1774 812 1814 Philosophice‚
823 1782 982 1817 tamquam
993 1787 1060 1807 exo-

334 1832 359 1847 “
373 1830 416 1860 sis
430 1826 617 1869 quibusdam
630 1828 782 1859 vestibus?
816 1828 910 1858 Forte
924 1829 1058 1859 scriben-

333 1879 424 1917 dum,
448 1884 468 1897 ‘⁶
482 1880 602 1909 exoletis
615 1878 801 1919 quibusdam
815 1879 975 1910 vestibus.”

379 1929 460 1960 Ibid.
480 1936 512 1959 ut
529 1932 658 1969 anguis:
686 1929 725 1959 de
747 1929 838 1970 cujus
860 1930 1060 1961 renovatione

333 1981 378 2012 sic
405 1980 549 2011 Alcimus
577 1980 690 2010 Avitus
713 1980 879 2021 eleganter,
903 1982 1004 2020 po'e'm.
1028 1982 1058 2012 ii.

340 2035 409 2064 126.
432 2031 485 2062 ubi
510 2041 567 2070 pro
583 2032 719 2069 motibus,
742 2032 822 2062 forte
835 2033 961 2063 solibus.-
990 2032 1059 2063 vide

335 2089 490 2121 nostrum,
506 2093 534 2113 v.
549 2086 622 2114 667.

365 2157 467 2191 Qualis,
477 2163 540 2182 vere
550 2162 632 2186 novo,
643 2156 735 2188 primis
745 2163 808 2182 cum
820 2157 955 2183 mensibus
965 2161 1046 2183 aestas

366 2197 510 2223 Praemittit
521 2197 600 2221 laetos
611 2201 670 2229 post
680 2196 779 2229 frigora
789 2197 864 2229 pigra
875 2202 991 2229 tepores,

366 2237 487 2262 Evadens
499 2240 620 2261 veterem
632 2236 759 2268 reparatis
770 2236 876 2261 motibus
885 2243 999 2267 annum,

366 2279 399 2302 Et
410 2277 511 2302 siccum
522 2277 608 2301 nitido
619 2276 767 2309 discingens
778 2283 890 2308 corpore
900 2281 1022 2308 tegmen,

364 2317 487 2342 Procedit
498 2316 623 2346 coluber3
635 2319 823 2347 terrarumque
831 2316 922 2341 abdita
928 2316 1060 2347 linquens,

364 2356 478 2382 Praefert
489 2356 612 2382 terribilis
622 2357 802 2382 metuendum
813 2356 902 2382 forma
913 2357 1049 2382 decorem.

336 2422 388 2452 De
403 2422 461 2451 hac
476 2431 509 2450 re
530 2419 621 2459 plura
645 2420 893 2451 desiderantibus
919 2420 1058 2460 imperti-

336 2478 429 2503 entur
453 2473 635 2512 interpretes
657 2471 771 2503 eruditi
795 2471 835 2502 ad
861 2471 977 2502 Tibull.
994 2472 1014 2502 i.
1029 2475 1058 2502 4.

335 2528 386 2556 35.

378 2585 452 2615 Ver.
468 2588 542 2616 614.
570 2584 765 2615 Sublestioris
779 2583 850 2615 fidei
867 2590 913 2614 est
927 2583 980 2614 hic
994 2593 1060 2614 ver-

337 2635 462 2666 siculus.
507 2637 547 2667 In
570 2635 656 2667 libris
679 2636 836 2674 omnibus,
861 2641 972 2675 praeter
994 2634 1060 2665 edi-

336 2686 456 2717 tionem
480 2687 545 2725 Pii,
575 2687 743 2718 desiderari
764 2686 903 2724 videtur3
926 2695 1001 2716 nam
1022 2685 1062 2716 de

336 2736 453 2768 codicis
469 2738 663 2769 Bodleiensis
676 2738 855 2769 testimonio
870 2737 948 2768 nihil
970 2747 1063 2777 super

336 2790 396 2820 hoc
411 2788 480 2819 loco
494 2789 585 2819 uobis
599 2796 792 2830 compertum
808 2795 868 2820 est:
887 2790 989 2829 prima
1003 2798 1062 2819 vox

335 2841 445 2878 etiam,
466 2855 500 2872 το
519 2842 682 2880 Conderet,
704 2842 737 2872 in
754 2842 930 2879 Lactantio,
944 2841 995 2872 vii.
1012 2844 1062 2871 12.

336 2899 510 2933 compa-eu
533 2892 587 2924 sed
613 2903 682 2934 quae
701 2893 792 2925 facile
807 2893 988 2933 interpolari
1005 2903 1061 2933 po-

1100 947 1178 971 terat
1203 941 1252 972 vel
1267 940 1401 971 librariis
1421 941 1470 972 vel
1491 940 1672 980 editoribus,
1694 946 1732 972 ut
1753 950 1830 974 eon-
1871 954 1877 961 ·

1099 991 1227 1022 structio
1241 992 1451 1031 perficeretur.
1498 992 1566 1023 Nos
1587 992 1719 1024 minime
1733 992 1826 1025 dubi-

1099 1048 1202 1073 tamus
1216 1044 1359 1082 spurium
1371 1050 1467 1085 atque
1475 1044 1641 1075 insititium
1653 1055 1720 1076 esse
1732 1046 1828 1076 versi-

1099 1093 1207 1124 culum
1216 1093 1348 1124 fidenter
1357 1095 1677 1136 pronunciare,quum
1687 1106 1829 1127 caussam

1099 1144 1350 1175 manifestissime
1361 1145 1586 1184 deprehensam
1597 1147 1712 1178 habere
1723 1147 1829 1178 videun

1099 1206 1183 1234 mur,
1205 1197 1246 1226 ob
1267 1207 1362 1236 quam
1389 1197 1496 1227 scribae
1517 1197 1580 1228 tale
1594 1198 1748 1229 assum-int
1763 1198 1832 1230 Lu-

1101 1247 1196 1276 cretio
1225 1247 1488 1286 supplementum.
1549 1249 1623 1279 Hoc
1651 1249 1770 1280 scilicet
1794 1250 1830 1281 in

1101 1297 1328 1328 consuetudine
1342 1305 1388 1328 est
1403 1304 1568 1329 auctorum
1579 1300 1831 1340 purissimorum,

1101 1354 1134 1377 et
1161 1348 1332 1387 praesertim
1357 1349 1532 1388 po'e‘tarum,
1555 1350 1609 1390 qui
1638 1352 1763 1382 ornatui
1791 1362 1829 1383 ac

1101 1399 1241 1430 brevitati
1266 1399 1405 1438 student,
1433 1410 1532 1440 quum
1559 1411 1677 1431 novum
1699 1404 1832 1433 verbum
1871 1437 1879 1445 ⁶

1101 1450 1256 1490 interponi
1273 1457 1475 1490 exspectares,
1492 1451 1580 1490 prius
1601 1453 1752 1491 positum,
1775 1453 1830 1484 sed

1101 1503 1208 1542 paullo
1221 1503 1370 1533 diversius
1386 1503 1640 1544 intelligendum,
1663 1505 1832 1546 aliquoties
1859 1507 1867 1516 ³

1101 1553 1305 1593 repetendum
1320 1554 1474 1595 linquere:
1500 1565 1596 1594 quam
1611 1555 1765 1586 scribendi
1781 1567 1830 1587 ra-

1101 1607 1219 1636 tionem
1242 1606 1344 1636 sciolis
1365 1612 1397 1636 et
1424 1606 1558 1637 indoctis
1586 1607 1690 1638 fraudi
1718 1607 1829 1647 fuisse,

1101 1658 1185 1689 unde
1201 1664 1246 1688 est
1260 1658 1344 1698 quod
1359 1658 1571 1690 admiremur?
1589 1659 1641 1689 De
1652 1660 1711 1690 hac
1723 1666 1829 1691 autem

1102 1710 1254 1740 sermonis
1274 1709 1424 1747 formula,
1449 1710 1492 1740 ita
1514 1720 1553 1740 ex
1569 1710 1708 1749 proi‘esso
1722 1711 1829 1751 dispu-

1103 1761 1238 1791 tavimus
1252 1761 1285 1790 in
1301 1761 1384 1790 hisce
1396 1761 1489 1799 notis,
1505 1761 1545 1792 ad
1559 1762 1578 1792 i.
1600 1765 1693 1793 1085.
1716 1769 1752 1794 ut
1761 1763 1831 1804 jam

1104 1823 1189 1843 nunc
1218 1813 1309 1843 otiari
1343 1813 1448 1844 liceat:
1488 1813 1564 1844 illuc
1602 1814 1700 1855 igitur
1735 1814 1832 1846 lector

1103 1865 1320 1896 amandandus
1341 1872 1396 1896 est.
1449 1865 1538 1896 Hinc
1559 1876 1612 1897 me
1641 1867 1835 1906 persuasissi-

1103 1927 1193 1947 mum
1214 1918 1323 1954 habeo,
1347 1917 1465 1956 locum,
1494 1919 1553 1948 hoc
1575 1925 1666 1958 pacto
1680 1919 1830 1950 coustitu-

1103 1975 1184 2006 tum,
1200 1968 1339 1998 Lucretii
1355 1975 1495 1999 mentem
1517 1970 1723 2000 sincerissime
1745 1971 1832 2001 exhi-

1103 2020 1188 2057 bere,
1204 2019 1345 2049 numeris
1356 2020 1504 2050 omnibus
1517 2020 1707 2051 absolutam:

1135 2088 1194 2111 Non
1205 2090 1261 2111 tam
1273 2094 1301 2112 se
1312 2087 1429 2112 moriens
1440 2086 1546 2111 dissolvi
1559 2091 1781 2119 conquereretur,

1135 2126 1185 2151 Sed
1196 2126 1282 2158 magis
1293 2126 1330 2151 ire
1348 2125 1429 2156 foras,
1449 2130 1607 2158 vestemque
1625 2127 1786 2159 relinquere,
1802 2132 1834 2153 ut

1227 2167 1333 2198 anguis:

1104 2222 1122 2252 i.
1139 2231 1165 2251 e.
1188 2225 1210 2239 “
1226 2232 1289 2252 non
1313 2229 1565 2263 conquereretur,
1591 2222 1646 2254 sed
1672 2222 1834 2263 gauderet,

1104 2276 1127 2291 “
1144 2279 1261 2304 vestem
1290 2273 1503 2315 relinquere:”
1527 2285 1598 2315 quae
1624 2285 1689 2305 non
1714 2274 1835 2306 indocti

1104 2325 1268 2366 cujusdam
1285 2325 1388 2366 glossa
1402 2332 1585 2357 contextum
1599 2336 1743 2366 processu
1755 2332 1834 2357 tem-

1105 2378 1188 2417 poris
1203 2378 1322 2408 invasit.
1368 2380 1472 2409 Aures
1486 2379 1614 2418 insuper
1626 2385 1739 2409 nostsae
1754 2377 1836 2409 nihil

1104 2430 1240 2469 amplius
1255 2430 1478 2469 desiderarent,
1494 2441 1595 2472 neque
1609 2430 1755 2471 periodus
1769 2421 1843 2471 prae¹

1103 2492 1135 2511 se
1150 2491 1270 2512 mancae
1294 2482 1535 2512 constructionis
1549 2483 1685 2521 speciem
1699 2481 1834 2520 tulisset,
1863 2519 1871 2525 ι

1105 2533 1164 2564 nisi
1179 2544 1217 2563 ex
1232 2534 1379 2573 opinione
1398 2534 1616 2575 praejudicata;
1641 2533 1715 2575 quia
1740 2533 1836 2564 inter-

1104 2583 1209 2623 polato
1238 2585 1338 2615 versui
1369 2585 1491 2616 dudum
1520 2585 1637 2616 scilicet
1661 2584 1832 2616 insueveri-

1104 2645 1186 2666 mus,

1105 2686 1212 2722 Porro,
1241 2686 1280 2716 de
1303 2688 1361 2717 hoc
1385 2697 1548 2718 cervorum
1573 2697 1672 2725 more,
1697 2685 1835 2726 Plinius,
1872 2683 1878 2689 ’

1104 2744 1166 2768 nat.
1182 2738 1252 2768 hist.
1269 2739 1332 2769 viii.
1348 2742 1399 2770 50.
1421 2745 1453 2769 ct
1478 2739 1662 2778 interpretes
1676 2738 1744 2779 ejus
1759 2748 1835 2769 eon-

1105 2790 1228 2820 sulendi
1243 2797 1325 2820 sunt.
1372 2791 1515 2821 Incertus
1536 2796 1646 2821 auctor
1666 2790 1700 2821 in
1717 2791 1835 2821 Μᾶτε-

1106 2841 1186 2872 natis
1199 2841 1333 2879 obitum,
1358 2841 1411 2872 lib.
1429 2841 1461 2872 ii.
1485 2841 1566 2882 epig.
1593 2844 1662 2873 119.
1685 2850 1746 2872 ver.
1765 2843 1835 2872 115.

1105 2892 1190 2932 apud
1200 2892 1332 2925 Anthol.
1347 2892 1417 2923 Lat.
1436 2892 1613 2924 Burmanni
1619 2905 1636 2934 ὃ
