1912 3292
494 254 728 305 LIBER
776 249 1160 309 QUARTUS.
1477 250 1569 293 309

103 399 186 436 610
218 394 338 448 Saepe
359 389 457 432 solet
477 385 649 427 scintilla
669 398 762 424 suos
783 397 825 422 se
844 393 1036 435 spargere
1055 379 1099 418 in
1119 379 1265 436 igneis:

218 468 334 524 Ergo
346 462 560 518 ‘replentur
577 459 669 498 loca
686 455 870 505 vocibus,
899 453 1039 494 abdita
1058 461 1169 493 retro

218 539 372 583 Omnia
391 549 483 591 quae
504 533 657 574 circum
678 529 859 578 fuerunt,
891 526 1108 580 sonituque
1128 525 1300 565 cientur.

218 614 278 656 At
296 609 510 652 simulacra
528 607 603 648 viis
622 605 674 646 de
693 603 814 645 rectis
834 601 975 643 omnia
995 599 1186 648 tendunt,

218 686 281 728 Ut
301 691 396 726 sunt
414 684 536 724 missa
556 679 691 722 semel:
724 683 974 734 quapropter
995 687 1162 715 cernere
1181 686 1304 712 nemo

104 766 185 804 615
219 761 358 815 Saepta
378 772 500 813 supra
519 756 626 812 potis
647 762 722 806 est,
744 761 787 794 at
807 765 924 793 voces
945 749 1136 803 adcipere
1156 754 1287 787 extra.

424 913 520 938 extrita
530 913 603 945 quasi
613 912 680 945 ignis

138 959 216 989 Saepe
225 956 292 981 solet
302 954 487 980 scintilla—.

77 1031 150 1070 Ipse
165 1029 341 1064 Lucretius,
368 1038 395 1058 v.
412 1030 504 1058 1097.

231 1118 294 1126 --
303 1105 396 1129 validis
406 1103 516 1128 extritus
527 1102 625 1127 viribus
636 1101 710 1134 ignis.

79 1173 189 1210 Porro,
205 1181 305 1212 quum
313 1171 443 1200 verbum
457 1170 604 1200 Dissiluit
621 1167 806 1198 translatum

78 1223 220 1254 videatur
236 1233 255 1253 a
269 1221 414 1252 scintillis
429 1220 566 1260 undique
581 1230 613 1249 se
629 1219 806 1258 dispergen-

79 1275 173 1310 tibus,
195 1273 340 1304 animum
363 1282 472 1303 meum
500 1270 604 1306 subiit,
638 1270 807 1300 Maronem

81 1335 147 1356 esse
162 1324 202 1354 ad
215 1325 296 1354 hanc
311 1333 454 1353 normam
476 1320 643 1352 locutionis
658 1319 806 1350 constitu-

80 1375 211 1414 endum,
235 1375 310 1405 AEn.
326 1374 378 1404 xii.
396 1377 464 1404 102.

113 1463 170 1489 Hiis
180 1463 270 1495 agitur
281 1462 380 1492 Furiis5
396 1464 510 1492 totoque
520 1459 633 1484 ardentis
643 1460 676 1483 ab
686 1465 732 1484 ore

113 1503 241 1529 Scintillae
253 1502 375 1527 ainliunt
384 1511 393 1528 .·
412 1501 495 1526 oculis
506 1501 590 1526 micat
600 1499 704 1525 acribus
714 1498 791 1531 ignis:

82 1580 138 1611 ubi
162 1579 258 1620 vulgo
278 1579 404 1620 legitur,
426 1580 592 1609 absistunt:
618 1587 712 1617 quam
735 1585 809 1606 con-

77 1631 235 1673 jecturam
249 1641 323 1661 sane
337 1629 538 1670 postmodum
557 1628 698 1659 intellexi
713 1627 812 1657 tribus

84 1681 313 1723 exemplaribus
326 1692 425 1712 manu
437 1681 558 1720 scriptis
569 1690 634 1710 esse
645 1678 811 1709 confirma-

82 1739 158 1765 tam.
205 1734 255 1764 Sic
270 1733 309 1764 de
330 1735 471 1773 lampade
492 1731 672 1772 AEschylus‚
697 1731 812 1770 Agam.

83 1789 156 1818 305.

161 1856 432 1883 ’ΥΠΕΡΘΟΡΟΥΣΑ
443 1855 520 1881 ετεδιω
532 1856 721 1880 Ασωετε--ι

86 1924 118 1950 et
132 1918 186 1948 alii
201 1927 275 1948 sane
290 1916 453 1956 permultis
467 1916 544 1946 locis
558 1915 699 1945 similiter
713 1913 811 1944 locuti

86 1976 171 2008 sunt,
195 1970 272 2000 adeo
294 1976 330 2000 ut
345 1968 495 2008 exemplis
514 1967 713 1998 cumulandis
734 1977 811 2006 prae-

87 2027 146 2052 stet
160 2020 369 2060 supersedere,
392 2031 428 2050 ac
449 2030 515 2049 rem
531 2018 708 2058 permittere
726 2017 812 2058 judi-

88 2073 137 2104 cio
159 2073 313 2103 lectorum
334 2071 571 2102 decernendam.
596 2069 678 2100 Vide
697 2079 754 2099 nos
776 2068 816 2099 ad

89 2123 130 2155 vi.
148 2127 218 2155 162.

133 2175 208 2206 Ver.
224 2179 296 2207 611.
319 2176 440 2206 abdita:
466 2175 506 2205 B.
522 2180 566 2204 Ω.
582 2175 701 2204 addita.

133 2227 215 2258 Ibid.
237 2229 392 2267 replentur
407 2229 472 2258 loca
488 2227 616 2257 vocibus.
641 2225 692 2255 Ita
708 2223 815 2265 Virgi-

87 2279 160 2316 lius,
185 2280 260 2310 AEn.
275 2279 316 2309 xi.
331 2283 406 2309 580.

318 2363 364 2388 sed
376 2368 430 2387 non
441 2362 558 2394 replenda
569 2364 609 2387 est
620 2361 692 2386 curia
703 2360 802 2391 verbis,

123 2402 193 2432 Quae
205 2404 267 2426 tuto
277 2402 327 2426 tibi
336 2409 436 2433 magna
445 2402 540 2426 volant
549 2410 622 2426 :—

91 2472 127 2497 ut
143 2466 237 2497 modo
251 2472 365 2504 noster,
388 2477 448 2497 ver.
465 2470 537 2498 565.
556 2478 608 2498 vose
622 2468 797 2498 transvolat.

137 2518 212 2548 Ver.
228 2521 300 2549 612.
312 2518 464 2559 fuerunt:
492 2518 538 2548 M.
565 2522 599 2549 Σ.
615 2517 758 2559 fuerint;
784 2522 820 2546 ut

94 2579 278 2601 communes
292 2569 378 2607 editi,
402 2570 478 2600 citra
492 2569 717 2599 necessitatem.

137 2621 209 2651 Ver.
225 2625 298 2652 613.
322 2624 379 2652 viis
405 2623 442 2651 de
466 2623 572 2652 rectis:
598 2621 618 2651 i.
645 2631 671 2651 e.
693 2622 734 2651 acl
757 2620 820 2650 vias

96 2678 208 2710 rectas,
245 2675 411 2703 secundum
440 2672 505 2702 vias
541 2678 651 2702 rectas:
693 2672 819 2712 optime.

97 2723 151 2754 Sic
165 2729 271 2754 autem
295 2724 495 2755 dividendam
510 2734 619 2754 vocem
634 2723 822 2754 existimavi-

95 2785 178 2814 mus,
201 2787 271 2816 quae
287 2777 432 2807 scribitur
441 2776 579 2817 junctim
594 2778 722 2807 derectis
736 2776 770 2806 in
786 2776 821 2805 L.

96 2825 145 2856 M.
161 2833 205 2858 Ω..
220 2833 252 2857 at
264 2827 470 2868 liquidissime
479 2829 514 2858 de
527 2829 616 2858 rectis
628 2827 661 2856 in
675 2833 710 2857 Δ.
721 2826 824 2857 caeteri

95 2877 180 2916 libri,
194 2881 317 2911 directis
322 2896 332 2916 ;
357 2886 470 2919 praeter
487 2879 526 2910 O.
543 2879 598 2920 qui
613 2879 745 2919 dejectis.
775 2879 825 2908 Ita

98 2927 212 2960 dicitur
226 2932 262 2962 de
267 2931 379 2972 facili,
405 2935 443 2964 de
462 2934 571 2973 plano,
596 2934 632 2963 de
647 2937 824 2967 transverso,

848 915 879 939 et
909 912 1037 938 centum
1067 902 1251 936 consimilia.
1301 901 1408 938 Quam
1437 911 1574 940 pronum

848 971 919 991 vero
935 959 1040 989 scribis
1062 956 1164 987 sciolis
1185 959 1265 985 esset
1279 953 1319 984 de
1338 964 1396 984 suo
1413 953 1576 983 rescribere

848 1011 1040 1042 tritissimam
1061 1018 1171 1039 vocem
1195 1008 1328 1041 directis,
1351 1005 1451 1046 quivis
1475 1004 1576 1035 sentit.

847 1065 891 1095 Et
906 1064 986 1093 forte
1001 1073 1042 1092 an
1060 1060 1239 1101 exquisitior
1260 1060 1327 1088 haec
1348 1057 1498 1098 loquendi
1513 1057 1577 1087 for-

848 1115 936 1146 mula
958 1115 1127 1145 Lucanum
1152 1111 1324 1150 corruperit
1347 1109 1388 1140 ad
1411 1110 1519 1140 Phars.
1534 1107 1577 1137 iii.

853 1170 924 1198 207.

896 1243 956 1275 Qua
967 1242 1038 1267 celer
1048 1249 1061 1265 e
1071 1241 1143 1265 rectis
1153 1239 1316 1265 descendens
1331 1240 1435 1270 Marsya
1446 1238 1508 1269 ripis

896 1285 1038 1308 Errantem
1048 1281 1208 1305 Maeandron
1219 1280 1289 1304 adit:

851 1350 872 1379 i.
882 1359 908 1380 e.
925 1350 1092 1380 secundum
1103 1346 1185 1385 ripas
1196 1350 1301 1375 rectas·
1324 1344 1519 1384 Evulgamm
1529 1350 1581 1379 est,

852 1407 880 1432 et
894 1402 984 1432 rectis
989 1416 1000 1436 ;
1027 1400 1078 1429 vix
1093 1398 1245 1429 concinne
1260 1396 1346 1427 satis:
1373 1402 1404 1426 et
1418 1396 1489 1426 libri
1511 1396 1580 1436 qui-

852 1452 925 1483 dem
938 1453 1060 1492 ereptis,
1083 1456 1177 1491 atque
1187 1451 1304 1480 erectis.
1346 1448 1494 1478 Lectores
1507 1457 1581 1478 cen-

854 1503 1166 1537 seant—Caeterum,
1191 1501 1239 1531 M.
1254 1501 1390 1531 tendant.

895 1554 971 1584 Ver.
1000 1556 1072 1585 615.
1104 1555 1216 1592 Saepta.
1256 1551 1374 1591 Vulgo,
1406 1553 1441 1581 Se
1447 1565 1458 1586 ;
1484 1556 1517 1580 et
1538 1550 1583 1580 ita.

854 1617 928 1636 sane
944 1606 981 1636 P.
997 1611 1028 1636 et
1042 1604 1139 1635 Vind.
1167 1603 1221 1634 sed
1242 1603 1276 1633 in
1299 1605 1358 1633 hoc
1380 1602 1488 1633 codice
1510 1601 1582 1632 dili-

856 1657 996 1699 gentiam
1020 1656 1176 1687 collatoris
1198 1655 1306 1685 multis
1328 1654 1367 1685 de
1387 1654 1503 1685 caussis
1518 1664 1589 1684 sus-

856 1717 978 1750 pectam
993 1711 1101 1740 habeo.
1135 1709 1187 1747 Id,
1210 1708 1294 1749 quod
1309 1708 1456 1743 dederim,
1471 1717 1583 1748 quam-

857 1763 904 1792 vis
917 1772 955 1792 ex
971 1760 1150 1801 conjectura
1164 1760 1212 1796 sit,
1234 1760 1342 1790 nullus
1362 1759 1482 1795 dubito,
1506 1758 1583 1798 quin

853 1824 873 1844 a
886 1814 985 1853 po'e'tae
1006 1823 1104 1843 manu
1120 1812 1254 1849 venerit;
1278 1822 1352 1841 nam
1374 1810 1495 1850 reliqua
1515 1820 1585 1839 om-

854 1866 908 1896 nia
923 1864 1113 1904 exemplaria
1128 1874 1246 1905 magno
1258 1873 1332 1893 cum
1343 1873 1496 1893 consensu
1509 1861 1585 1892 dant

856 1920 952 1957 Saepe,
975 1926 1083 1946 vocem
1109 1925 1202 1954 scopo
1225 1914 1286 1944 loci
1301 1924 1365 1944 non
1388 1912 1489 1953 magis
1510 1922 1584 1942 con-

857 1976 1047 2004 sentaneam,
1070 1978 1166 2008 quam
1194 1966 1332 2007 vulgata:
1367 1965 1508 1996 conferas
1532 1974 1585 1994 ve-

857 2021 913 2050 lim
944 2030 1019 2049 verr.
1047 2022 1118 2049 602.
1150 2022 1221 2049 616.
1256 2020 1325 2048 705.
1352 2016 1482 2056 hujusce
1504 2015 1586 2054 libri,

859 2081 933 2101 cum
947 2070 966 2100 i.
982 2072 1056 2101 355.
1082 2072 1155 2101 490.
1172 2069 1211 2098 vi.
1230 2071 1300 2098 227.
1324 2070 1396 2098 859.
1412 2073 1443 2097 et
1457 2066 1588 2106 pedibus

859 2121 930 2160 ibis,
953 2120 1014 2151 nisi
1029 2120 1130 2156 fallor,
1156 2119 1190 2149 in
1205 2129 1309 2149 meam
1323 2117 1587 2148 emendationem.

859 2185 996 2213 —supra
1005 2187 1014 2203 :
1036 2178 1077 2203 n.
1093 2178 1284 2212 sapen—at.-
1304 2171 1344 2201 V.
1361 2170 1408 2201 ed.
1425 2171 1462 2201 B.
1477 2176 1520 2201 Ω.
1537 2181 1586 2200 ac.

858 2227 1060 2265 —udcipere:
1089 2229 1123 2254 A.
1145 2226 1288 2264 eoeczPere.

905 2278 982 2307 Ver.
999 2280 1071 2307 616.
1094 2277 1191 2314 clusa,
1218 2275 1266 2305 vel
1282 2277 1384 2305 clausa
1395 2288 1405 2305 :
1438 2274 1472 2304 P.
1489 2275 1588 2304 claus-

860 2338 926 2366 tra,·
959 2334 1000 2358 Π.
1025 2329 1316 2358 onum—viarum.-
1350 2331 1384 2356 Σ.
1409 2336 1466 2365 per
1489 2326 1586 2359 aedes;

862 2383 948 2413 abest
962 2379 1061 2409 Vind.
1079 2379 1119 2409 V.
1143 2378 1190 2409 ed.
1215 2385 1249 2409 A.
1275 2385 1315 2408 Π.
1331 2376 1533 2412 vocabulum
1559 2381 1590 2406 et

863 2441 972 2463 versus
985 2431 1107 2471 integer
1121 2431 1180 2460 hoc
1196 2429 1306 2460 ordine
1323 2429 1501 2468 perturbato
1515 2427 1588 2458 scri-

862 2486 945 2515 bitur
966 2483 999 2513 in
1016 2490 1053 2515 A.

894 2559 927 2582 Et
937 2561 1029 2583 tamen
1039 2558 1095 2590 ipsa
1107 2565 1215 2590 quoque
1225 2558 1287 2582 dum
1297 2558 1348 2581 haec
1359 2556 1445 2581 clausa
1456 2555 1558 2580 transit.

906 2621 980 2652 Ver.
996 2625 1069 2653 617.
1106 2623 1165 2653 Vos:
1182 2623 1372 2652 obtunditur.
1410 2619 1530 2657 Cicero,
1553 2618 1593 2650 de

864 2679 941 2703 orat.
959 2674 991 2704 ii.
1009 2677 1050 2705 7O
1089 2678 1111 2692 “
1127 2692 1170 2698 —
1185 2684 1258 2703 cum
1284 2684 1379 2704 vocem
1404 2672 1438 2701 in
1462 2671 1595 2702 dicendo

867 2728 888 2743 “
904 2726 1076 2762 obtudisset‚
1099 2725 1249 2754 suadebat
1277 2723 1428 2760 Granius,
1450 2729 1486 2752 ut
1511 2721 1595 2752 mul-

867 2779 889 2794 “
906 2786 976 2806 sum
988 2775 1139 2816 frigidum
1150 2775 1426 2806 biberet.”—-V1de
1441 2774 1483 2804 sis
1498 2774 1594 2804 Pear-

867 2827 953 2858 cium
968 2828 1094 2858 ibidem.

912 2879 993 2909 Ibid.
1018 2881 1075 2909 Voz·
1090 2881 1194 2910 aureis
1209 2879 1334 2920 confusa
1345 2883 1499 2918 penetrat.
1520 2875 1596 2906 Ele-

868 2931 1050 2972 gantissime
1067 2932 1273 2968 Mantuanus,
1301 2931 1376 2961 AEn.
1394 2928 1447 2960 xii.
1462 2931 1537 2960 618.
