1912 3292
308 228 403 270 :394

805 221 865 270 T.
924 221 1307 272 LUCRETII

449 353 509 394 At
526 353 693 410 gemina
711 360 754 395 et
772 368 1012 405 mammosa,
1037 355 1162 397 Ceres
1183 362 1243 397 est
1262 355 1352 411 ipsa
1371 356 1422 398 ab
1445 355 1612 400 Iaccho:

453 427 624 478 Simula‚
654 438 776 473 Σιληιη
796 444 843 471 ac
863 439 1007 484 Σατυςοι
1028 438 1102 472 est:
1133 429 1309 481 labrosa,
1332 443 1480 484 φιλημω.

425 586 573 616 ΝΗΠΙΟΣ,
587 586 612 614 ὃς
625 597 662 615 τις
678 597 723 613 των
737 597 838 621 οικτρως

423 633 565 666 Οιχομενων
577 642 660 664 γυιων
673 633 830 661 maletot-rou:

308 706 327 737 i.
343 716 369 736 e.
393 709 416 724 “
432 707 581 747 infantem
605 707 682 747 agit,
705 706 818 737 natura
839 707 1036 746 obliviosum,

308 759 331 775 ‘⁶
346 767 404 787 nec
419 757 632 796 providentem
653 757 847 796 futurorum,
872 764 965 799 atque
979 758 1036 788 eti-

307 811 329 826 “
345 818 397 838 am
412 808 612 847 praesentium
624 808 878 850 negligentem;'‘
901 809 941 841 ad
955 810 1035 842 illud

308 859 532 899 Euripideum,
549 860 636 891 Med.
652 864 702 891 48.

498 946 538 963 νεα
552 947 604 973 γαρ
617 945 709 973 φροντίς
723 948 758 964 εκ
772 943 860 970 alym
871 943 939 972 φιλει.

311 1011 482 1050 Caeterum,
499 1011 584 1043 idem
599 1012 653 1043 ille
668 1013 854 1044 Venusinus
867 1014 974 1045 locum
989 1015 1038 1046 in-

308 1068 435 1104 tegrum
450 1064 588 1096 Lucretii
604 1065 745 1097 imitatus
760 1073 820 1104 est3
845 1067 956 1098 eodem
970 1078 1039 1099 mo-

309 1114 350 1145 do
375 1114 414 1145 de
439 1115 522 1146 vitiis
544 1117 680 1156 corporis
709 1119 946 1149 extenuandum
975 1130 1041 1150 esse

309 1168 514 1206 submonens,
538 1179 601 1210 quo
616 1175 720 1200 noster
734 1170 773 1201 de
789 1170 910 1212 ingenii
927 1177 959 1202 et
972 1172 1039 1202 ani-

310 1217 357 1248 mi
371 1217 551 1256 defectibus,
567 1226 622 1252 sat.
639 1221 659 1251 i.
674 1224 706 1251 5.
721 1225 857 1254 45-55.
881 1223 957 1260 Nos,
971 1225 1041 1254 bre-

308 1269 398 1301 vitati
421 1272 627 1309 consulentes,
655 1278 687 1303 et
709 1273 832 1304 lectoris
847 1274 976 1306 taedium
991 1286 1040 1306 re-

308 1321 410 1361 veriti,
434 1323 710 1356 adscribendorum
734 1336 884 1358 versuum
904 1327 1038 1358 abstine-

310 1383 392 1404 mus.

352 1426 428 1457 Ver.
447 1429 540 1459 1158.
575 1429 761 1469 Λαμπαδισνῐ
796 1430 894 1462 Vind-
919 1432 963 1462 V.
990 1432 1038 1463 ed.

314 1476 353 1507 Ο.
367 1478 547 1518 lampadum
553 1495 564 1516 ;
590 1484 625 1511 Σ.
640 1482 912 1525 lampadam—fit:
938 1483 976 1513 P.
990 1486 1039 1515 sit.

354 1527 435 1559 Ibid.
447 1530 614 1571 flagrans:
639 1531 659 1561 i.
678 1542 704 1562 e.
728 1535 750 1550 ‘⁴
766 1533 896 1573 ingenio
911 1534 1039 1570 fervido,

311 1580 334 1596 “
351 1584 383 1608 et
397 1580 595 1618 vehemente3
619 1582 704 1622 quod
725 1583 866 1614 accendit
889 1585 1040 1624 perpetua

312 1632 335 1648 “
350 1630 534 1670 garrulitate
548 1631 722 1672 linguam.''
770 1635 819 1664 Sic
834 1635 888 1671 ira,
901 1635 1041 1671 libidine,

312 1685 343 1710 et
353 1680 515 1717 similibus,
528 1682 672 1713 homines
672 1685 818 1724 flagrare
828 1685 1039 1724 perhibentur.

310 1731 505 1762 Ammianus
531 1732 747 1770 Marcellinus,
774 1736 856 1766 xxvi.
877 1740 905 1767 2.
930 1740 952 1756 “
970 1740 1040 1779 fla-

311 1788 335 1804 “
348 1787 558 1825 grantz'ssimzsss
572 1789 692 1819 vocibus
707 1789 936 1828 postulabant.”
974 1794 1040 1824 Fa-

310 1841 380 1870 cula
397 1846 513 1876 autem,
539 1841 588 1871 vel
613 1842 793 1882 λαμπαδιον,
819 1850 866 1874 est
883 1845 966 1886 ignis
986 1846 1040 1886 ju-

311 1891 444 1929 cundus,
459 1899 491 1923 et
505 1903 613 1924 carens
627 1894 773 1933 periculo.
818 1896 927 1933 Porro,
944 1899 1041 1929 Lam-

306 1946 426 1984 padion
442 1955 559 1976 nomen
582 1951 628 1976 est
648 1946 789 1978 mulieris
810 1948 844 1978 in
865 1948 1043 1990 fragmento

314 1995 474 2032 Varronis,
505 1997 589 2036 apud
616 1997 772 2035 Nonium,
796 1998 828 2029 ii.
854 2004 926 2031 906.
959 2001 1044 2041 quod

314 2045 555 2086 Havercampus
578 2047 673 2078 etiam
699 2048 860 2080 indicavit:
888 2056 920 2080 et
945 2053 1042 2082 Lam-

307 2099 405 2137 padio
428 2098 518 2136 servi,
545 2099 579 2128 in
595 2099 704 2129 Plauti
723 2100 911 2139 Cistellaria;
934 2102 1044 2142 primi-

313 2154 365 2180 tus
393 2159 431 2180 ex
463 2150 567 2181 officio
595 2151 723 2182 fortasse
751 2152 938 2184 derivatum:
974 2155 1044 2186 vide

313 2199 414 2231 Hom.
432 2201 493 2233 Od.
508 2208 544 2232 A.
560 2205 632 2233 428.
655 2209 685 2233 et
701 2209 853 2240 nostrum,
870 2205 909 2235 ad
924 2205 954 2236 ii.
972 2210 1021 2237 24.

356 2251 438 2282 Ibid.
464 2254 586 2284 odiosa.-
612 2254 652 2284 ob
679 2254 811 2285 nimiam
838 2256 954 2287 scilicet
965 2269 1041 2298 gar-

313 2303 479 2334 rulitatem.
520 2303 664 2343 Plautus,
681 2305 793 2336 Bacch.
810 2306 829 2336 i.
846 2311 874 2338 2.
892 2311 944 2338 28.

662 2377 769 2403 Odiosus
779 2379 847 2404 mihi
857 2387 884 2406 es
895 2387 901 2405 ε

375 2417 453 2445 Tam
473 2420 556 2449 atque
567 2424 687 2449 sequere,
702 2419 788 2451 Lyde,
800 2427 915 2446 me—.

355 2490 430 2522 Ver.
450 2495 541 2524 1159.
566 2499 667 2534 Ῑσχνον
697 2507 847 2534 ερωμενωνι
877 2496 912 2527 Ρ.
939 2503 1040 2538 Ῑσχνας

317 2555 475 2583 ερωμανιον;
503 2543 542 2574 V.
559 2544 606 2576 ed.
624 2547 769 2578 Isclimon
785 2550 957 2580 eromenion
965 2564 976 2585 ;
1003 2550 1041 2582 B.

315 2595 459 2625 Isclimon
483 2598 671 2634 eromenion;
697 2602 732 2628 Δ.
758 2599 851 2640 Ischy
867 2611 1041 2633 nonerome-

315 2648 407 2684 πίω,-
444 2653 489 2679 Ω.
519 2650 948 2684 Isclinoncromenion.—tum
973 2656 1037 2695 fit:

317 2697 354 2727 P.
374 2704 438 2729 tum
460 2702 517 2736 εἰη
543 2707 588 2732 Ω..
614 2713 683 2732 cum
705 2704 760 2744 fit.
806 2703 910 2735 Voces
940 2711 1040 2746 Ῑινχνον

317 2760 454 2790 epulatum
468 2757 534 2781 lum
544 2754 590 2792 fit
606 2754 720 2784 absunt
735 2759 770 2786 Σ.

372 2799 452 2830 Ibid.
491 2807 592 2842 Ιαχνον
617 2817 768 2846 spumeum:
804 2805 826 2837 ῐ.
854 2817 880 2838 e.
913 2809 1042 2849 gracilis

314 2852 459 2888 amicula,
487 2853 534 2882 uti
563 2853 737 2886 Lambinus
764 2857 916 2889 accuratis
944 2860 1044 2890 verbis

315 2900 535 2942 interpretatus
550 2910 603 2936 est.
641 2906 683 2937 In
697 2907 922 2949 epigrammate
937 2920 1043 2951 comp-

1080 584 1200 614 tissime
1222 594 1330 615 vocem
1351 585 1494 618 adhibuit
1516 586 1714 627 Antiphanes
1731 587 1806 619 Ma-

1080 635 1169 667 cedo:

1081 711 1160 738 Κοῦτε
1170 721 1235 742 mm,
1248 711 1289 738 π’
1301 714 1370 743 mox
1382 724 1418 741 tm
1431 723 1562 751 κροτσιφοας
1578 717 1718 747 andricas,

1119 761 1156 785 Ου
1168 769 1253 796 pepon,
1276 770 1291 786 υ
1305 765 1429 797 γλιφυρον
1443 771 1503 793 γνυς
1515 761 1570 788 τοτ’
1591 764 1804 795 Eram-:mom

1082 807 1238 843 Τεθνηξγρ.

1079 873 1142 904 Sed
1170 875 1260 906 aliter
1280 875 1315 906 in
1333 875 1416 906 Stob.
1432 875 1488 906 ecl.
1503 885 1582 907 mor.
1605 887 1634 908 x.
1656 876 1807 917 scriptum

1077 925 1216 957 offendo:

1121 1005 1157 1029 Ου
1169 1013 1254 1039 μυρον,
1270 1014 1286 1030 υ
1297 1008 1422 1039 γλαφυρὸν
1436 1013 1496 1034 yves
1510 1014 1534 1029 τι
1547 1008 1731 1038 [amcam-m:

1083 1089 1218 1119 quarum
1245 1079 1300 1110 illa
1322 1078 1414 1109 lectio
1428 1078 1518 1110 nobis
1532 1079 1711 1120 exquisitior
1725 1078 1810 1110 vide.

1083 1135 1146 1169 tur,
1171 1136 1202 1161 et
1226 1130 1400 1170 speciosior.
1444 1130 1488 1161 Et
1512 1136 1652 1161 mentem
1674 1129 1814 1161 Lucretii

1083 1192 1189 1213 versus
1219 1182 1419 1219 Maximiani,
1450 1182 1527 1224 eleg.
1557 1183 1577 1214 i.
1599 1185 1649 1214 85.
1672 1182 1814 1223 proxime

1085 1235 1223 1277 attingit:

1085 1309 1248 1340 Quaerebam
1255 1309 1387 1342 gracilem,
1397 1309 1443 1335 sed
1451 1316 1502 1334 non
1510 1315 1572 1341 quae
1582 1316 1669 1336 macra
1678 1309 1813 1337 ἰώδεα-

1084 1380 1207 1411 Redeas
1233 1381 1328 1411 etiam
1350 1391 1458 1412 versus
1486 1381 1696 1420 Nasonimos,
1718 1381 1816 1413 modo

1081 1431 1122 1462 ad
1147 1442 1208 1462 ver.
1228 1435 1319 1464 1156.
1345 1432 1509 1463 adhibitos.
1555 1432 1628 1463 Hoc
1656 1439 1811 1472 tempera-

1082 1489 1227 1514 mentum
1249 1484 1385 1524 corporis
1401 1484 1551 1524 Apuleio,
1577 1489 1651 1515 met.
1666 1484 1698 1515 ii.
1713 1495 1742 1524 p.
1758 1488 1812 1515 88.

1082 1536 1239 1566 suculento
1253 1536 1415 1574 gracilitas
1438 1540 1578 1572 vocatur3
1602 1544 1640 1565 ex
1660 1545 1723 1575 quo
1745 1535 1815 1566 loco

1083 1591 1189 1624 postea
1204 1585 1266 1615 vidi
1284 1585 1512 1615 Aristaenetum
1527 1585 1684 1615 verissime
1698 1587 1815 1617 Abres-

1083 1636 1154 1666 chio
1166 1635 1379 1672 emendatum,
1394 1635 1434 1666 ad
1449 1646 1478 1675 p.
1493 1639 1562 1668 115.
1574 1635 1721 1668 editionis
1735 1647 1817 1669 suae:

1083 1686 1284 1727 —tvzessvptyn
1312 1701 1370 1728 γαρ
1394 1699 1635 1729 tvffpnwffovoe‘fn
1660 1700 1744 1720 imru·
1768 1701 1816 1719 Ex-

1085 1737 1156 1769 Buca
1171 1737 1209 1774 δε,
1226 1738 1280 1772 ὅλη
1296 1750 1438 1780 πρσςωπον
1454 1745 1594 1778 φαινεται·
1617 1751 1666 1770 sert
1682 1741 1816 1778 καταξη·

1083 1803 1136 1831 ρος,
1167 1801 1217 1820 85⁵
1255 1802 1454 1831 κατασαρκος,
1493 1790 1567 1820 αλλ’
1599 1791 1659 1824 υἷας
1691 1798 1817 1831 λεγομεν

1086 1841 1163 1880 {uam
1192 1853 1247 1874 ms
1279 1845 1442 1872 ιΣΧΝΩΣ
1472 1845 1707 1873 Eric-mora:
1733 1841 1818 1883 quod

1086 1898 1133 1922 est
1142 1902 1189 1922 res
1198 1892 1360 1931 ipsissima.
1386 1891 1654 1933 Codicesffcxmf.
1681 1894 1817 1926 Gracili-

1085 1951 1133 1975 tas
1147 1944 1255 1985 igitur,
1270 1944 1320 1974 vel
1334 1957 1480 1985 ισχνστνις,
1499 1944 1641 1976 medium
1657 1950 1723 1976 erat
1736 1945 1818 1977 inter

1086 1995 1328 2026 macritudinem
1345 2002 1376 2026 et
1390 1996 1581 2027 obesitatem.
1621 1996 1816 2028 Glossarium

1086 2048 1268 2087 antiquum:
1296 2050 1318 2066 “
1337 2054 1448 2088 Ισχνσς,
1469 2047 1632 2088 gracilis.‘’
1677 2049 1745 2079 Nec
1760 2059 1815 2088 ap-

1086 2099 1206 2137 positus
1220 2108 1285 2128 non
1299 2104 1345 2128 est
1360 2099 1491 2129 Marcus
1503 2098 1720 2140 Argentarius,
1735 2099 1816 2140 epig.

1087 2150 1127 2180 xi.

1126 2229 1184 2255 Tm
1206 2227 1344 2252 IEXNHN
1373 2227 1516 2257 Διοκλειοιν,
1550 2228 1815 2254 ΑΣΛΡΚΟΤΕΡΗΝ

1280 2274 1426 2309 Αφροδιτης,

1164 2322 1262 2355 Oxiam,
1274 2327 1349 2348 σιλλα
1359 2327 1449 2352 καλοις
1462 2322 1526 2353 nem
1536 2332 1687 2358 τερπομενην.

1085 2397 1196 2428 Edidit
1225 2397 1417 2436 Brunckius,
1447 2397 1612 2441 Αφροδιτην·
1641 2408 1814 2438 perperam,

1085 2454 1121 2479 ut
1145 2449 1287 2488 arbitror,
1319 2454 1351 2480 et
1375 2449 1469 2489 prava
1494 2449 1732 2488 constructione,
1757 2461 1815 2482 nec

1085 2500 1231 2531 acumine
1246 2500 1399 2540 poematis
1412 2507 1544 2532 servato.
1569 2504 1592 2520 “
1604 2501 1732 2533 Videbis
1737 2513 1813 2542 gra·

1086 2555 1109 2570 “
1125 2553 1212 2583 cilem
1230 2551 1413 2590 Diocleam;
1436 2552 1538 2583 carnis
1551 2553 1728 2584 tenuiorem
1743 2553 1813 2594 qui-

1085 2605 1108 2620 “
1124 2602 1207 2639 dem,
1248 2613 1343 2644 quam
1372 2603 1456 2644 quod
1487 2603 1594 2635 deceat
1625 2604 1812 2635 formosissi-

1083 2656 1106 2672 “
1122 2663 1208 2685 mam
1214 2665 1223 2691 ;
1247 2653 1302 2685 sed
1319 2654 1437 2694 optime
1451 2660 1606 2686 moratam
1620 2654 1758 2686 tamenl’

1128 2704 1210 2735 Ibid.
1236 2705 1317 2741 Quae
1339 2705 1569 2746 disputavimus
1589 2705 1629 2736 de
1651 2705 1682 2735 vi
1704 2707 1813 2736 verbo-

1085 2767 1158 2787 rum
1175 2769 1273 2798 ισχνος
1296 2763 1327 2788 et
1345 2760 1484 2798 gracilis,
1506 2759 1602 2798 proba
1622 2763 1698 2788 sunt
1719 2763 1813 2798 atque

1085 2815 1242 2848 accurata3
1267 2819 1324 2840 nec
1341 2820 1409 2840 rem
1430 2819 1494 2840 non
1509 2815 1592 2840 recte
1613 2808 1716 2840 tenuit
1730 2814 1811 2840 trac·

1086 2860 1223 2902 tavitque
1251 2861 1416 2892 Gisbertus
1440 2861 1593 2900 Cuperus,
1616 2860 1650 2890 in
1665 2862 1744 2892 obss.
1759 2859 1811 2892 lib.

1086 2911 1108 2944 i.
1126 2922 1192 2953 cap.
1208 2916 1237 2945 5.
1252 2922 1347 2955 quem
1361 2912 1467 2945 lectori
1481 2911 1749 2944 commendamus.
