1912 3292
473 207 705 256 LIBER

765 203 1146 262 QUARTUS

1456 204 1548 245 365

202 341 351 384 Multei
371 340 423 381 de
441 339 601 393 magnis
620 351 694 391 per
715 349 904 376 somnum
921 333 1041 373 rebus
1061 333 1302 388 loquuntur:

198 416 440 469 Indicioque
459 411 520 451 sui
539 409 635 450 facti
655 421 838 463 persaepe
858 406 981 446 fuere.

201 488 351 530 Multei
371 491 546 526 mortem
566 482 738 523 obeunt:
771 479 926 528 mustei,
949 478 1001 518 de
1021 477 1230 518 montibus
1250 478 1340 518 altis

62 567 166 604 1015
201 562 262 613 Ut
281 559 374 616 quei
393 557 652 613 praecipitent
672 554 724 595 ad
745 562 912 602 terram,
934 565 1107 606 corpore
1127 558 1216 590 toto

201 635 501 681 Exterruntur3
533 639 574 671 et
593 643 644 670 ex
667 643 825 676 somno,
849 626 963 682 quasi
983 624 1188 665 mentibus
1210 623 1359 678 captei,

201 708 287 748 Vix
307 707 360 747 ad
380 721 422 747 se
441 704 629 753 redeunt,
651 701 851 757 permotei
872 698 1054 754 corporis
1075 705 1189 738 aestu.

261 781 436 822 Flumen
457 780 571 829 item,
592 777 744 825 sitiens,
768 782 838 816 aut
858 773 1014 814 funtem
1036 779 1207 826 propter
1227 784 1438 810 amoenum

205 854 396 904 Adsidet,
418 861 458 894 et
478 861 613 893 totum
632 865 763 906 prope
782 847 965 889 faucibus
986 846 1166 900 obcupat
1186 859 1362 885 amnem.

68 936 177 973 1020
208 930 332 972 Purei
354 942 476 984 saepe,
497 926 631 967 lacum
652 931 836 980 propter,
859 937 929 962 seu
949 920 1058 961 dolia
1078 926 1209 968 curta,

64 1089 229 1121 Nonnulla
243 1089 379 1120 diximus
401 1087 442 1118 ad
465 1086 536 1117 silv.
562 1085 638 1116 crit.
661 1089 731 1114 sect.
747 1083 786 1113 ci.

67 1143 163 1173 Sicet
179 1142 368 1180 Xenophon,
391 1149 498 1179 cyneg.
514 1139 554 1169 ix.
570 1137 623 1167 fin.
660 1139 789 1167 ‘Pin-wem

66 1194 93 1225 δε
111 1207 160 1224 και
176 1207 210 1227 εις
229 1206 278 1226 την
294 1194 467 1225 Saxona-‘rom
496 1204 525 1223 m
548 1200 789 1228 κα·τεχωνται-.

67 1244 158 1275 Hinc
173 1244 213 1274 ad
229 1243 411 1277 Arrianum,
429 1241 467 1271 de
483 1250 549 1278 exp.
567 1238 658 1269 Alex.
675 1238 719 1267 iii.
744 1241 791 1266 18.

67 1305 241 1335 pronomen
263 1304 327 1323 non
349 1298 413 1323 erat
435 1298 542 1321 contra
561 1290 657 1319 libros
678 1293 794 1318 veteres

67 1345 383 1377 inferciendumz—m‘
405 1343 431 1374 δε
455 1357 504 1373 και
529 1356 553 1372 εν
575 1355 612 1383 «τῃ
629 1349 720 1382 φυγῃ,
744 1347 793 1379 φο·

69 1400 134 1441 ἔερᾳ
151 1410 293 1438 γενομενῃ,
317 1409 400 1426 καιτοι
423 1408 478 1424 των
501 1407 624 1435 κρημνων
645 1395 794 1433 firmium-53,

70 1455 300 1479 απωλλυντο-.
349 1445 466 1485 Vulgo,
505 1445 607 1476 {av-⁷83
645 1445 794 1485 ῥιψαντες.

70 1499 215 1539 Utroque
224 1497 318 1528 modo
327 1497 487 1535 scriptores
496 1494 653 1533 purissimi
664 1494 796 1533 loquun-

71 1556 139 1581 tur:
165 1550 217 1581 adi
242 1548 450 1584 Gronovium,
473 1546 513 1576 ad
536 1546 661 1576 Arrian.
684 1545 703 1575 l.
727 1555 751 1574 c.
769 1550 799 1574 et

73 1613 135 1638 me,
153 1603 228 1632 Eur.
245 1601 360 1632 Alcest.
376 1603 448 1631 917.
472 1598 579 1633 Porro,
591 1597 714 1636 punctis
722 1595 798 1630 cavi,

74 1665 115 1685 ne
131 1655 223 1684 verba
244 1659 302 1684 toto
327 1662 447 1692 corpore
472 1650 586 1680 referas
609 1648 737 1679 forsitan
761 1647 801 1677 ad

70 1707 268 1746 praecipitent
275 1721 286 1741 ‚·
307 1703 392 1745 quod
413 1702 508 1742 vulgo
522 1701 648 1735 factum,
666 1699 738 1729 satis
752 1699 801 1728 in-

77 1757 159 1793 scite,
176 1756 273 1786 video.

121 1808 196 1839 Ver.
214 1811 305 1838 1016.
329 1807 554 1837 Extermntur:
581 1802 625 1832 sic
640 1802 681 1831 V.
700 1800 747 1830 ed.
765 1800 802 1830 B.

81 1867 126 1891 Ω.
142 1865 174 1889 et
189 1873 222 1889 -ro
237 1859 451 1889 Externumur
473 1855 506 1884 in
531 1854 570 1884 Ο.
587 1852 671 1883 idem
687 1851 799 1881 voluit:

77 1910 165 1941 haud
179 1909 274 1940 dubie
296 1908 336 1938 ad
358 1915 543 1948 germanum
566 1913 686 1933 morem
701 1908 803 1932 vetus-

79 1962 162 1999 tatis,
185 1960 247 1991 alia
269 1957 489 1999 conjugatione
511 1954 642 1986 subinde
663 1964 743 1990 usae3
766 1952 805 1982 de

80 2012 142 2054 quit
158 2012 223 2042 tot&
236 2022 269 2041 re
284 2010 419 2041 ubertim
432 2015 462 2038 et
477 2018 515 2038 ex
530 2007 665 2047 professo
681 2005 807 2035 Nonius

81 2063 254 2096 Marcellus
269 2062 333 2103 egit
348 2062 380 2091 in
396 2061 448 2091 lib.
463 2070 494 2090 x.
542 2058 691 2098 Perlegas
712 2057 807 2086 etiam

82 2127 101 2146 a
115 2126 167 2145 me
181 2120 287 2145 notata
303 2112 455 2152 superius,
479 2110 521 2140 ad
542 2110 561 2140 i.
580 2113 651 2140 104.
696 2108 807 2138 Caeteri

81 2167 161 2203 libri,
184 2167 210 2197 si
231 2165 308 2196 fides
328 2164 458 2195 oculatis
480 2163 610 2193 testibus
635 2159 810 2191 adhibenda

86 2218 137 2256 sit,
154 2219 366 2249 Exta-rentur.
391 2215 553 2246 Glossator
567 2219 667 2243 vetus:
688 2216 709 2231 ‘⁴
725 2219 808 2242 Hw-

87 2273 110 2288 “
126 2283 170 2312 ρω,
193 2275 284 2306 terro,
307 2267 435 2297 terreo.”
482 2265 637 2303 Exempla
661 2264 763 2304 plura,
786 2263 812 2293 si

89 2330 159 2361 quae
184 2325 373 2358 supererant,
403 2317 450 2346 vel
476 2326 579 2345 meam
602 2314 812 2354 investigatio-

89 2382 165 2402 nem
186 2371 314 2407 elusere,
337 2368 386 2398 vel
409 2367 542 2397 librariis
568 2366 662 2396 etiam
688 2375 813 2404 prorsus

87 2422 249 2453 obliterata
263 2425 344 2450 sunt.

134 2472 215 2503 Ibid.
231 2472 378 2501 mentibus
394 2471 500 2509 caprei.
527 2467 698 2505 Arnobius‚
714 2467 765 2496 lib.
782 2466 812 2496 ii.

88 2535 119 2564 p.
136 2526 186 2555 77.
209 2527 231 2542 “
248 2522 573 2560 hominem—captum
594 2520 733 2549 membris
748 2528 814 2548 om-

93 2579 116 2594 “
129 2573 296 2606 rubus—-.'’
343 2572 505 2612 Virgilius,
522 2581 588 2611 geo.
605 2571 624 2600 i.
645 2573 712 2600 185.

186 2666 251 2695 Aut,
267 2663 345 2688 oculis
355 2662 432 2695 capti,
447 2661 539 2687 fodere
550 2660 646 2685 cubilia
656 2660 748 2692 talpae.

96 2749 120 2764 “
139 2747 228 2785 Capti
256 2744 416 2781 dicuntur,
451 2742 505 2783 qui
539 2740 706 2781 aliquando
734 2739 818 2770 vide-

98 2800 121 2816 “
136 2796 239 2827 runt.’‘
265 2796 397 2827 Servius.
442 2794 536 2830 Quod
551 2792 734 2823 notandum.

141 2848 216 2878 Ver.
234 2851 325 2879 1017.
335 2849 498 2888 permotci:
517 2846 554 2876 P.
569 2844 609 2875 V.
620 2844 666 2874 ed.
671 2845 804 2884 promoti
808 2859 818 2880 ;

100 2904 145 2929 Ω.
163 2900 307 2938 permar-i.
345 2899 389 2930 Et
403 2899 536 2937 corporis
551 2902 637 2932 aescu,
661 2901 696 2926 ut
713 2896 822 2927 mentis

831 1086 931 1115 cestus,
954 1079 996 1109 iii.
1014 1081 1085 1109 174.
1127 1075 1186 1106 Sed
1201 1075 1250 1105 hae
1264 1074 1426 1104 varietates
1440 1082 1492 1102 me
1507 1071 1559 1102 de-

831 1131 1021 1172 pravationis
1049 1129 1220 1159 admonent
1249 1126 1439 1166 insignioris,
1467 1133 1563 1164 quam

833 1181 1021 1222 permutatio
1031 1179 1253 1219 particularum
1259 1188 1316 1216 pro
1329 1182 1360 1205 et
1366 1186 1421 1214 per
1434 1175 1466 1204 in
1481 1176 1562 1204 Am-

834 1233 979 1264 mianum
1011 1228 1234 1261 Marcellinum
1262 1225 1448 1264 importavit,
1473 1230 1566 1264 atque

835 1290 1048 1314 transcurrens
1062 1280 1180 1311 tollam.
1216 1276 1381 1308 Invenitur
1402 1281 1508 1305 autem
1531 1274 1566 1303 in

838 1346 907 1365 ΧΠ.
926 1336 945 1365 i.
969 1338 991 1353 ‘⁴
1011 1333 1072 1364 Cui
1087 1335 1342 1371 propugnaturus
1354 1328 1490 1358 Maurus
1505 1325 1567 1355 fra-

840 1392 862 1406 “
879 1385 1106 1423 ter,—obvium
1121 1392 1276 1423 quemque
1283 1387 1464 1421 perterrens,
1481 1377 1567 1407 infir-

841 1442 862 1456 “
879 1443 982 1468 matus
997 1441 1027 1466 et
1042 1435 1107 1474 ipse
1123 1435 1291 1463 humerum
1308 1430 1380 1466 telo,
1400 1431 1569 1469 pollescen-

842 1493 863 1507 “
879 1496 937 1520 lem
953 1495 1047 1519 morte
1064 1485 1240 1527 propinqua
1267 1485 1499 1514 Machamaeum
1516 1490 1571 1510 ex-

843 1547 864 1561 ‘²
881 1544 1002 1573 trahere
1023 1540 1131 1581 pugn&
1152 1540 1269 1569 viribus
1296 1536 1394 1566 valuit
1415 1533 1570 1575 magnis.”

843 1596 941 1635 Lego,
961 1600 1151 1634 proteri-ens:
1183 1601 1257 1621 nam
1283 1589 1331 1619 bis
1356 1589 1388 1617 in
1413 1588 1472 1616 hoc
1501 1585 1570 1615 loco

846 1648 1012 1677 Maronem
1028 1643 1182 1683 exprimit.
1229 1641 1299 1678 Ille,
1320 1640 1395 1669 AEn.
1412 1638 1466 1668 xii.
1481 1640 1553 1668 291.

845 1735 1021 1768 'Tyrrhenum
1034 1733 1175 1761 Aulesten,
1191 1731 1284 1755 avidus
1295 1727 1462 1754 confundere
1473 1726 1574 1755 foedus,

846 1776 964 1801 Adverso
973 1776 1095 1806 proterret
1105 1778 1246 1803 equo—.

849 1863 941 1893 Idem
963 1860 1127 1891 historicus
1149 1857 1261 1889 effidem
1283 1866 1342 1895 ope
1363 1852 1576 1894 persanandus

848 1919 941 1944 restat
963 1912 1004 1941 ad
1030 1911 1121 1940 xxvii.
1150 1911 1265 1939 lO.-—“
1282 1907 1355 1936 hinc
1384 1903 1578 1945 impatientizi

850 1968 872 1982 “
888 1963 996 1994 militis
1016 1967 1218 2002 prolerrente‚
1242 1957 1314 1988 inde
1340 1955 1495 1986 horrenda
1519 1954 1579 1984 cir-

851 2018 872 2033 “
889 2012 1145 2044 cumsonantibus
1156 2007 1427 2041 Alamannis—2⁷²
1443 2007 1463 2036 i.
1475 2017 1501 2036 e.
1518 2005 1578 2035 im-

851 2065 994 2106 pellente,
1013 2065 1220 2104 protrudente.
1275 2059 1376 2098 Libri,
1395 2063 1581 2099 perterrente

851 2123 882 2148 et
892 2122 1100 2157 praeterr-ente.

897 2168 970 2198 Ver.
990 2170 1081 2197 1018.
1098 2167 1226 2196 Flumen
1236 2177 1245 2193 .·
1266 2169 1306 2193 n.
1323 2163 1469 2192 Fulmen.
1487 2159 1580 2189 Idem

853 2220 950 2251 codex
965 2221 1084 2253 saliens,
1101 2228 1157 2256 pro
1172 2218 1292 2252 siticns,
1305 2224 1406 2244 errore
1422 2222 1485 2242 non
1500 2211 1580 2240 infe-

854 2272 922 2308 lici;
945 2270 999 2301 sed
1016 2280 1118 2300 errore
1135 2275 1240 2298 tamen
1256 2266 1394 2297 arbitror.
1417 2262 1584 2303 Virgilius,

857 2322 911 2352 ecl.
927 2332 954 2353 v.
970 2325 1021 2352 47.

1131 2421 1224 2429 .--
1234 2406 1312 2438 quale
1323 2411 1370 2436 per
1382 2407 1483 2428 aestum

887 2454 977 2478 Dulcis
988 2459 1066 2485 aquae
1078 2452 1182 2476 saliente
1192 2450 1264 2474 sitim
1275 2448 1438 2478 restinguere
1449 2445 1522 2469 rivo.

859 2535 903 2564 Et
913 2532 1042 2563 forsitan
1053 2532 1184 2572 hujusce
1196 2527 1302 2559 versus
1312 2525 1484 2557 recordatio
1493 2523 1587 2562 scrip-

859 2592 938 2615 turae
962 2582 1250 2614 dissimilitudinem
1282 2574 1588 2619 pepererit.-Vind.

862 2636 1110 2668 satiens—Mox
1127 2640 1168 2664 Π.
1183 2643 1271 2672 scepe,
1286 2631 1356 2662 loco
1366 2640 1468 2670 prope.

908 2688 989 2718 Ibid.
1013 2690 1141 2718 Flumen
1161 2692 1215 2716 aut
1224 2684 1352 2725 fantem
1363 2687 1496 2722 propter.
1539 2679 1593 2709 De

863 2741 921 2771 hac
936 2738 1075 2770 absenti&
1090 2735 1315 2778 praepositionis
1337 2735 1370 2764 in
1390 2734 1492 2773 priore
1507 2731 1592 2762 clau-

863 2791 940 2827 sula,
956 2790 1021 2821 redi
1037 2790 1077 2820 ad
1092 2790 1174 2820 dicta
1189 2798 1290 2828 nuper
1306 2787 1338 2817 in
1353 2796 1414 2816 ver.
1431 2789 1485 2817 96.

910 2842 989 2873 Ibid.
1022 2844 1155 2873 Flumen
1181 2846 1306 2880 propter
1334 2848 1497 2870 amoenum·

868 2895 1076 2934 Mantuanus,
1100 2894 1176 2924 AEn.
1190 2892 1231 2923 ix.
1247 2895 1319 2923 680.

1544 2834 1595 2864 Ita
