1912 3292
326 204 352 241 8
488 214 492 219 ·
838 189 899 240 T.
946 186 1328 241 LUCRETII

383 329 440 365 <20
471 324 760 383 Adspargunt3
792 338 926 382 neque
944 325 1038 376 nix,
1060 324 1145 366 acri
1165 329 1358 365 concreta
1374 320 1540 379 pruina,

472 399 591 442 Cana
610 399 775 451 cadens,
798 400 936 443 violat:
968 413 1129 455 semper
1149 399 1237 440 sine
1256 397 1434 439 nubibus
1454 395 1584 438 aether

472 474 655 532 Integer,
677 482 718 515 et
735 474 850 532 large
869 474 1019 517 diffuso
1038 473 1208 522 lumine,
1231 472 1341 513 ridit.

473 548 629 590 Omnia
649 549 882 605 subpeditat
900 563 1028 605 porro
1047 555 1210 597 natura,
1233 560 1367 602 neque
1386 544 1467 586 ulla

328 706 348 735 i.
377 715 403 735 e.
441 706 474 735 in
510 716 640 736 vacuum
671 708 758 744 αὲνα,
794 705 1059 737 manifestissime.

330 756 519 788 Committas
543 763 650 789 autem
676 757 771 788 velim
797 758 874 789 Stat.
892 758 991 788 Theb.
1016 757 1057 788 ix.

327 812 401 840 660.

373 859 446 890 Ver.
465 863 514 891 18.
537 863 618 892 sedes
634 863 756 901 quietae.
795 860 962 903 Virgilius,
984 861 1058 892 AEn.

329 912 348 944 i.
366 914 437 943 205.

359 978 512 1004 Tendimus
523 977 550 1002 in
561 976 682 1007 Latium,
693 976 762 1001 sedes
774 977 820 1001 ubi
829 976 886 1002 fata
895 977 993 1009 quietas

360 1018 526 1044 Ostendunt.

330 1075 420 1107 Pedo
445 1075 676 1112 Albinovanus,
707 1076 808 1107 Anth.
837 1075 907 1107 Lat.
933 1075 966 1106 ii.
991 1078 1062 1106 121.

332 1131 383 1159 22.

618 1194 704 1221 aliena
713 1194 777 1226 quid
788 1200 900 1226 aequora
910 1195 1002 1225 remis,

361 1237 396 1260 Et
407 1242 493 1260 sacras
504 1235 637 1260 violamus
648 1241 741 1267 aquas,
751 1234 904 1266 divzimque
913 1234 1010 1267 quietas

362 1275 520 1300 Turbamus
533 1274 622 1299 sedes?

331 1331 378 1363 Et
391 1331 499 1362 latebit
520 1331 696 1369 neminem,
719 1331 753 1361 in
777 1336 919 1362 veterum
946 1331 1066 1371 scriptis

333 1382 382 1413 vel
397 1382 594 1413 mediocriter
616 1382 834 1420 exercitatum,
856 1383 914 1413 hos
927 1382 1066 1412 Lucretii

334 1444 440 1464 versus
466 1432 677 1464 nobilissimos
701 1433 974 1464 adumbrationem
989 1443 1066 1472 esse,

332 1485 388 1516 sed
402 1485 580 1527 elegantem
596 1491 714 1524 tamen,
726 1485 973 1516 Homericorum
988 1496 1066 1526 quo-

334 1536 482 1574 rundam,
510 1536 703 1568 nobiliorum
729 1535 852 1568 dicam?
887 1537 921 1568 in
948 1537 1009 1568 Od.
1036 1543 1067 1568 z.

337 1592 388 1619 4¹2.

332 1662 366 1687 'H
380 1671 426 1695 μεν
440 1662 489 1698 αρ’,
502 1662 533 1691 ὦς
545 1660 633 1693 marsi,
646 1659 727 1690 022¹·an
741 1666 890 1693 γλαυκῶπις
902 1661 983 1692 Αθηνη

334 1709 503 1743 onusta-mm,
516 1709 549 1736 ὅθι
560 1717 623 1743 φασι
639 1710 705 1736 θεων
717 1709 776 1740 ἕδος,
791 1715 906 1743 accam&
919 1720 975 1740 αιει,

336 1761 466 1793 Epiacum·
486 1758 528 1785 κγ’
541 1768 652 1792 ausuum
667 1769 824 1790 τινασσετοει,
841 1769 885 1786 xrs
897 1761 952 1786 ποτ’
964 1758 1050 1795 υμὲρῳ

336 1808 453 1834 Δωεταϊ
466 1816 509 1833 ὅτε
522 1818 582 1841 χιον
593 1811 764 1833 emmanue-ou·
781 1811 856 1833 αλλοι
865 1807 933 1841 μαλ’
944 1808 1015 1842 αιθρη

337 1856 476 1881 newa-raa
491 1859 612 1887 ανεφελος,
626 1859 704 1884 λευκη
718 1853 744 1880 δ’
758 1855 907 1890 επιδεδρᾱμεν
922 1860 1009 1887 unsset..

337 1913 429 1944 Hinc
450 1920 558 1943 autem
579 1919 710 1951 rectam,
733 1913 871 1952 facilem,
894 1914 1071 1954 legitimam

337 1965 603 1996 constructionem
620 1964 776 2004 expedire,
799 1965 825 1995 si
840 1966 951 1996 doctus
966 1967 1019 2004 sis,
1039 1973 1071 1996 et

337 2017 378 2048 de
392 2016 448 2047 tua
464 2016 693 2047 existimatione
715 2016 867 2054 solicitus,
890 2027 964 2048 cave
985 2017 1019 2047 in
1039 2024 1070 2048 te

337 2068 499 2108 suscipias:
526 2067 612 2098 idem
627 2067 739 2098 eadem
755 2068 850 2108 opera
866 2069 1071 2110 scaturigines

339 2131 377 2152 ex
403 2121 583 2160 pumicibus
614 2120 726 2150 elicias.
774 2121 824 2151 Ita
850 2121 979 2151 fortasse
1006 2132 1068 2152 non

339 2173 445 2212 inepte
459 2172 624 2212 corrigam,
640 2182 698 2203 nec
713 2171 879 2202 laboriose:

545 2243 587 2274 ὅθι,
599 2250 670 2276 φασι,
683 2244 747 2269 θεων
757 2242 817 2274 ἕδος,
831 2249 944 2278 omem-53
955 2254 1011 2275 αιει,

378 2293 552 2319 ΕΜΜΕΝΕῙ·
572 2290 611 2317 wr'
623 2301 734 2325 ανεμοισι
748 2302 941 2319 τινκσσεται-.

340 2360 419 2392 Veri
433 2371 499 2391 esse
513 2359 708 2390 simillimam
720 2362 801 2391 hanc
817 2361 1070 2393 emendationem

340 2412 505 2448 efficaciter
515 2411 677 2443 contendit
689 2412 857 2443 Pindarico.
869 2413 1014 2452 imitatio,
1029 2413 1069 2444 ad

341 2463 435 2495 Nem.
451 2464 492 2495 vi.
508 2467 537 2495 6.

434 2535 467 2560 Ὀ
479 2535 504 2560 δι
514 2539 637 2569 xmae,
651 2539 764 2568 σεο-φαλκ
778 2544 825 2562 mss
838 2534 897 2567 ἕδος,

438 2584 546 2608 ΜΕΝΕΙ
561 2592 655 2618 υρανος.

340 2647 454 2678 Obstat
468 2654 586 2687 tamen,
603 2649 714 2689 fateor,
736 2652 803 2681 haec
817 2649 953 2681 solitaria
969 2649 1065 2680 inter-

335 2699 430 2739 jectio
454 2699 538 2730 verbi
555 2707 655 2740 φασιν,
680 2701 826 2733 Homero
847 2712 912 2732 non
934 2701 1061 2733 usitata:

339 2760 414 2781 nam
425 2749 570 2791 frequens
580 2751 624 2781 illi
637 2759 683 2783 est
694 2753 830 2784 formula
840 2761 924 2794 φασιν
932 2766 1008 2791 mou,
1019 2752 1067 2798 rel

337 2815 464 2842 εμμεναι.
506 2801 610 2842 Igitur
625 2815 736 2843 ετεχω,
752 2811 783 2834 et
798 2805 868 2836 aliis
883 2805 972 2836 trado
986 2805 1065 2835 lam-

337 2853 426 2894 pada.
450 2851 533 2883 Vide
548 2853 590 2883 sis
604 2860 710 2884 autem
729 2854 804 2886 Stat.
822 2856 923 2887 Theb.
939 2857 977 2887 vi.
994 2859 1065 2888 907.

380 2905 455 2936 Ver.
479 2907 528 2938 19.
558 2916 654 2947 neque
676 2910 857 2941 concutiunt
878 2910 985 2945 ventet',
1012 2919 1068 2940 nec

1102 704 1208 734 nubila
1224 703 1335 733 nimbis
1351 703 1564 741 Adspargunt.
1603 698 1695 730 Certe
1708 699 1772 728 huc
1783 706 1832 728 re-

1103 754 1203 795 spexit
1216 754 1336 784 Lucius
1352 751 1531 793 Ampelius,
1547 761 1613 790 cap.
1632 753 1662 780 8.
1685 752 1709 768 ‘⁶
1727 750 1832 790 Argy-

1105 811 1127 826 “
1143 817 1179 838 ro
1199 813 1245 837 est
1265 806 1378 836 fanum
1393 803 1529 834 Veneris
1550 811 1644 842 super
1665 810 1765 833 mare:
1790 799 1835 830 ibi

1104 863 1127 878 “
1144 865 1189 889 est
1203 858 1341 894 lucerna,
1365 867 1457 896 super
1479 854 1702 886 candelabrum
1722 852 1834 893 posita,

1107 911 1252 941 “lucens
1273 910 1314 940 ad
1335 919 1433 947 mare,
1457 909 1515 939 sub
1529 907 1602 938 divo
1624 905 1718 944 coelo;
1739 914 1836 946 quam

1107 966 1129 981 “
1145 974 1240 1003 neque
1255 969 1360 994 ventus
1374 963 1520 1002 aspergit,
1536 971 1591 991 nec
1601 960 1708 1000 pluvia
1723 960 1838 990 exstin-

1108 1016 1130 1031 “
1143 1013 1244 1053 guit.'‘
1291 1012 1354 1043 Sed
1379 1012 1465 1043 haud
1487 1011 1583 1042 dubie
1609 1010 1697 1041 sedes
1725 1009 1835 1040 dictio·

1107 1073 1186 1094 num
1200 1065 1261 1094 boc
1282 1064 1379 1094 modo
1402 1062 1605 1094 transmutari
1629 1060 1763 1092 vicissim
1781 1060 1836 1091 de-

1106 1117 1245 1145 bet:—“
1262 1125 1364 1156 neque
1376 1117 1482 1155 pluvia
1499 1114 1645 1155 aspergit,
1661 1123 1720 1144 nec
1731 1119 1838 1144 ventus

1108 1169 1131 1185 “
1148 1165 1359 1207 exstinguit:”
1392 1165 1440 1196 vel
1469 1165 1580 1196 saltem
1609 1164 1666 1195 sic:
1697 1167 1720 1183 ‘⁸
1735 1173 1838 1204 neque

1108 1221 1130 1236 “
1148 1224 1258 1248 ventus
1273 1220 1451 1258 erstinguit,
1467 1227 1525 1248 nec
1539 1216 1646 1257 pluvia
1659 1215 1825 1258 aspergit-‘¹

1155 1269 1239 1299 lbid.
1270 1279 1343 1299 nec:
1380 1269 1552 1299 editoribus
1580 1279 1677 1309 neque
1703 1267 1838 1308 placuit;

1109 1320 1164 1351 sed
1193 1320 1282 1350 vanis
1311 1320 1439 1351 auribus
1471 1326 1579 1351 contra
1606 1330 1695 1350 veros
1719 1319 1842 1351 codices

1109 1372 1345 1403 consuluerunt.
1392 1373 1433 1403 ln
1449 1378 1598 1414 sequente
1612 1382 1715 1410 versu,
1737 1372 1775 1403 L.
1792 1372 1841 1403 M.

1109 1435 1191 1455 acre.

1152 1479 1228 1509 Ver.
1245 1481 1294 1508 20.
1317 1479 1371 1507 nir
1391 1483 1531 1508 concreta
1549 1474 1668 1516 pruim‘i
1688 1477 1774 1507 Cana
1789 1487 1841 1508 ca-

1110 1532 1193 1560 dens.
1231 1529 1429 1558 Mantuanus
1443 1528 1519 1558 hinc
1536 1538 1592 1558 sua
1606 1533 1771 1558 mutuatus
1785 1532 1843 1566 est,

1112 1580 1152 1611 ad
1166 1590 1235 1621 geo.
1250 1579 1282 1610 ii.
1298 1583 1371 1611 576.

1142 1648 1251 1680 Frigora
1262 1655 1311 1673 nec
1323 1651 1444 1678 tantum,
1453 1647 1520 1672 cami
1533 1650 1647 1672 concreta
1657 1646 1798 1679 prun-:riq

1156 1706 1231 1737 Ver.
1249 1710 1298 1737 21.
1324 1707 1604 1743 Quemadmodum
1621 1707 1715 1743 edidi,
1739 1717 1776 1737 ex
1792 1717 1843 1738 va-

1112 1758 1231 1788 riarum
1253 1758 1427 1789 lectionum
1449 1759 1686 1799 perpensatione
1701 1759 1786 1799 prius
1800 1759 1844 1790 le-

1113 1809 1253 1849 gendum
1269 1821 1335 1840 esse
1350 1820 1578 1850 perspexeram,
1593 1820 1689 1850 quam
1705 1811 1749 1840 sic
1764 1810 1845 1841 clare

1113 1863 1266 1902 scriptum
1292 1862 1479 1894 offenderim
1503 1863 1538 1893 in
1565 1863 1701 1894 editione
1715 1863 1767 1894 Pii
1782 1863 1846 1894 Bo-

1113 1915 1270 1951 noniensi‚
1287 1920 1381 1955 atque
1395 1925 1456 1945 var.
1474 1914 1555 1945 lectt.
1571 1914 1726 1946 Juntinae.
1765 1914 1846 1945 vut-

1113 1975 1203 2005 gares
1219 1965 1370 1995 editiones
1384 1965 1428 1994 ita
1443 1964 1549 1995 locum
1565 1965 1726 1996 exhibent:

1373 2041 1526 2067 semperque
1538 2034 1670 2059 innubilus
1679 2035 1768 2061 aether

1177 2075 1281 2107 Integit:

1113 2133 1167 2163 sed
1190 2133 1269 2163 illud
1287 2144 1345 2173 que
1369 2132 1525 2164 editorum
1551 2140 1616 2164 erat
1642 2133 1844 2173 interpositio,

1113 2193 1150 2216 ut
1164 2193 1265 2217 metro
1280 2186 1447 2217 suffultum
1468 2188 1559 2225 irent,
1582 2198 1623 2218 ne
1637 2198 1704 2218 uno
1717 2187 1845 2229 quidem

1114 2238 1194 2269 libro
1215 2245 1325 2278 praeter
1343 2245 1388 2269 Ω.
1411 2238 1584 2270 addicente.
1629 2239 1724 2270 Unde
1739 2246 1846 2270 actum

1115 2298 1160 2321 est
1175 2291 1215 2321 de
1231 2292 1406 2326 iunzcbilus5
1433 2301 1470 2321 ea
1492 2291 1578 2321 enim
1592 2290 1719 2322 licentia
1741 2292 1775 2322 in
1791 2302 1844 2332 pe-

1115 2342 1163 2372 dis
1177 2342 1278 2382 quarti
1294 2342 1424 2380 caesurzi,
1448 2342 1633 2373 decurrente
1647 2353 1750 2381 versu,
1775 2353 1843 2373 mo-

1113 2393 1156 2422 ris
1171 2393 1351 2424 Lucretiani
1366 2404 1431 2424 non
1449 2393 1621 2424 castitatem
1643 2394 1731 2434 sapit.
1748 2393 1843 2425 vind.

1113 2443 1154 2474 V.
1171 2444 1218 2474 ed.
1235 2449 1271 2475 Δ.
1289 2451 1330 2475 Π.
1354 2450 1388 2475 Σ.
1413 2445 1527 2476 habent
1544 2447 1577 2475 in
1592 2447 1739 2476 nubibus:
1764 2445 1842 2476 nihil

1111 2502 1218 2526 autem
1233 2506 1270 2526 ex
1287 2510 1329 2536 τῳ
1352 2498 1385 2527 in
1412 2496 1526 2527 melius
1549 2503 1604 2527 aut
1623 2496 1746 2528 facilius
1759 2496 1841 2528 fece-

1112 2549 1164 2584 ris,
1187 2558 1283 2588 quam
1299 2550 1374 2579 sine.
1418 2548 1531 2588 Porro,
1547 2551 1669 2589 Integer
1683 2548 1842 2580 invenitur

1111 2600 1145 2630 in
1162 2599 1198 2630 P.
1215 2599 1256 2630 V.
1272 2599 1320 2630 ed.
1339 2600 1377 2631 O.
1395 2607 1430 2631 Δ.
1448 2608 1490 2632 Π.
1509 2606 1544 2632 Σ.
1565 2607 1599 2631 at
1612 2600 1755 2642 margine
1769 2611 1839 2641 pos-

1109 2650 1200 2681 tremi
1216 2650 1380 2692 vulgatum
1397 2654 1511 2692 Ina-git
1529 2651 1659 2683 locatur.
1704 2652 1748 2682 Et
1762 2651 1839 2682 ordo

1109 2709 1169 2733 est:
1207 2705 1229 2720 “
1247 2703 1372 2742 AEther‚
1398 2704 1466 2734 sine
1491 2703 1627 2734 nubibus
1651 2704 1784 2744 integer,
1807 2710 1839 2734 ct

1110 2757 1133 2773 “
1149 2765 1216 2785 cum
1229 2753 1350 2785 lumine
1360 2755 1444 2796 large
1459 2754 1586 2792 diffuso,
1601 2765 1723 2794 semper
1733 2754 1839 2785 ridit.·'

1110 2805 1233 2837 Eadem
1254 2816 1381 2846 prorsus
1403 2807 1592 2838 constructio
1612 2807 1755 2837 Maronis
1770 2806 1839 2838 loco

1110 2857 1260 2897 persimili
1284 2858 1450 2899 contingit,
1477 2858 1567 2899 cujus
1591 2857 1717 2899 vulgata
1746 2857 1838 2889 lectio

1110 2908 1184 2940 hinc
1207 2908 1345 2941 multum
1367 2909 1580 2946 confirmatur,
1603 2909 1745 2951 quamvis
1765 2908 1840 2942 alibi
