1912 3292
853 234 913 283 T.
967 231 1350 283 LUCRETII

502 367 684 410 Proinde
703 374 744 409 et
763 367 984 410 seminibus
1002 373 1206 416 constant,
1228 364 1465 420 variantque
1485 362 1633 421 figura.

504 443 671 485 Semina
690 456 812 498 quom
834 457 960 498 porro
979 441 1145 490 distent,
1167 439 1330 480 differre
1349 453 1510 480 necesse
1529 445 1589 480 est

502 517 733 568 Intervalla,
755 517 935 572 viasque,
954 515 1159 556 foramina
1176 529 1269 570 quae
1288 512 1565 568 perhibemus,

389 596 470 632 655
503 590 708 633 Omnibus
728 591 771 630 in
792 589 1000 638 membris,
1022 595 1063 628 et
1082 588 1124 627 in
1145 602 1232 636 ore,
1254 587 1423 641 ipsoque
1442 586 1592 641 palato.

504 664 604 705 Esse
623 665 784 704 minora
804 663 929 718 igitur
948 660 1156 715 quaedam,
1175 660 1426 714 majoraque,
1453 659 1627 708 debent-‚

504 738 606 778 Esse
625 737 823 791 triquetra
842 735 942 783 aliis,
965 733 1051 774 aliis
1070 732 1284 787 quadrata,
1311 746 1471 772 necesse
1491 739 1568 772 est:

507 809 645 851 Multa
663 808 857 858 rotunda,
879 807 1012 848 modis
1031 805 1168 846 multis
1188 804 1440 861 multangula
1459 805 1663 860 quaedam.

507 883 712 937 Namque,
735 882 962 938 figurarum
982 879 1087 920 ratio
1107 887 1153 919 ut
1172 886 1388 932 motusque
1410 887 1646 933 reposcunt,

389 961 472 997 660
504 954 687 995 Proinde
705 953 974 994 foraminibus
993 951 1145 990 debent
1164 949 1328 990 differre
1347 949 1508 1006 figurae,

508 1027 564 1069 Et
583 1027 740 1068 variare
760 1027 852 1075 viae,
877 1022 1052 1078 proinde
1073 1037 1121 1064 ac
1141 1029 1306 1064 textura
1325 1024 1497 1064 co'e'rcet.

365 1190 405 1221 sis
418 1185 605 1220 lectionibus
623 1183 791 1227 deturpari,
815 1183 869 1217 sed
890 1182 993 1218 nullas
1009 1184 1090 1226 peri-

364 1241 454 1272 clitor
489 1239 692 1280 conjecturas,
731 1239 921 1269 editionibus
956 1238 1092 1279 antiquis

365 1295 541 1330 destitutus,
568 1300 599 1323 et
625 1292 723 1323 solam
753 1292 911 1331 possidens
940 1293 1090 1323 Heinsia-

366 1357 449 1382 nam,
480 1346 599 1377 nullius
623 1345 726 1384 pretii,
757 1351 787 1376 et
810 1351 967 1376 carentem
993 1345 1087 1375 notis:

367 1406 544 1440 Δημοκριτος
575 1397 614 1436 δε,
652 1411 762 1438 σχῆμα
791 1399 932 1440 aspra-Asis
964 1398 1090 1437 ἔκαστῳ,

366 1457 480 1489 ’γλυκυν
512 1462 564 1489 μεν
595 1448 720 1490 (zuram)
758 1463 805 1479 τον
834 1456 1016 1491 στρογγυλον
1045 1462 1096 1479 και

367 1504 504 1542 ευμεγεθη
549 1502 707 1542 (mediocri
744 1500 974 1540 magnitudine)
1013 1511 1094 1537 misi,

367 1561 499 1595 στρυφνον
518 1552 554 1588 δε,
587 1567 633 1583 τον
650 1560 898 1592 μεγαλοσχήμον·
924 1565 1035 1594 τραχυν
1058 1550 1094 1587 δε,

368 1620 415 1637 ταν
432 1613 607 1646 πολυγωνων
627 1619 677 1636 και
693 1613 850 1647 απεριφερη·
876 1606 935 1643 οξυν
949 1604 989 1642 δε,
1013 1618 1096 1634 κατα

367 1659 492 1696 ’ἵθύνθμᾱ
508 1670 555 1688 «Toy
571 1658 630 1694 θξυν
645 1669 687 1695 ’ἴῳ
702 1670 793 1696 ογκῳ,
819 1669 868 1686 ’tal
885 1654 1022 1692 κωνθὶίδῆ,
1046 1668 1097 1685 καί

368 1715 538 1748 καμπυλον,
565 1721 615 1738 και
641 1714 761 1744 atomon,
789 1720 838 1736 και
861 1713 1020 1748 απεριφερη·
1044 1705 1095 1748 Epa-

367 1774 423 1800 μυν
438 1759 476 1796 δε,
493 1773 540 1790 «τον
557 1766 692 1801 περιφερῆ,
711 1772 760 1789 και
775 1765 895 1795 xmo-ov,
920 1771 969 1788 και
986 1770 1096 1797 ‘ymon-

369 1813 412 1849 Bm,
437 1826 488 1842 και
511 1818 679 1851 napa-wuston·
704 1812 828 1852 ἁλμυρον
843 1809 882 1848 δε,
907 1823 954 1841 τον
968 1808 1097 1849 γωνοειδη

369 1871 487 1894 -κτλ,
512 1872 587 1892 nam
603 1862 674 1893 ohe!
697 1861 765 1901 jam
781 1861 855 1891 satis
869 1867 925 1892 est.

411 1923 489 1953 Ver.
507 1927 580 1954 659.
603 1924 682 1952 ratio
698 1928 748 1952 ut:
777 1922 813 1952 P.
830 1927 863 1951 ut
884 1923 981 1957 ratim
1004 1930 1097 1961 quem

369 1975 457 2014 sequi
488 1974 589 2004 solent
623 1973 763 2003 editores.
810 1973 877 2002 Nos
908 1972 1100 2002 membranis

369 2031 401 2055 et
415 2024 543 2065 reliquis
560 2024 790 2063 exemplaribus
805 2024 1012 2063 obsequimur.

413 2075 496 2106 Ibid.
518 2082 694 2116 reposcunt.-
721 2086 777 2115 pro
792 2075 932 2114 simplice
947 2075 1099 2105 vocabulo

365 2135 496 2169 poscunt
503 2143 514 2164 ,·
538 2128 629 2168 cujus
644 2127 720 2157 usus
737 2127 880 2166 exempla
902 2127 1002 2157 multa
1025 2138 1097 2166 sup-

370 2180 551 2220 peditantur
565 2179 805 2219 lexicographis:
832 2178 935 2209 videas
944 2177 1027 2209 dicta
1042 2188 1098 2208 no-

371 2232 421 2263 bis
433 2231 586 2271 superius,
603 2230 644 2261 ad
658 2230 689 2260 ii.
705 2234 779 2262 569.

413 2293 489 2323 Ver.
507 2295 579 2323 661.
601 2293 676 2322 vioe:
703 2291 739 2321 P.
757 2290 796 2321 Ο.
820 2297 864 2321 Ω.
886 2293 967 2327 υἱαες
991 2301 1098 2330 perpe-

372 2355 533 2376 raum—ac
547 2349 683 2375 textura:
710 2343 751 2373 V.
767 2342 813 2373 ed.
830 2349 982 2374 attextum
989 2358 1000 2379 ,·
1027 2344 1065 2374 B.
1081 2355 1100 2374 a

373 2403 502 2428 textura.

418 2449 501 2479 Ibid.
521 2450 653 2488 proinde
676 2458 713 2478 ac
737 2454 854 2478 tea-tura
878 2450 1007 2478 coercet:
1032 2447 1052 2476 i.
1075 2457 1101 2477 e.

375 2505 398 2520 ‘⁶
414 2499 589 2531 secundum
615 2499 731 2529 limites
754 2497 967 2535 coercentes?
990 2498 1104 2538 quibus

374 2560 498 2584 textura
513 2553 622 2593 utique
644 2552 762 2581 circum
786 2550 915 2587 claudit,
942 2550 990 2580 vel
1004 2551 1104 2581 conti-

374 2612 439 2645 net,
455 2616 491 2636 ac
505 2605 731 2644 complectitur,
743 2604 826 2633 viam
841 2613 1103 2644 unamquamque.

377 2658 499 2687 Vocem
521 2659 634 2687 coercet
659 2655 811 2694 interpres
825 2665 889 2685 non
905 2654 1019 2695 attigit,
1046 2664 1104 2684 nec

377 2708 441 2738 vim
463 2707 586 2738 videtur
600 2707 782 2747 percepisse:
813 2706 883 2736 vide
905 2712 1029 2736 tantum
1050 2716 1102 2736 su-

375 2769 441 2799 pra,
467 2759 507 2789 ad
523 2769 582 2789 ver.
599 2762 670 2790 651.
696 2758 797 2789 Haud
819 2758 881 2788 alia
903 2765 948 2788 est
971 2764 1104 2798 potestas

377 2810 446 2851 ejus
460 2809 493 2839 in
508 2810 657 2850 Virgilio,
675 2810 749 2841 AEn.
766 2811 806 2841 ix.
823 2812 876 2841 27.

438 2892 573 2923 Messapus
583 2892 684 2923 primas
692 2893 771 2924 acies,
782 2896 919 2925 postrema
927 2894 1041 2918 coercent

437 2930 584 2962 Tyrrhidae
592 2931 718 2964 Juvenes:

1135 1180 1154 1215 i.
1176 1194 1202 1214 e.
1236 1179 1361 1219 finiunt,
1390 1181 1555 1221 claudunt,
1585 1183 1756 1218 continent,-
1792 1191 1869 1224 quw

1137 1235 1234 1266 Servii
1250 1241 1295 1266 est
1310 1233 1408 1265 verior
1426 1233 1638 1273 interpretatio
1652 1233 1691 1264 ad
1706 1233 1822 1265 locum.

1179 1295 1254 1325 Ver.
1271 1299 1342 1326 662.
1368 1295 1453 1325 Hoc:
1478 1293 1545 1324 redi
1560 1293 1600 1324 ad
1615 1303 1691 1323 verr.
1707 1295 1780 1324 557.
1792 1295 1866 1324 626.

1136 1357 1211 1377 nam
1226 1347 1359 1377 editores
1373 1356 1411 1376 eo
1423 1345 1563 1376 audaciae
1575 1355 1755 1384 processere,
1771 1350 1869 1385 atque

1136 1398 1168 1428 id
1185 1398 1314 1429 inscitiae
1331 1398 1364 1428 in
1379 1408 1444 1428 sese
1467 1397 1668 1432 admiserunt,
1691 1402 1727 1426 ut
1741 1395 1774 1426 in
1789 1406 1865 1426 con-

1138 1455 1225 1479 textu
1248 1447 1408 1488 posuerint
1426 1448 1521 1488 Ergo,
1544 1457 1600 1486 pro
1622 1446 1773 1486 scriptura
1796 1456 1865 1478 om-

1139 1500 1228 1530 nium
1251 1499 1338 1529 omni
1360 1509 1474 1539 genere
1490 1499 1658 1537 proborum
1679 1497 1866 1537 exemplari-

1140 1561 1205 1586 um,
1233 1561 1329 1590 quam
1354 1560 1412 1580 nos
1436 1550 1533 1588 po'etae
1556 1548 1795 1589 indignabundo
1816 1547 1865 1578 lu-

1139 1601 1314 1631 bentissimi
1354 1599 1555 1630 restituimus.
1621 1599 1710 1630 Hinc
1746 1604 1867 1637 autem,

1139 1651 1280 1692 quamvis
1302 1651 1390 1681 aliter
1407 1651 1531 1681 Servius
1554 1651 1704 1686 statuerit,
1730 1656 1762 1681 et
1787 1649 1868 1680 nihil

1139 1703 1285 1742 suspicati
1301 1703 1363 1732 sint
1377 1702 1416 1732 de
1430 1703 1488 1732 hac
1510 1713 1543 1732 re
1564 1703 1622 1733 viri
1637 1702 1731 1738 docti,
1753 1701 1786 1732 in
1808 1702 1869 1732 hoc

1140 1753 1243 1784 officio
1257 1753 1378 1788 versati,
1406 1753 1512 1784 nullus
1527 1753 1646 1789 dubito,
1668 1753 1746 1793 quin
1760 1752 1869 1793 exqui-

1141 1805 1228 1836 sitior
1251 1805 1332 1836 ratio
1357 1804 1598 1836 constructionis
1613 1804 1753 1835 ineunda
1768 1804 1809 1834 sit
1829 1803 1871 1835 ad

1142 1857 1269 1898 Virgilii
1296 1867 1363 1898 geo.
1389 1856 1420 1887 ii.
1445 1860 1518 1887 511.
1540 1867 1640 1897 quum
1665 1866 1730 1887 non
1755 1855 1795 1886 sit
1821 1855 1870 1886 via

1142 1909 1254 1940 certior
1279 1908 1575 1939 consummatissimi
1600 1909 1699 1948 poetae
1728 1906 1871 1949 aggredi-

1142 1961 1226 1998 endi,
1252 1971 1348 2001 quam
1372 1960 1397 1990 si
1421 1970 1476 1999 per
1501 1959 1650 1990 orationis
1675 1958 1871 1989 Lucretianae

1142 2019 1329 2042 structuram
1356 2021 1430 2042 cum
1455 2011 1576 2051 judicio
1604 2009 1773 2042 deveharis.
1821 2010 1871 2041 Sic

1143 2064 1248 2104 itaque
1271 2064 1369 2101 locus,
1399 2062 1471 2093 mea
1499 2063 1610 2094 saltem
1639 2072 1679 2093 ex
1703 2061 1870 2100 sententia,

1141 2114 1292 2155 distingui
1308 2113 1412 2144 debet:

1174 2199 1242 2227 Hoc.
1254 2197 1299 2222 ubi
1310 2203 1364 2222 non
1375 2204 1391 2221 a
1401 2197 1484 2229 stirpe
1495 2197 1598 2227 valent,
1608 2203 1746 2229 caesaeque
1756 2196 1855 2222 reverti

1173 2240 1294 2267 Possunt,
1305 2241 1389 2268 atque
1400 2237 1455 2261 ima
1465 2237 1563 2262 similes
1573 2237 1734 2262 revirescere
1743 2235 1827 2266 terffl,

1175 2277 1274 2303 Infelix
1284 2281 1391 2309 superat
1403 2277 1472 2301 foliis
1483 2277 1597 2302 oleaster
1607 2277 1717 2302 amaris:

1145 2350 1164 2381 i.
1184 2360 1210 2380 e.
1234 2353 1257 2368 “
1274 2349 1346 2379 Hac
1361 2348 1401 2379 de
1422 2348 1542 2386 caussa,
1568 2349 1622 2379 ubi
1648 2347 1797 2378 radicitus
1820 2357 1874 2387 pe-

1148 2405 1169 2420 “
1185 2401 1275 2437 fiere,
1298 2400 1365 2430 sine
1380 2399 1578 2430 reviviscendi
1594 2410 1656 2439 spe,
1679 2398 1763 2430 solus
1776 2398 1874 2430 oleas-

1148 2456 1172 2470 “
1189 2458 1235 2482 ter
1265 2449 1452 2491 superabit.”
1503 2450 1555 2481 Ita
1584 2450 1753 2487 Pindarus,
1780 2449 1871 2481 Nem.

1148 2503 1186 2534 vi.
1203 2506 1253 2534 47.

1335 2576 1425 2616 ‘9T’,
1435 2587 1486 2604 maro
1499 2580 1558 2611 τοξυ
1570 2578 1633 2610 iuo',

1345 2635 1426 2662 EvBur'
1439 2645 1476 2662 em
1489 2647 1573 2669 τυτον,
1585 2646 1681 2670 aye—-

1148 2713 1342 2752 Hesychius:
1368 2712 1429 2762 ‘552-
1453 2726 1517 2743 αντα
1543 2724 1589 2748 τε,
1613 2711 1645 2742 δι’
1671 2712 1692 2742 ὅ.
1737 2710 1821 2742 Vide
1836 2710 1878 2742 sis

1147 2770 1182 2794 tu
1200 2766 1275 2796 Eur.
1292 2766 1402 2798 Phoen.
1420 2768 1490 2796 158.

1191 2816 1268 2846 Ver.
1283 2820 1355 2847 663.
1373 2818 1440 2852 Illi,
1456 2817 1536 2856 quoi,
1551 2813 1600 2844 vel
1614 2814 1683 2844 cui:
1707 2811 1751 2842 sic
1767 2821 1876 2843 omnes

1146 2866 1218 2898 libri
1234 2867 1331 2897 MSS.
1353 2873 1385 2898 et
1400 2865 1541 2906 impressi
1557 2864 1674 2900 formis,
1697 2862 1876 2894 venustissi-

1147 2927 1233 2949 mam
1255 2917 1523 2959 gratissimamque
1545 2926 1600 2957 per
1621 2915 1814 2947 varietatem:
1839 2923 1872 2944 e-
