1912 3292
321 252 407 289 148

819 241 880 288 T.
925 241 1304 292 LUCRETII

340 378 422 414 915
455 373 583 422 Quod
603 373 707 414 bene
727 373 759 414 si
779 373 944 416 videant
963 375 1118 426 animo,
1139 375 1338 431 dictisque
1358 384 1593 432 sequantur,

454 448 692 489 Dissolvant
713 448 838 488 animi
858 463 1011 506 magno
1031 463 1073 490 se
1093 464 1262 506 angore,
1284 457 1488 506 metuque.

456 522 525 564 Tu
546 522 727 578 quidem,
749 532 796 564 ut
814 537 870 573 es,
893 523 997 564 lecto
1017 524 1186 578 sopitus,
1210 524 1266 564 sic
1285 524 1379 574 eris,
1401 525 1478 564 aevi

455 596 585 646 Quod
605 612 727 653 super
747 606 821 647 est,
844 598 999 639 eunctis
1018 599 1200 653 privatus
1220 597 1429 639 doloribus
1449 599 1584 656 aegris:

356 755 430 786 Ver.
458 758 528 787 914.
559 766 660 786 rerum
688 757 799 787 insidet
825 759 967 796 insuper:
993 756 1037 787 sic

313 808 430 847 optime
444 813 536 847 atque
551 806 751 842 lucidissime,
767 809 855 848 quasi
871 808 909 839 de
925 819 958 839 re
969 808 1038 848 jam

313 858 395 889 facta
409 864 440 888 et
455 858 597 897 praesenti
612 857 778 898 loquentis,
794 859 830 889 L.
842 859 889 889 M.
905 865 944 889 Π.
963 859 1037 890 Non

312 911 393 941 male
409 910 506 940 etiam
523 910 557 940 P.
574 909 612 939 B.
629 909 671 940 Ο.
691 916 735 941 Ω.
765 921 866 941 rerum
882 921 973 950 super
988 914 1037 942 in-

311 964 404 997 sidct;
425 960 522 990 vind.
536 961 577 990 V.
592 960 642 991 ed.
661 967 695 991 Δ.
713 966 747 992 Σ.
767 973 868 992 rerum
883 974 974 1002 super
990 966 1039 993 in-

312 1018 351 1046 sit
366 1021 404 1045 ee.
449 1014 513 1044 Pro
537 1016 659 1050 insidet,
681 1014 810 1054 quidam
835 1015 886 1045 Pii
905 1016 1038 1054 codices,

313 1068 434 1097 incidit.
481 1066 633 1098 conferas
654 1076 716 1096 ver.
733 1070 802 1098 951.
825 1073 857 1096 et
878 1069 1037 1107 obstupes-

314 1128 365 1148 cas
387 1117 544 1148 editorum
568 1117 700 1147 inscitiae
714 1127 750 1148 ac
769 1118 949 1157 temerimti,
973 1129 1039 1149 ver·

316 1179 386 1199 sum
401 1169 445 1199 sic
460 1168 669 1210 vulgantium:

360 1239 419 1269 Jam
432 1237 593 1262 desiderium
605 1236 694 1261 insidet
705 1244 790 1262 rerum
801 1237 908 1270 insuper
920 1238 983 1263 una.

317 1302 478 1340 Quidnam
494 1303 553 1333 hoc
569 1308 624 1340 est,
648 1309 792 1341 vestram,
819 1303 914 1342 docti,
930 1303 1038 1335 fidem!

315 1356 340 1385 si
362 1365 427 1386 non
452 1360 498 1385 est
519 1355 761 1385 castissimarum
786 1357 1041 1386 membranarum

315 1407 530 1437 auctoritatem
546 1406 675 1446 pedibus
691 1407 842 1447 subjicere
856 1407 1042 1438 conculcan-

315 1457 401 1496 dam,
430 1468 466 1488 ac
490 1457 701 1489 nobilissimos
730 1458 895 1498 scriptores
924 1458 1042 1489 nefarie

316 1509 548 1541 contaminare?

359 1560 440 1592 Ibid.
463 1564 646 1593 desiderium
672 1573 774 1594 rerum
801 1564 922 1594 insidet.
967 1563 1042 1593 Non

315 1613 416 1645 multo
444 1613 534 1644 aliter
560 1614 672 1654 Dictys
696 1614 863 1653 Cretensis,
883 1614 926 1645 iii.
951 1618 1044 1645 23.-

315 1668 339 1684 “
354 1665 408 1696 sed
422 1666 566 1697 obsedisse
586 1665 709 1696 animos
724 1676 835 1696 eorum
855 1668 1040 1697 desiderium

316 1720 339 1736 ‘⁴
355 1729 455 1748 rerum
471 1717 678 1748 alienarum.’‘

358 1770 434 1800 Ver.
452 1772 523 1801 915.
546 1772 590 1800 si.-
617 1770 658 1800 V.
674 1769 722 1800 ed.
737 1777 869 1801 sea—n.
886 1778 1040 1811 sequatur.

360 1820 442 1851 Ibid.
468 1822 616 1861 dictisque
645 1828 822 1862 sequantur.
870 1821 931 1852 Illa
960 1822 1043 1854 dicta

317 1871 468 1911 incipient
493 1882 511 1902 a
532 1881 592 1902 ver.
611 1875 683 1904 917.
707 1882 805 1913 usque
831 1872 872 1903 ad
893 1884 954 1905 ver.
972 1878 1042 1906 922.

319 1925 428 1955 Faber.

318 1975 426 2007 Fuerit
440 1981 546 2006 tamen
561 1975 735 2014 expeditius
750 1975 877 2006 fortasse
891 1977 934 2007 sic
955 1987 1045 2007 men-

318 2035 381 2059 tem
398 2029 496 2068 po'e'tae
518 2029 682 2068 accepisse:
710 2032 732 2047 “
751 2029 783 2060 Si
808 2031 868 2060 hoc
893 2032 972 2061 bene
994 2032 1042 2062 in-

319 2085 342 2100 “
359 2080 544 2116 tellexerint,
585 2086 616 2111 et
641 2087 823 2121 sequantur,
849 2081 1044 2121 philosophia

318 2136 342 2152 “
358 2131 540 2170 excolenda,
567 2143 599 2163 se
621 2132 746 2173 magnis
760 2138 833 2163 sunt
847 2133 1044 2174 aegritudini-

320 2187 342 2204 ‘⁸
358 2186 418 2216 bus
431 2184 621 2215 liberaturi.”
655 2184 771 2215 Videas
782 2185 801 2215 i.
819 2189 870 2217 29.
889 2189 957 2217 104.
975 2190 1045 2217 144.

317 2237 360 2268 iii.
378 2240 428 2267 12.
451 2243 481 2267 et
501 2236 585 2268 locos
605 2236 722 2268 multos
745 2237 869 2268 similes.
915 2237 1044 2279 virgili-

320 2298 366 2326 us,
385 2287 460 2319 AEn.
475 2289 513 2319 vi.
530 2291 603 2320 899.

350 2373 396 2397 His
405 2373 442 2398 ibi
450 2376 509 2398 tum
522 2377 618 2399 natum
630 2374 767 2405 Anchises,
777 2375 886 2407 unaque
897 2375 1034 2409 Sibyllam,

352 2414 515 2446 Prosequitur
525 2414 638 2439 dictiJ-.

322 2485 432 2527 Neque
447 2487 567 2518 abludit
581 2487 654 2519 ibid.
670 2498 698 2519 x.
715 2491 788 2520 448.

377 2555 489 2580 Talibus
498 2559 526 2581 et
538 2555 611 2581 dicti:
622 2556 641 2581 ὶι
652 2559 748 2582 contra
760 2557 833 2582 dicta
844 2559 963 2589 tyranni.

364 2615 436 2646 Ver.
462 2620 534 2648 916.
557 2618 737 2648 Dissolvant
761 2629 882 2658 angore.
928 2617 1045 2649 Sallus.

321 2666 392 2702 tius,
432 2668 523 2699 Catil.
552 2668 584 2699 li.
614 2672 665 2700 20.
701 2668 740 2699 de
769 2673 951 2701 Μανία-(ι
975 2680 1045 2701 aem

322 2721 344 2736 “
361 2726 472 2750 cuncta
483 2721 665 2752 mortalium
676 2724 758 2752 mala
770 2722 958 2754 dissolvere-’¹

364 2769 439 2800 Ver.
460 2774 531 2802 917.
553 2775 674 2812 quidem
690 2780 723 2805 ut
739 2785 787 2806 es:
807 2779 842 2806 Δ.
860 2776 967 2815 quidei
977 2776 1047 2806 mit-

323 2827 374 2852 tes.

336 2904 337 2907 ,
367 2872 446 2904 Ibid.
468 2875 534 2909 leto.
558 2885 666 2907 omnes
681 2877 761 2908 libri.
811 2878 929 2916 Scribe,
951 2880 1043 2909 lecto.-

322 2923 341 2953 i.
364 2933 389 2954 e.
417 2923 451 2954 in
476 2934 596 2956 somno.
634 2930 656 2946 “
674 2928 726 2958 Sic
748 2928 806 2964 uti,
835 2939 908 2960 cum
931 2928 1049 2960 dormis

1081 760 1103 774 “
1119 762 1233 787 stratus
1248 756 1280 786 in
1295 755 1449 792 cubiculo,
1474 754 1555 786 nihil
1570 756 1676 793 sentis,
1687 756 1731 787 sic
1747 757 1808 787 eris

1083 811 1104 826 “
1121 808 1153 837 in
1170 807 1300 837 morte.''
1347 807 1433 838 Pius
1743 800 1747 803 .

1082 868 1252 909 Egregiam
1269 877 1341 898 vero
1357 873 1449 908 atque
1464 867 1681 898 admirabilem
1700 878 1808 899 emen·

1082 920 1256 951 dationem!

1084 979 1135 1010 Sic
1161 979 1276 1020 legitur
1300 980 1332 1009 in
1358 979 1463 1010 codice
1489 980 1528 1011 O.
1551 980 1584 1009 in
1607 979 1809 1018 editionibus,

1082 1031 1299 1071 Lugdunensi‚
1330 1031 1406 1062 anni
1441 1035 1534 1063 1540.
1570 1036 1601 1062 et
1633 1030 1810 1067 Basiliensi‚

1083 1082 1158 1112 anni
1172 1085 1264 1113 1531.
1279 1092 1338 1112 nec
1352 1093 1416 1113 non
1437 1082 1557 1113 Aldina
1571 1081 1717 1118 secunda,
1734 1081 1810 1112 anni

1088 1132 1180 1164 1515.
1195 1135 1284 1175 (nam
1300 1134 1383 1173 prior
1397 1144 1462 1164 non
1476 1139 1523 1164 est
1536 1134 1576 1165 ad
1591 1134 1720 1173 manus)
1736 1143 1811 1165 cum

1084 1186 1107 1216 J
1109 1185 1230 1222 untina,
1257 1186 1333 1217 anni
1358 1189 1450 1217 1512.
1481 1186 1558 1218 Jam
1581 1196 1666 1223 vero,
1691 1185 1745 1226 qui
1762 1186 1813 1216 his

1085 1238 1177 1267 rebus
1191 1236 1239 1267 vel
1254 1237 1287 1267 in
1302 1236 1419 1268 extima
1433 1236 1594 1277 superficie
1604 1237 1744 1268 imbutus
1755 1242 1812 1274 est,

1085 1288 1164 1319 nihil
1179 1288 1313 1326 dubitet,
1330 1303 1363 1320 »ro
1378 1291 1451 1320 lecto
1463 1289 1544 1320 inter
1554 1288 1751 1320 librariorum
1762 1299 1812 1320 os-

1085 1340 1250 1371 citantium
1265 1351 1378 1371 manus
1392 1340 1541 1371 facillime
1551 1350 1617 1371 esse
1631 1340 1666 1370 in
1679 1342 1736 1372 leto
1751 1339 1812 1370 mi·

1085 1398 1258 1432 gratumm.
1304 1392 1404 1422 Nobis
1420 1401 1478 1422 nec
1491 1391 1619 1422 solitum
1634 1398 1681 1423 est
1695 1393 1813 1433 necju·

1086 1444 1236 1479 cundum,
1262 1443 1420 1474 codicibus
1443 1449 1474 1474 et
1488 1443 1708 1475 vetustioribus
1721 1444 1813 1476 editis

1085 1495 1351 1526 consentientibus
1383 1494 1614 1526 obsurdescere:
1656 1495 1710 1527 sed
1744 1496 1813 1536 ipso

1087 1548 1233 1579 Lucretio
1247 1547 1436 1579 reclamante
1457 1548 1498 1579 ad
1518 1559 1580 1578 ver.
1598 1552 1670 1580 923.
1695 1555 1727 1580 et
1749 1549 1812 1580 lec·

1087 1598 1207 1629 tionem
1222 1604 1363 1629 nostram
1378 1598 1427 1629 vel
1443 1598 1592 1629 conviciis
1613 1599 1813 1641 efflagitante,

1087 1661 1151 1682 non
1165 1651 1326 1691 potuimus
1348 1661 1413 1681 non
1429 1651 1574 1692 obsequi;
1597 1657 1630 1682 et
1650 1652 1812 1684 inconcin-

1085 1713 1159 1733 nam
1175 1713 1299 1743 prorsus
1314 1703 1498 1744 scripturam
1512 1714 1587 1735 cum
1608 1703 1704 1745 longe
1726 1715 1812 1736 com-

1085 1754 1267 1786 modissima
1282 1761 1377 1797 atque
1391 1755 1624 1797 elegantissimi
1640 1762 1769 1787 mutare.

1087 1807 1174 1843 Quid
1199 1812 1304 1838 autem
1327 1807 1487 1847 pulchrius
1514 1809 1574 1838 hoc
1603 1818 1706 1845 sensu,
1737 1809 1814 1850 quid

1087 1860 1222 1890 auctoris
1248 1869 1341 1899 scopo
1367 1860 1615 1899 convenientius,
1631 1861 1732 1901 optari
1758 1871 1814 1902 po-

1089 1909 1167 1942 test?
1192 1914 1215 1929 “
1232 1910 1521 1948 Quemadmodum,
1537 1911 1690 1944 altissimo
1703 1923 1815 1944 somno

1091 1965 1113 1980 “
1130 1961 1262 2000 vinctus,
1285 1961 1371 2002 jaces
1394 1962 1510 1994 doloris
1531 1973 1640 2004 expers
1661 1974 1698 1995 ac
1711 1964 1814 1996 solici-

1090 2017 1112 2032 “
1128 2013 1261 2051 tudinis;
1285 2014 1338 2050 sic,
1364 2015 1485 2046 solutus
1514 2021 1624 2052 morte,
1643 2016 1761 2057 jacebis
1780 2016 1814 2047 in

1089 2068 1111 2083 “
1127 2070 1289 2095 aeternum.
1334 2065 1452 2096 Nullus
1465 2066 1563 2107 igitur
1579 2066 1665 2097 locus
1689 2073 1736 2097 est
1756 2077 1813 2098 an·

1090 2120 1112 2135 “
1129 2117 1209 2157 gori,
1225 2127 1325 2158 quum
1335 2127 1384 2147 res
1398 2117 1437 2148 ad
1453 2128 1601 2148 somnum
1614 2118 1665 2156 sit,
1681 2125 1712 2149 et
1725 2119 1814 2160 quie·

1090 2172 1115 2188 “
1130 2175 1207 2207 tem,
1235 2168 1385 2200 reditura:
1412 2179 1470 2200 nec
1492 2180 1578 2201 mors
1602 2170 1709 2201 haberi
1724 2170 1816 2202 debet

1090 2225 1113 2240 “
1128 2231 1239 2252 somno
1253 2221 1448 2252 terribilior.'’
1493 2222 1598 2253 Locus
1617 2228 1663 2253 est
1678 2222 1816 2264 Virgilii,

1090 2274 1165 2304 AEn.
1180 2274 1222 2304 vi.
1239 2277 1311 2305 520.
1333 2284 1407 2304 sane
1421 2274 1455 2304 in
1471 2274 1739 2315 pervagatissimiS,
1762 2275 1817 2307 sed

1089 2324 1281 2355 illustrandis
1295 2324 1378 2355 hisce
1393 2325 1590 2356 Lucretianis
1599 2326 1735 2357 maxime
1746 2326 1814 2357 ido-

1088 2386 1182 2413 neus3
1203 2386 1298 2417 quem
1313 2376 1391 2407 adeo
1407 2376 1572 2408 lectoribus
1586 2388 1651 2408 non
1666 2377 1814 2409 dubitabo

1089 2437 1194 2458 coram
1210 2437 1340 2467 ponere:

1120 2520 1195 2547 Tum
1207 2526 1264 2549 me,
1280 2519 1437 2545 confectum
1455 2520 1534 2550 curis,
1552 2526 1703 2552 somnoque
1720 2526 1814 2553 grava·

1211 2563 1271 2585 tum

1121 2599 1219 2625 Infelix
1230 2578 1323 2625 hab'uit
1335 2600 1483 2630 thalamus;
1502 2601 1650 2633 pressitque
1658 2601 1794 2632 jacentem

1120 2639 1210 2664 Dulcis
1218 2642 1245 2664 et
1252 2639 1306 2664 alta
1315 2640 1398 2671 quies,
1404 2640 1572 2673 placidaque
1578 2640 1713 2666 simnlima
1721 2638 1812 2665 morti.

1093 2719 1147 2751 Ad
1170 2730 1248 2761 quos
1271 2731 1386 2760 versus,
1409 2721 1479 2752 vide
1500 2731 1541 2752 an
1556 2721 1640 2751 varia
1653 2719 1744 2752 lectio
1753 2731 1814 2760 pu-

1091 2773 1171 2808 triae,
1195 2782 1251 2811 pro
1273 2774 1421 2812 plocidae,
1446 2771 1531 2813 quod
1552 2772 1710 2812 epitheton
1726 2771 1816 2802 valde

1091 2822 1195 2864 friget,
1216 2833 1317 2863 neque
1339 2834 1370 2854 se
1393 2823 1485 2854 lautis
1507 2822 1685 2853 hominibus
1699 2824 1816 2862 probet,

1092 2885 1156 2905 non
1171 2884 1268 2905 manu
1283 2874 1377 2904 ducat
1391 2874 1430 2905 ad
1454 2873 1648 2904 verissimam
1675 2873 1816 2913 scriptio-

1092 2937 1176 2965 nem,
1193 2933 1223 2957 et
1237 2929 1329 2958 morli
1344 2927 1384 2957 sit
1398 2937 1415 2956 c
1431 2925 1585 2967 margine:
