1912 3292
313 200 376 238 30

462 319 620 370 Suavis,
643 327 684 361 et
702 320 746 362 in
766 319 875 362 terra
896 320 1044 361 mentis
1063 320 1134 375 qui
1154 319 1338 377 gignitur
1358 326 1498 368 aestus;

353 395 430 435 175
462 393 761 450 Interdumque
779 394 894 450 quasi
915 394 1163 452 exsurgendi
1185 394 1342 435 incerta
1362 393 1560 434 voluntas,

464 467 581 525 Ergo
600 482 843 523 corpoream
863 477 1054 510 naturam
1075 469 1203 510 animi
1225 482 1325 517 esse,
1347 482 1509 509 necesse
1529 475 1587 508 est
1593 484 1608 516 ς

466 541 691 597 Corporeis
711 542 908 597 quoniam
928 542 1032 592 telis,
1053 542 1233 597 ictuque,
1257 541 1426 582 laborat.

522 612 563 656 Is
584 615 656 656 tibi
678 630 788 658 nunc
809 616 970 657 animus
990 615 1099 671 quali
1121 616 1171 656 sit
1192 629 1380 670 corpore,
1402 623 1443 655 et
1463 614 1574 655 unde

463 689 719 740 Constiterit,
741 704 912 747 pergam
934 690 1135 732 rationem
1157 688 1330 730 reddere
1350 687 1482 729 dictis.

527 762 757 818 Principio,
779 778 866 805 esse
885 764 952 805 aio
971 762 1252 819 persubtilem,
1274 769 1398 818 atque
1418 761 1586 802 minutis

358 766 436 802 180

469 836 675 892 Perquam
696 838 938 892 corporibus
958 837 1111 879 factum
1132 845 1338 879 constare:
1370 834 1414 877 id
1434 835 1491 876 ita
1510 849 1612 884 esse,

367 988 446 1020 Ibid.
471 991 537 1020 icit.
577 989 703 1020 Nonius
725 990 759 1020 in
784 992 843 1021 hac
869 1000 956 1029 voce,
979 991 999 1022 l.
1026 1002 1052 1022 c.

323 1051 474 1082 magnam
488 1041 554 1071 vim
576 1040 794 1080 exemplorum
816 1041 955 1081 cupienti
981 1052 1054 1081 sup·
1096 1042 1117 1072 i.
1135 1042 1318 1072 444.-Pr0
1332 1053 1415 1079 cum,
1433 1041 1473 1072 V.
1497 1041 1545 1072 ed.
1561 1042 1598 1072 Β.
1615 1053 1696 1078 rem,·
1720 1042 1834 1082 inepte.

323 1092 489 1132 peditabit;
520 1093 601 1123 inter
623 1103 695 1134 quae
720 1092 859 1133 Turpilii
884 1103 991 1124 versus
1020 1093 1055 1123 in

322 1144 458 1175 transitu
471 1146 568 1184 probe
583 1144 785 1175 constituam:

354 1211 388 1236 A.
413 1212 493 1240 Nam,
513 1210 536 1235 si
555 1210 628 1235 §ceris
645 1218 692 1237 me
709 1215 769 1243 post
790 1211 852 1242 hac,
873 1213 965 1238 credas
988 1212 1055 1237 mihi

510 1249 604 1280 velim,

592 1290 667 1314 Tum
680 1289 756 1321 quid,
767 1291 873 1315 censes?
905 1291 935 1315 B.
958 1290 1057 1316 Dolebis

513 1328 626 1354 scilicet.

407 1289 498 1320 lnquit

329 1388 449 1432 Vulgo,
470 1393 590 1423 dolebit.
635 1391 781 1432 Plautus,
798 1393 882 1424 Pers.
897 1403 924 1425 v.
941 1397 970 1425 2.
986 1397 1015 1425 6.

462 1465 526 1491 quae
537 1460 588 1485 hac
600 1466 641 1486 res
651 1461 708 1486 est?
727 1461 789 1491 Hei,
800 1461 946 1493 colaphum
958 1462 1010 1486 icit.

328 1522 462 1562 Legitur
476 1523 572 1554 etiarn
587 1533 648 1554 vox
662 1523 695 1554 in
713 1524 852 1563 Catullo,
867 1531 899 1555 et
912 1525 946 1555 in
956 1525 1062 1557 Plinio

329 1574 451 1614 saepius,

372 1625 447 1656 Ver.
465 1628 534 1657 163.
563 1628 767 1667 Corporeum:
798 1634 838 1659 Π.
865 1631 1064 1669 Corporea-

328 1687 389 1708 esse
405 1678 491 1708 abest
507 1683 543 1708 Δ.
588 1678 700 1717 Porro,
728 1680 897 1720 Epicurea,
923 1682 973 1712 his
988 1692 1063 1712 con-

331 1728 488 1769 gruentia,
514 1729 557 1760 sic
583 1740 615 1760 se
635 1731 752 1762 habent
774 1732 858 1771 apud
884 1733 1065 1774 Diogenem

330 1779 507 1818 La'e'rtium,
535 1791 564 1811 X.
581 1784 632 1812 67.
656 1782 729 1819 iad,
753 1781 777 1814 oi
793 1791 927 1824 λεγοντες
945 1798 1066 1826 ‹tcmpta-

333 1844 381 1862 τον
397 1844 462 1862 mac
485 1845 538 1865 ‘rm
555 1833 673 1874 ψυχην,
695 1835 906 1874 ματαιαζυσιν·
933 1838 991 1867 sen
1011 1851 1070 1880 ’γαρ

332 1895 367 1912 α’
383 1881 498 1914 §Buvoevo
514 1895 610 1921 voum,
623 1896 673 1914 8⁹?ss
691 1896 831 1926 ffoeffxssssl,
849 1899 869 1917 5¹
886 1900 916 1920 ἦν
937 1901 1067 1922 ‘fmall‘l'n‘

333 1948 375 1966 νυν
390 1934 418 1966 δ’
440 1948 562 1978 εναργως
578 1944 730 1979 αμφοτερα
753 1952 854 1969 ταυτα
872 1939 1067 1980 διιλαμξοινο-

330 1999 382 2026 μεν
399 1999 458 2028 περι
475 2000 527 2020 ‘rm
543 1989 651 2028 ψυχὴν
667 2001 709 2019 ‘m
723 2001 950 2029 συμπτωματα.
982 1992 1067 2022 Con-

331 2036 414 2067 feras
430 2036 649 2074 Plutarchum,
670 2037 746 2078 plac.
763 2040 841 2078 phil.
855 2040 894 2072 iv.
908 2045 938 2072 5.

375 2088 451 2119 Ver.
471 2092 540 2120 164.
576 2101 631 2121 ιτ.-
672 2096 708 2121 Δ.
739 2097 785 2122 et:
825 2092 917 2123 male.
963 2093 1067 2131 Maro,

336 2138 412 2170 AEn.
428 2139 468 2170 iv.
484 2142 558 2172 572.
582 2150 648 2171 non
663 2141 766 2173 aliter:

396 2209 507 2242 Conripit
517 2217 530 2234 e
540 2217 625 2236 somno
636 2214 736 2244 corpus,
746 2212 885 2244 sociosque
897 2213 1005 2245 fatigat.

333 2283 497 2304 —somnoe
524 2272 564 2304 V.
589 2274 641 2305 ed.
668 2286 800 2311 sommo;
836 2281 872 2307 Δ.
897 2288 1065 2308 summum.-

335 2324 355 2355 i.
371 2335 400 2356 e.
425 2327 708 2358 summ6.—Statim
734 2335 778 2360 Ω.
803 2329 898 2360 babet
928 2332 983 2369 At,
1014 2340 1070 2370 pro

338 2377 452 2417 Aeque.

377 2428 453 2459 Ver.
472 2431 542 2461 165.
565 2440 668 2470 regere
678 2441 717 2462 ac
728 2442 857 2463 versare.
886 2432 979 2463 Idem
994 2433 1068 2464 Vir-

336 2479 441 2519 gilius.
459 2479 534 2512 ibid.
549 2481 602 2513 vii.
619 2485 690 2513 101.

350 2548 450 2574 Omnia
460 2550 509 2575 sub
520 2551 785 2586 pedibus—vertique
795 2554 895 2587 regique
905 2555 1046 2581 videbunt.

381 2611 456 2642 Ver.
475 2617 546 2646 166.
575 2617 728 2648 videmus.-
762 2618 930 2658 respiciens
956 2620 1073 2652 scilicet

339 2671 389 2700 ea,
413 2673 483 2704 quae
497 2665 620 2697 dudum
635 2667 849 2709 disputaverit,
871 2670 911 2702 ad
929 2671 948 2702 i.
967 2675 1072 2704 502—

335 2717 408 2797 3316.
423 2722 465 2773 ‘et
487 2717 561 2749 alibi
569 2731 578 2757 ς
603 2720 630 2750 si
643 2722 798 2754 memoria
812 2723 938 2756 lectoris
951 2735 1001 2757 res
1015 2736 1069 2757 ex-

336 2775 365 2796 ci
389 2772 455 2798 ent.

338 2867 347 2874 ·
380 2819 456 2852 Ver.
475 2823 545 2854 167.
567 2829 624 2863 est,
647 2834 700 2856 me
717 2825 852 2868 volente,
877 2828 1070 2862 desideratur

337 2878 371 2899 m
389 2875 429 2902 Π.

811 186 872 236 Τ.
925 187 1306 236 LUCRETH

1143 1093 1216 1124 Ver.
1235 1096 1306 1127 170.
1333 1095 1526 1124 Consentire:
1554 1093 1626 1124 vide
1640 1104 1701 1125 ver.
1720 1097 1793 1127 154.

1141 1144 1215 1174 Ver.
1235 1147 1304 1175 171.
1327 1144 1479 1184 offendit.-
1505 1144 1603 1174 vind.
1621 1145 1661 1176 ο.
1676 1146 1716 1182 Q„
1734 1151 1771 1177 Δ.
1791 1153 1834 1178 n.
1856 1134 1891 1163 ¹

1101 1201 1146 1226 Ω.
1162 1194 1418 1236 ρῇὲηάίι-ιεῐίσ
1444 1194 1487 1225 sic
1502 1194 1540 1225 L.
1558 1195 1606 1226 Μ.
1622 1202 1654 1226 et
1667 1197 1769 1236 prisca
1785 1197 1835 1228 Pii
1862 1211 1883 1437 ἶ

1865 1335 1872 1353 ¹

1141 991 1215 1021 Ver.
1236 994 1307 1022 169.
1323 991 1444 1031 fungi:
1468 989 1489 1020 i.
1505 999 1530 1020 e.
1553 989 1630 1029 pati:
1664 989 1772 1021 redeas
1792 990 1834 1022 ad
1856 992 1889 1183 ἡ.

1100 1246 1302 1286 exemplaria:
1329 1246 1440 1288 reliqui
1456 1257 1577 1284 omnes,
1598 1249 1661 1279 teti.
1707 1249 1832 1280 Eadem
1859 1276 1861 1279 .
1890 1250 1893 1287 ἶ

1099 1297 1243 1328 confusio
1264 1297 1440 1328 dictionum
1461 1297 1540 1327 mihi
1561 1297 1684 1330 videtur
1701 1299 1833 1330 Claudi·
1863 1311 1870 1335 ,ἵ

1100 1349 1153 1380 ani
1180 1349 1301 1380 codices
1325 1349 1483 1388 invasisse,
1513 1349 1554 1380 ad
1587 1356 1664 1390 rapt.
1688 1350 1778 1383 Pros.
1807 1352 1840 1384 ii.

1102 1405 1176 1434 568.

1119 1469 1214 1494 Navita
1225 1475 1279 1494 non
1291 1469 1406 1495 moritur
1417 1469 1513 1500 fluctu,
1525 1476 1580 1495 non
1592 1471 1703 1503 cuspide
1713 1472 1806 1504 miles;

1120 1509 1225 1541 Oppida
1237 1508 1340 1534 funerei
1352 1509 1454 1542 pollent
1466 1509 1599 1535 immunia
1609 1510 1665 1536 teli.-

1877 1444 1883 1461 Ι
1894 1444 1896 1456 'v

1105 1573 1127 1603 i.
1143 1583 1169 1603 e.
1195 1574 1364 1604 morborum
1392 1573 1565 1610 immunia3
1592 1574 1654 1605 hoc
1682 1574 1769 1605 enim
1795 1580 1842 1607 eet

1106 1626 1211 1660 telum,
1235 1624 1325 1664 cujus
1346 1634 1405 1663 ope
1422 1626 1518 1655 Mors
1536 1624 1651 1655 funera
1672 1625 1838 1665 dispensat

1108 1675 1229 1716 Vulgo,
1244 1678 1307 1707 leti.
1342 1675 1496 1714 Isidorus,
1512 1675 1614 1716 origg.
1631 1676 1670 1706 iv.
1687 1680 1716 1707 6.
1740 1680 1762 1696 “
1781 1679 1840 1709 Te·
1898 1685 1910 1706 ἑ,

1110 1729 1132 1745 “
1148 1728 1211 1757 lum
1227 1727 1333 1757 lateris
1352 1726 1442 1757 dolor
1463 1733 1519 1757 est.
1566 1727 1700 1758 Dictum
1723 1734 1770 1759 est
1783 1739 1839 1760 au·
1883 1720 1885 1723 V

1112 1781 1134 1796 “
1150 1782 1216 1808 tem
1237 1778 1282 1808 ita
1302 1789 1322 1808 a
1343 1777 1484 1816 medicis,
1509 1777 1594 1818 quod
1609 1778 1716 1809 dolore
1729 1789 1843 1820 corpus

1113 1833 1136 1847 “
1150 1831 1386 1867 transverberet,
1416 1828 1505 1869 quasi
1531 1829 1688 1868 gladius.”
1735 1831 1841 1867 Quem

1111 1880 1220 1911 locum
1241 1880 1448 1912 Keuchenius
1469 1881 1573 1911 versui
1597 1881 1768 1921 Samonici,
1790 1883 1845 1924 qui
1900 1882 1912 1904 ·'

1113 1943 1247 1964 numero
1269 1939 1316 1964 est
1335 1937 1408 1964 402.
1431 1933 1587 1971 admovet,
1611 1933 1655 1963 sic
1676 1935 1847 1966 certissime
1901 1939 1903 1961 ἕ

1112 1984 1153 2014 ad
1168 1984 1288 2014 avitum
1305 1984 1420 2014 librum
1436 1983 1504 2024 ejus
1518 1984 1730 2016 rescribendo:

1141 2052 1185 2075 Est
1197 2054 1224 2075 ct
1235 2051 1274 2075 vis
1286 2052 1384 2082 morbi,
1395 2053 1468 2083 quod
1479 2053 1556 2078 telum
1567 2060 1804 2082 commemoratur
1809 2066 1819 2089 5

1142 2091 1235 2122 Quum
1248 2091 1337 2116 subito
1348 2091 1426 2116 dolor
1437 2093 1544 2117 insanus
1557 2093 1624 2125 serit
1636 2095 1733 2120 incitus
1743 2097 1811 2122 ictu.

1113 2153 1229 2192 Aliter,
1248 2154 1347 2195 jin-it.
1394 2155 1586 2187 Ammianus
1625 2158 1846 2201 Marcellinus,
1898 2160 1899 2165 ¹

1112 2204 1153 2235 ad
1175 2214 1246 2235 xxx.
1270 2210 1300 2237 6.
1328 2207 1525 2245 superveniet
1552 2210 1841 2243 commodissimus:
1904 2249 1906 2251 ,

1113 2259 1136 2274 “
1153 2255 1388 2298 Paullatimque
1398 2257 1525 2299 lenitus,
1539 2260 1769 2293 etadmolliora
1778 2273 1850 2303 pro-

1114 2311 1137 2325 “
1153 2308 1288 2347 pensior,
1299 2314 1451 2350 tanquam
1461 2312 1540 2343 ictus
1550 2313 1620 2350 telo,
1630 2312 1780 2354 vitalique
1789 2313 1850 2354 via,
1904 2330 1907 2350 ;

1114 2361 1137 2377 “
1153 2369 1291 2401 voceque
1300 2361 1404 2398 simul,
1419 2362 1577 2401 obstricta,
1588 2363 1738 2395 suffectus
1752 2365 1848 2406 igneo
1905 2361 1907 2377 ²

1115 2413 1137 2429 “
1153 2410 1274 2442 lumine
1289 2413 1503 2445 cemebatur.’'
1552 2414 1603 2446 Sic
1627 2415 1735 2455 plures
1749 2426 1851 2448 mem-

1112 2463 1230 2494 branae:
1265 2464 1353 2503 editi,
1377 2467 1457 2497 ictus
1477 2477 1493 2497 e
1509 2468 1598 2504 coelo;
1623 2467 1790 2508 quae'mihi
1804 2469 1850 2500 vi-

1112 2514 1228 2546 dentur
1252 2516 1359 2548 minus
1384 2518 1549 2559 exquisita,
1579 2525 1612 2550 et
1639 2525 1849 2552 correctorem
1884 2558 1889 2564 ’

1113 2577 1228 2606 sapere.
1276 2568 1446 2607 Caeterum,
1470 2571 1551 2601 bene
1573 2576 1687 2601 notum
1707 2576 1765 2610 est,
1788 2581 1852 2609 eos,

1114 2618 1169 2659 qui
1197 2619 1314 2650 morbis
1345 2621 1518 2653 subitaneis
1545 2621 1751 2664 violentisque
1786 2624 1850 2654 sint
1881 2636 1884 2642 ·

1114 2670 1243 2709 mortui,
1271 2678 1367 2711 peste,
1393 2672 1442 2703 vel
1457 2672 1592 2711 insania,
1616 2673 1666 2703 vel
1684 2675 1851 2714 puerperio

1113 2721 1260 2763 denique,
1282 2723 1442 2764 Apollinis
1461 2735 1496 2755 ac
1513 2725 1627 2756 Dianae
1642 2727 1710 2757 telis
1724 2726 1848 2757 confec-

1113 2779 1161 2804 tos
1177 2784 1244 2806 esse
1269 2776 1354 2815 apud
1383 2776 1566 2807 Homerum
1594 2777 1672 2808 dici:
1699 2787 1758 2808 nec
1783 2788 1849 2808 non

1112 2827 1200 2858 mille
1215 2835 1289 2860 sunt
1307 2829 1341 2859 in
1357 2829 1456 2869 po'eltis
1480 2831 1684 2870 metaphorae,
1707 2830 1746 2861 ad
1763 2841 1848 2862 mor-

1114 2888 1178 2913 tem
1193 2889 1379 2924 spectantes,
1393 2884 1478 2916 haud
1493 2884 1623 2916 aliunde
1638 2885 1792 2916 derivatae.
