1912 3292
352 237 447 279 244

858 229 918 277 T.
972 229 1353 278 LUCRETII

495 361 687 413 Ponitur,
710 375 762 403 ex
781 361 950 417 templo,
972 361 1075 403 coelo
1096 362 1278 404 stellante
1298 377 1456 414 sereno,

497 435 642 477 Sidera
660 435 910 490 respondent
929 435 972 475 in
992 434 1097 492 aqua
1118 435 1320 478 radiantia
1340 437 1500 478 mundi.

381 514 464 551 215
494 509 644 552 Jamne
663 509 775 551 vides
794 509 934 567 igitur,
957 524 1081 564 quam
1100 518 1256 564 puncto
1276 518 1462 566 tempore
1482 511 1619 568 imago

497 582 682 625 AEtheris
703 598 755 625 ex
775 583 856 624 oris
876 583 919 623 in
941 590 1143 624 terrarum
1164 582 1317 624 adcidit
1338 584 1454 624 oras?

354 725 378 743 ¹‘
393 727 499 759 noctu,
522 732 580 752 nec
596 724 704 752 diu—.
751 721 854 751 Plaut.
875 719 998 758 Casina,
1024 720 1077 762 (iv.

352 777 375 793 “
391 778 421 804 4.
437 774 486 812 5.)
510 773 689 812 Noctuquc,
704 776 736 802 et
749 773 814 802 diu.
860 770 952 801 Idem
970 770 1078 802 Aulul.

355 828 378 843 “
394 824 462 856 Nec
485 825 552 861 diu,
576 833 634 853 nec
662 828 769 861 noctu,
793 822 990 863 quietus—-.‘’
1035 823 1080 853 Et

351 875 613 916 pervulgatiorem
627 875 754 914 phrasin
765 876 818 905 sub
829 877 879 905 dio
895 874 1002 905 leviter
1013 885 1079 905 esse

352 927 506 958 detortam
527 937 584 966 pro
606 927 660 958 sub
682 928 749 962 diu,
771 926 845 957 satis
867 926 964 967 liquet
979 937 1017 957 ex
1032 928 1080 956 his

351 979 437 1010 Festi
465 979 578 1010 verbis:
613 981 636 997 “
654 980 753 1009 Dium
778 978 1079 1019 antiqui—appella·

352 1032 376 1049 “
391 1030 662 1062 bant-diurnum
688 1031 746 1060 sub
771 1029 848 1060 coelo
874 1029 995 1067 lumen,
1019 1042 1078 1060 om

351 1085 376 1101 “
394 1094 432 1113 τε
445 1081 508 1117 διας.
553 1081 648 1112 Unde
663 1080 765 1111 adhuc
779 1082 832 1112 sul>
847 1082 898 1111 dio
914 1080 980 1111 fieri
1003 1079 1079 1111 dici-

350 1136 374 1152 ‘⁴
390 1143 472 1170 mus,
487 1132 572 1174 quod
586 1143 650 1163 non
660 1132 696 1162 fit
706 1133 764 1162 sub
775 1137 872 1170 tecto;
888 1137 920 1161 ct
930 1133 1078 1167 interdiu,

351 1188 376 1204 “
391 1185 444 1215 cui
459 1184 649 1215 contrarium
664 1190 711 1214 est
726 1183 851 1214 noctu.”
876 1185 935 1214 Sub
951 1185 1001 1214 dio
1017 1183 1077 1224 igi.

351 1241 405 1266 tur
418 1241 465 1266 est
478 1237 532 1267 sub
549 1237 599 1266 die
604 1251 614 1272 ;
639 1241 742 1276 atque,
763 1240 800 1264 ut
821 1234 954 1270 videtur,
970 1235 1081 1265 castior

352 1287 504 1326 scriptura
515 1292 545 1317 et
560 1286 727 1327 antiquior,
743 1295 838 1326 quam
853 1286 906 1316 sub
918 1287 1003 1316 divo:
1021 1286 1081 1316 hoc

352 1346 459 1371 tamen
506 1339 648 1379 pluribus
687 1339 857 1370 editoribus
893 1339 1081 1370 Latinorum

350 1392 454 1423 multo
467 1392 569 1433 magis
585 1391 711 1431 placuit.
757 1391 799 1421 In
814 1390 920 1422 codice
944 1391 991 1422 M.
1013 1401 1081 1422 cor-

352 1450 474 1475 rexerat
488 1444 602 1485 aliquis
615 1446 672 1474 diu
694 1444 728 1474 in
749 1445 834 1480 divo;
858 1442 942 1483 quod
964 1443 1080 1473 centies

352 1495 387 1526 in
416 1495 580 1533 similibus,
619 1494 813 1535 antiquitatis
850 1493 1081 1524 venerabilioris

353 1547 488 1587 speciem
511 1546 726 1584 referentibus,
743 1545 940 1576 inscitissime
962 1544 1082 1574 factum

352 1604 415 1629 est:
457 1598 542 1628 unde
572 1596 796 1628 difficillimum
825 1595 861 1625 fit
898 1605 1082 1635 germanam

351 1650 538 1690 scripturam
560 1648 695 1688 purioris
717 1648 787 1684 aevi,
815 1647 942 1677 detersis
969 1646 1080 1676 sciolo-

352 1711 425 1732 rum
439 1700 673 1732 obliterantium
695 1699 846 1734 sordibua
862 1698 968 1738 priscis
983 1699 1082 1729 hono-

352 1753 438 1784 ribus
460 1752 729 1783 redonare—Pro
748 1752 900 1790 splendor,
923 1750 961 1780 B.
983 1751 1083 1789 splen-

357 1806 438 1836 dore.

398 1855 480 1886 Ibid.
502 1855 643 1895 splendor
667 1854 780 1893 aqna'i:
806 1852 825 1882 i.
850 1862 876 1882 e.
907 1850 1081 1891 splendida,

354 1907 450 1946 clara,
464 1906 513 1936 vel
528 1916 616 1945 pura,
633 1905 780 1945 denique,
798 1913 878 1944 aqua
883 1915 893 1941 ;
918 1902 986 1945 ὕδωρ
1000 1910 1082 1942 λαμ.-

355 1972 429 2001 προν.
474 1958 638 1993 Horatius,
654 1956 702 1987 od.
720 1956 763 1986 iii.
781 1959 829 1986 15.
849 1959 874 1985 l.

417 2029 440 2053 0
450 2029 456 2053 Ξ
466 2028 531 2060 fons
541 2027 695 2057 Bandusiae,
705 2025 859 2059 splendidior
870 2025 980 2050 vitro—.

358 2086 510 2118 Suavibus
524 2085 665 2116 numeris
682 2084 785 2120 Silius,
802 2084 882 2114 Pun.
898 2083 957 2113 xiv.
973 2085 1045 2112 228.

386 2161 440 2185 Nec
452 2165 519 2189 non,
541 2159 588 2190 qui
605 2161 701 2190 potant
719 2158 902 2190 Hypsamque,
923 2155 1083 2186 Alabimque

479 2205 618 2228 sonorum,

387 2241 420 2265 Et
431 2239 616 2272 perlucentem
627 2237 765 2271 splendenti
772 2237 872 2270 gurgite
884 2236 1017 2262 Achaten.

356 2303 442 2334 Vide
456 2313 508 2334 me
523 2302 563 2333 ad
577 2302 610 2332 ii.
626 2305 698 2333 590.
722 2311 827 2340 supra:
854 2300 967 2341 quibus
988 2298 1083 2329 adsti-

356 2356 484 2395 pulatur
499 2354 624 2396 egregie
639 2353 726 2385 locus
744 2352 893 2393 Oppiani,
921 2361 1028 2392 cyneg.
1052 2350 1083 2381 ii.

356 2412 406 2441 59.

571 2489 594 2519 εξ
619 2497 714 2523 ava-poto
734 2494 893 2522 προχωμενον
921 2483 1082 2510 ΑΡΓΥΦΟΝ

508 2536 632 2562 ’ΥΔΩΡι

356 2605 376 2636 i.
391 2615 417 2636 e.
442 2615 553 2643 ALBA,
568 2604 617 2635 vel
630 2605 802 2645 splendida,
818 2613 909 2643 aqua.
942 2606 1084 2642 Αργυφον·

358 2663 504 2698 Rumpor,
524 2671 541 2690 n
559 2664 676 2688 zennon.-
702 2655 891 2693 scholiastes,
921 2652 961 2683 ad
984 2651 1083 2682 Hom.

359 2707 400 2737 ῙῙ.
417 2714 461 2739 Ω.
477 2711 549 2739 621.
572 2708 717 2740 Bodjnus
739 2722 854 2750 oep‘yvpor
874 2702 1085 2736 infelicissime

357 2760 534 2797 reponebat.
578 2759 734 2795 Sedulius,
750 2769 844 2790 carm.
859 2758 902 2788 lii.
918 2761 947 2787 5.

829 2830 965 2857 mirabile!
980 2829 1055 2854 fusas

388 2870 420 2893 ln
431 2870 526 2894 vinum
537 2872 671 2896 convertit
680 2878 778 2903 aquas:
795 2871 923 2898 amittere
933 2870 1053 2903 gaudent

391 2907 515 2933 Pallor-em
526 2908 648 2935 latices-
656 2917 663 2934 ε

1122 720 1141 751 i.
1157 731 1183 752 e.
1205 723 1414 753 albitudinem.
1448 722 1630 753 Formulam
1642 728 1748 754 autem
1760 723 1853 755 illam

1123 785 1161 803 τε
1180 774 1265 807 Quod
1281 773 1398 804 centies
1419 773 1556 803 vidimus
1576 774 1610 803 in
1636 774 1794 813 Lucretio,
1817 780 1850 805 et
1903 774 1905 778 ⁴

1121 823 1154 853 in
1169 824 1228 854 hoc
1244 834 1333 854 versu
1349 834 1420 854 cum
1441 825 1504 860 Quo
1517 824 1549 854 in
1562 823 1667 855 codice
1680 824 1716 855 Β.
1729 831 1852 856 mutata

1123 881 1176 907 est.
1222 875 1314 906 Idem
1329 876 1432 906 evenit
1454 875 1600 917 Hygino,
1626 876 1706 916 po'e't.
1734 883 1848 909 astron.

1122 926 1153 957 ii.
1174 930 1219 957 13.
1235 927 1278 957 sic
1293 926 1503 958 rescribendo:
1531 931 1553 946 “
1575 929 1672 965 Quod,
1689 928 1848 967 Minerva,

1124 980 1147 995 “
1163 977 1281 1016 pudore
1290 984 1443 1017 permota,
1452 977 1529 1017 pede
1537 978 1697 1017 pulverem
1709 979 1848 1019 injecit.”

1124 1028 1285 1069 Vulgatur
1318 1031 1393 1065 Quo,
1423 1035 1455 1059 et
1475 1028 1614 1059 defendit
1637 1029 1849 1068 Munckerus;

1122 1078 1177 1109 sed
1192 1079 1346 1119 exempla,
1369 1090 1439 1120 quae
1454 1079 1500 1110 vir
1521 1079 1718 1110 doctissimus
1729 1079 1771 1111 ad
1785 1080 1846 1111 fab.

1123 1130 1165 1161 iii.
1181 1130 1394 1171 congregavit,
1414 1130 1477 1160 alio
1491 1129 1689 1170 aurigantur:
1716 1140 1792 1160 nam
1806 1130 1850 1162 ibi

1126 1197 1159 1214 το
1173 1194 1232 1222 quo
1255 1192 1348 1213 suum
1370 1183 1500 1213 verbum
1514 1183 1615 1218 habet,
1642 1181 1682 1213 ad
1703 1182 1788 1224 quod
1803 1193 1850 1214 re·

1124 1234 1242 1274 spiciat-

1169 1285 1251 1316 Ibid.
1287 1287 1341 1316 sub
1369 1287 1435 1317 diu.
1494 1285 1684 1316 Vetustioris
1719 1286 1851 1326 hujusce

1124 1338 1234 1368 formae
1260 1338 1388 1378 vestigia
1413 1343 1543 1368 manent
1557 1338 1732 1369 etiamnum
1747 1338 1781 1368 in
1796 1347 1851 1368 vo·

1125 1388 1244 1419 cabulis
1257 1391 1385 1427 nudius,
1396 1391 1536 1429 perdius,
1553 1399 1588 1419 ac
1601 1390 1721 1420 subdiu.

1167 1441 1241 1471 Ver.
1259 1444 1330 1471 215.
1352 1451 1388 1472 ez·
1401 1442 1527 1481 templo.-
1555 1439 1649 1472 vind.
1673 1440 1714 1471 V.
1737 1440 1785 1472 ed.
1809 1441 1849 1471 B.

1125 1496 1160 1523 Σ.
1175 1492 1314 1530 exemplo.

1169 1552 1249 1583 Ibid.
1271 1563 1385 1583 serena.
1431 1552 1532 1592 Lego:

1472 1629 1544 1655 coelo
1555 1629 1680 1655 stellante
1689 1636 1785 1654 sereno.

1126 1695 1318 1735 Propertius,
1334 1696 1364 1726 ii.
1381 1699 1431 1727 20.
1447 1699 1498 1727 61.

1128 1777 1257 1809 Quaeritis
1267 1781 1305 1807 et,
1315 1777 1374 1802 coelo
1386 1777 1546 1802 Phoenicum
1558 1777 1669 1803 inventa
1679 1784 1774 1808 sereno,

1156 1818 1226 1849 Quae
1237 1818 1271 1842 sit
1281 1817 1356 1843 stella
1367 1818 1633 1848 liomin'rcommoda,
1642 1823 1760 1849 quaeque
1768 1817 1850 1846 mala,

1625 1859 1853 1890 BEN‘rLtrus.

1130 1941 1281 1972 Similiter
1295 1941 1362 1980 alii,
1377 1952 1441 1972 non
1458 1951 1539 1972 raro:
1566 1940 1636 1971 vide
1651 1946 1802 1976 nostrum,
1813 1940 1851 1970 π’.

1127 2000 1198 2027 246.
1222 1996 1396 2027 Probabilis
1407 2002 1513 2026 autem
1525 1997 1590 2026 haec
1603 2000 1648 2025 est
1663 1994 1840 2025 emendatio
1845 2006 1855 2032 ;

1127 2047 1180 2078 sed
1195 2054 1405 2088 repugnanter
1425 2047 1623 2086 accepissem,
1644 2046 1703 2076 nisi
1720 2045 1851 2085 scriptu-

1126 2109 1193 2129 ram
1208 2099 1340 2130 eandem
1357 2100 1391 2129 in
1406 2105 1511 2129 nostro
1525 2098 1631 2129 codice
1647 2103 1681 2129 Δ.
1705 2097 1852 2128 offendis-

1127 2160 1207 2180 sem:
1234 2161 1308 2180 nam
1322 2150 1487 2180 Lucretius
1501 2149 1541 2180 ad
1556 2149 1701 2179 laevorem
1714 2148 1851 2179 elabora-

1128 2206 1196 2231 tum
1212 2201 1396 2231 nitidiorum
1411 2202 1580 2240 poetarum,
1596 2210 1674 2241 quos
1688 2199 1791 2230 secula
1805 2210 1852 2230 se-

1127 2252 1254 2294 quentia
1268 2252 1444 2292 poliverint‚
1468 2261 1532 2282 non
1559 2255 1605 2281 est
1627 2256 1744 2281 temere
1765 2259 1852 2281 com-

1127 2303 1317 2343 planandus;
1341 2303 1433 2334 saltui
1462 2301 1588 2333 cuidam
1616 2302 1752 2333 verrucis
1779 2303 1853 2333 sub-

1127 2356 1201 2387 inde
1216 2356 1372 2397 inaequali,
1399 2366 1494 2397 quam
1513 2354 1615 2386 novali
1630 2354 1741 2394 nitido,
1765 2354 1852 2385 simi·

1127 2408 1195 2440 lior.

1171 2468 1253 2499 Ibid.
1275 2469 1346 2499 coelo
1370 2468 1516 2499 stellante.
1560 2466 1638 2497 Post
1661 2465 1852 2502 Homerum,

1126 2521 1165 2551 11.
1181 2527 1216 2552 o.
1232 2523 1306 2551 571.

1167 2603 1272 2635 Ευχετο,
1286 2599 1346 2636 χωρ’
1365 2608 1450 2635 αρε-γαν
1468 2609 1497 2628 εις
1515 2596 1853 2625 OYPANON'Ax'rEPo-

1282 2649 1396 2674 ENTA:

1129 2724 1160 2750 et
1173 2724 1280 2759 postea
1293 2717 1458 2758 Virgilius,
1476 2715 1550 2747 AEn.
1565 2714 1616 2745 vii.
1631 2717 1703 2745 210.

1190 2794 1278 2818 Aurea
1289 2798 1361 2816 nunc
1372 2791 1437 2816 solio
1447 2789 1568 2815 stellantis
1578 2788 1650 2821 regia
1660 2788 1714 2813 coeli

1189 2832 1339 2863 Adcipit-.

1171 2897 1245 2929 Ver.
1268 2901 1340 2929 214.
1369 2898 1469 2928 sidera
1497 2897 1675 2937 respondent
1701 2897 1734 2927 in
1764 2891 1857 2935 aqud.
