1912 3292
482 300 709 349 LIBER
769 298 1150 356 QUARTUS.

1467 308 1553 347 361

207 434 267 476 Ut
286 432 454 489 vestigia
473 431 506 471 si
526 438 693 471 teneant
712 430 878 470 inventa
896 429 1094 478 ferarum;

200 503 595 563 Expergefacteique
615 510 841 558 sequuntur
860 502 1001 542 inania
1020 517 1127 557 saepe

201 582 429 622 Cervorum
449 577 679 626 simulacra,
700 576 810 633 fugae
831 576 946 632 quasi
966 575 1106 616 dedita
1126 585 1316 627 cernant;

199 655 347 696 Donec
367 651 554 692 discussis
574 650 745 692 redeant
765 650 970 692 erroribus
990 649 1044 690 ad
1064 665 1117 690 se.

86 732 167 773 995
199 727 272 778 At,
295 732 489 768 consueta
508 725 651 776 domu,
673 724 901 766 catulorum
920 723 1072 765 blanda
1090 738 1277 780 propago

56 904 80 920 “
95 899 212 932 doloris
227 900 504 931 obtundere:'’-i.
522 911 548 932 e.
569 899 681 931 leniter
702 906 780 931 trac-

56 953 206 991 tantibus,
221 955 352 984 molliter
355 953 553 994 ferientibus.

97 1004 172 1034 Ver.
190 1007 261 1036 990.
283 1004 402 1035 crebro:
430 1003 524 1034 Vind.
549 1007 585 1034 Δ.
602 1010 643 1034 Π.
660 1008 694 1035 Σ.
717 1014 781 1033 cre-

54 1057 126 1086 bras
131 1071 141 1093 ‚·
165 1062 202 1086 ut
216 1056 267 1086 edi
282 1056 371 1094 solet,
386 1061 494 1086 contra
508 1055 652 1086 castiores
667 1061 698 1085 et
725 1065 780 1085 an·

55 1108 203 1150 tiquiores
217 1108 319 1138 libros.

97 1160 181 1191 Ibid.
214 1163 382 1192 reducunt:
419 1160 555 1191 breviter
587 1160 714 1197 dictum,
747 1166 784 1190 ut

54 1213 128 1243 alibi
143 1219 246 1244 noster
261 1214 454 1253 saepiuscule,
470 1224 527 1253 pro
539 1216 648 1244 iterum
658 1216 783 1244 iterum-

53 1275 111 1304 que
125 1266 254 1303 ducunt,
273 1265 392 1295 vicibus
406 1265 542 1304 repetitis
556 1264 684 1294 ducunt.

98 1317 174 1348 Ver.
192 1321 262 1349 991.
293 1319 346 1349 Ut.-
372 1317 416 1347 sic
433 1317 468 1347 P.
486 1316 525 1347 V.
541 1306 588 1347 edss
606 1323 646 1347 Π.
660 1323 705 1347 Ω.
719 1316 782 1346 Re-

53 1367 132 1408 liqui
146 1378 264 1404 omneS‚
282 1370 515 1399 Et.·-z‘nvent(1:
534 1368 577 1397 V.
589 1366 636 1397 ed.
639 1367 782 1407 juveram

53 1420 89 1450 in
104 1426 237 1461 utroque
251 1420 320 1450 loco
334 1419 426 1459 positi
445 1419 493 1449 bis
507 1419 620 1449 versus.

97 1471 172 1501 Ver.
190 1475 262 1502 992.
284 1476 465 1510 sequuntur:
492 1470 529 1500 P.
545 1475 723 1509 sequantur-5
742 1475 782 1499 11.

54 1527 93 1554 Σ.
118 1528 280 1553 secuntur:
307 1521 346 1551 de
372 1520 435 1562 qua
458 1520 610 1560 scriptura
636 1520 782 1550 Draken-

51 1575 218 1606 borchium
231 1574 335 1610 adeas,
358 1573 393 1604 in
415 1573 483 1604 Liv.
501 1573 541 1603 ix.
558 1576 587 1603 2.
604 1575 654 1604 15.
671 1579 716 1603 Ω.
737 1583 782 1603 se-

54 1633 181 1666 quntur.

96 1686 171 1716 Ver.
187 1689 259 1718 993.
281 1687 466 1717 simulacra:
492 1685 533 1715 V.
557 1684 604 1715 ed.
627 1685 781 1715 simulata.

53 1737 196 1778 —fugae.·
215 1738 256 1770 V.
273 1738 320 1768 ed.
339 1738 378 1768 O.
397 1743 440 1767 II.
454 1742 488 1768 Σ.
504 1743 549 1766 Ω.
559 1737 783 1775 fugax-quasi

53 1791 175 1820 dedita.-
199 1789 244 1819 sic
262 1789 300 1819 P.
314 1788 411 1819 Vind.
430 1794 474 1818 Ω.
494 1792 524 1816 et
539 1786 619 1816 nihil
633 1786 743 1825 purius
765 1795 782 1815 e

54 1839 347 1870 variislectionibus
362 1838 484 1869 videtur
499 1836 696 1867 eliciendum.
740 1836 781 1866 V.

55 1890 102 1921 ed.
119 1891 158 1921 B.
174 1891 210 1921 L.
227 1891 275 1921 M.
291 1891 482 1930 quasiddz'ta,
505 1887 553 1918 vel
569 1898 643 1928 quas
666 1889 780 1922 Melita,-

58 1943 96 1973 Ο.
114 1945 204 1983 quasi
215 1945 337 1978 addz'ta;
356 1946 390 1972 Δ.
401 1952 470 1982 quae
482 1942 601 1975 dedita,·
614 1949 678 1969 non
690 1938 781 1969 male:

56 2001 97 2025 Π.
113 1997 204 2034 quasi
217 1996 358 2029 subdita5
386 1998 420 2025 Σ.
444 1994 532 2033 quasi
546 1993 660 2022 abdita.
709 1991 783 2020 Sus-

56 2047 143 2085 picor
157 2047 191 2076 in
206 2048 315 2076 morbo
330 2047 443 2076 cubare
458 2045 580 2081 locum;
603 2043 657 2073 sed
668 2048 787 2072 memet

55 2108 120 2128 non
137 2108 202 2128 esse
211 2097 341 2128 medelae
356 2101 543 2135 compotem,
556 2100 666 2134 sponte
677 2094 783 2124 fateor.

56 2150 243 2184 Tentamen‚
261 2147 345 2188 quod
365 2147 515 2188 sequitur,
527 2146 592 2176 veri
603 2145 782 2176 similitudi·

56 2212 130 2232 nem
145 2202 257 2231 habere
272 2205 363 2240 puto:

67 2280 217 2303 cervorum
228 2277 379 2307 simulacra,
389 2277 464 2309 fugae
477 2277 552 2308 quasi
560 2276 650 2301 sidata
659 2278 781 2301 cernant.

56 2348 101 2378 Et
116 2348 194 2378 forte
209 2358 248 2378 an
264 2347 399 2377 formula
401 2349 503 2390 ⁴⁸quasi
513 2350 540 2378 si
549 2346 690 2377 librarios
702 2345 783 2375 labe-

59 2399 176 2436 fecerit‚
208 2404 239 2428 et
268 2409 376 2428 ansam
398 2398 564 2437 praebuerit
586 2396 782 2435 corruptelae:

57 2450 128 2480 vide
142 2459 216 2479 mox
231 2450 408 2480 venientem
424 2459 484 2479 ver.
502 2452 593 2479 1008.

100 2502 175 2531 Ver.
191 2504 261 2533 994.
284 2503 454 2532 erroribus:
480 2501 522 2530 sic
541 2506 576 2530 Δ.
599 2499 651 2529 alii
667 2509 783 2534 omnes,

56 2555 238 2584 terroribus:
267 2552 322 2582 sed
346 2553 463 2592 optime
487 2552 655 2581 Turnebus
677 2561 783 2580 emen-

58 2605 142 2634 davit
156 2615 193 2634 ex
203 2603 393 2644 conjectura,
410 2604 452 2634 sic
467 2609 504 2634 ut
519 2603 681 2634 edidimus.
716 2602 784 2632 Ad-

57 2655 146 2685 haesit
163 2655 316 2686 nimirum
338 2655 450 2685 ultima
474 2655 557 2685 vocis
583 2653 786 2694 praecedentis

57 2707 154 2738 litera.

102 2767 184 2797 Ibid.
207 2768 350 2798 discussis
365 2767 535 2802 erroribus;
559 2765 613 2806 qui
635 2771 708 2795 sunt
722 2765 785 2795 uti-

60 2827 121 2858 que
136 2818 237 2859 caligo
252 2818 365 2848 animi:
393 2828 468 2848 nam
483 2816 643 2847 translatio
665 2816 787 2846 videtur

59 2878 124 2898 esse
137 2870 175 2899 ab
186 2875 256 2900 ortu
271 2869 356 2908 solis,
372 2869 474 2899 noctis
488 2869 629 2898 tenebras
643 2867 785 2907 fugante,

59 2919 202 2951 derivata.
249 2921 342 2951 Maro
358 2921 509 2960 apertiore
521 2920 625 2960 phrasi
637 2930 702 2950 rem
713 2929 786 2950 ean-

59 2970 134 3001 dem
147 2972 322 3010 declaravit,
340 2973 381 3004 ad
397 2973 473 3004 AEn.
489 2972 542 3004 xii.
557 2976 630 3004 669.

986 897 1104 922 discussae
1114 895 1220 925 umbre,
1233 897 1260 920 et
1270 894 1321 919 lux
1333 894 1437 919 reddita
1447 895 1534 919 menti.

826 966 913 996 Nam
927 970 1023 995 noctu
1038 964 1121 995 recta
1136 963 1265 994 callium
1276 962 1404 1004 regione
1418 961 1552 1002 proclive

825 1024 871 1048 est
884 1017 1052 1048 viatoribus
1066 1018 1217 1047 aberrare.

871 1075 951 1106 Ibid.
973 1077 1098 1106 redeant
1115 1077 1158 1105 ad
1173 1085 1211 1105 se.
1257 1073 1325 1104 Nos
1340 1075 1456 1104 hancce
1470 1073 1552 1113 figu-

826 1133 926 1157 ratam
948 1126 1139 1156 locutionem
1171 1125 1317 1155 nonnihil
1338 1124 1555 1155 ventilavimus

827 1177 866 1208 ad
888 1177 960 1207 Silv.
995 1177 1070 1207 Crit.
1094 1181 1168 1206 sect.
1192 1175 1308 1206 lxxxix.
1355 1175 1405 1205 Sic
1430 1174 1556 1214 Hippo-

828 1235 924 1259 crates
934 1235 966 1259 et
975 1228 1157 1259 Herodotus
1167 1227 1316 1257 dixerunt
1332 1240 1356 1261 ες
1370 1240 1470 1258 zanua-ou
1482 1239 1556 1268 παρ-

829 1294 901 1316 ειναι,
921 1282 987 1322 παρ’
1004 1293 1103 1310 mvn-ov
1126 1282 1264 1319 γενεσθαι,
1286 1291 1364 1312 εντος
1389 1291 1479 1309 eamq-8
1505 1291 1556 1317 γε·

829 1336 926 1364 νεσέαι.
971 1333 1060 1363 Hinc
1087 1332 1280 1362 Pausaniam
1306 1336 1432 1370 peccato
1461 1331 1554 1360 libra-

827 1384 947 1414 riorum
972 1383 1119 1419 liberabo,
1145 1383 1186 1413 ix.
1212 1386 1261 1413 25.
1306 1388 1432 1422 Atym-ou
1454 1380 1482 1412 δε
1505 1395 1556 1412 και

830 1450 960 1478 werpum-05
991 1438 1059 1474 οψιν
1083 1449 1164 1476 αυτῳ
1198 1437 1324 1475 γενεσθαι
1351 1446 1500 1476 προηκοντι
1531 1447 1556 1468 ες

828 1502 926 1529 γῆρας.
973 1494 1132 1523 Eos-mmm
1147 1488 1163 1519 ἦ
1182 1493 1340 1528 nepo-sporn
1357 1485 1381 1516 οἱ
1396 1484 1557 1516 καθευδοντι

828 1552 864 1570 εκ
882 1547 1002 1578 εφασκεν
1019 1540 1166 1578 ὑμνηθῆναι
1181 1551 1251 1577 pom
1265 1539 1338 1568 θεων
1354 1537 1410 1567 ὑπο
1421 1535 1554 1577 Πινδαρε-

829 1603 949 1623 vl'olnffilv
961 1604 1012 1630 μίν
1028 1604 1070 1621 ’701
1087 1603 1136 1620 καί
1154 1602 1179 1623 ἒς
1194 1602 1285 1621 αῑΙΤῆν
1310 1600 1396 1628 ᾳθμω
1422 1586 1556 1629 Πίνδαρον

828 1646 946 1673 ελέοντα.
973 1643 1007 1676 ὡς
1023 1644 1180 1672 ‘ATTONt
1206 1641 1226 1671 i.
1251 1651 1277 1670 e.
1301 1638 1554 1680 expergefactum.

826 1693 947 1733 Vulgo,
965 1707 1064 1726 αυ-την.
1109 1693 1153 1722 Et
1179 1691 1339 1722 translatio
1365 1696 1411 1720 est
1436 1691 1475 1720 ab
1498 1691 1556 1720 ho-

826 1743 912 1773 mine
927 1743 1059 1774 domum
1075 1753 1177 1780 suam,
1193 1752 1232 1772 ex
1247 1741 1309 1782 qua
1324 1751 1464 1781 egressus
1480 1747 1556 1780 erat,

826 1795 984 1825 redeunte.
1030 1795 1081 1824 Ita
1118 1794 1210 1824 Plato
1243 1793 1468 1833 intelligendus
1497 1798 1556 1831 est,

826 1846 907 1885 apol.
928 1846 994 1876 Soc.
1011 1852 1082 1875 sect.
1099 1849 1127 1876 6.
1148 1851 1220 1886 Προς
1237 1857 1359 1884 εμαυτον
1370 1843 1392 1874 δ’
1409 1856 1439 1874 εν
1454 1857 1557 1881 amam,

829 1897 1000 1937 ελογιζομῆν
1015 1897 1171 1926 ὃτι-κτλ.
1187 1895 1206 1925 l.
1219 1905 1244 1925 e.
1260 1897 1395 1925 Domum
1407 1905 1555 1925 reversus:

828 1948 912 1989 quod
927 1950 1088 1978 Forsterus
1102 1958 1167 1977 non
1182 1946 1342 1981 intellexit,
1371 1952 1408 1976 ut
1431 1956 1489 1976 nec
1504 1946 1558 1976 alii

828 2001 1019 2039 interpretes.
1046 1999 1147 2029 Haud
1159 1998 1286 2028 aliunde
1299 2004 1421 2028 rectum
1432 1997 1559 2036 arripias

831 2052 937 2083 Ovidii
952 2062 1087 2087 sensum,
1104 2052 1137 2081 in
1153 2050 1240 2090 epist.
1255 2061 1303 2080 XV.
1325 2053 1394 2080 115.

859 2136 919 2159 Post
931 2141 1013 2165 quam
1026 2140 1049 2157 se
1060 2133 1129 2157 dolor
1140 2132 1255 2162 invenit,
1266 2138 1315 2157 nec
1327 2134 1437 2163 pectora
1447 2131 1547 2163 plangi,

890 2176 945 2199 Nec
957 2174 1055 2206 puduit
1066 2173 1147 2198 scissis
1159 2172 1300 2198 exululare
1311 2172 1405 2196 comis.

827 2248 919 2278 Idem
934 2247 1023 2277 aliter
1033 2256 1099 2276 rem
1116 2245 1238 2281 extulit,
1256 2250 1329 2275 met.
1344 2244 1388 2274 iii.
1404 2247 1443 2274 68
1450 2248 1477 2275 9.

1053 2327 1194 2359 pavidum,
1207 2327 1390 2359 gelidumque,
1401 2324 1531 2349 trementi

861 2370 990 2400 Corpore,
1002 2367 1111 2398 vixque
1122 2373 1215 2395 meum,
1225 2365 1316 2389 firmat
1327 2364 1461 2388 deus—.

830 2454 934 2489 Quem
946 2451 1052 2481 locum
1065 2451 1154 2481 docte
1167 2457 1197 2480 et
1209 2454 1350 2480 accurate
1363 2447 1560 2478 acutissimus

829 2502 983 2534 Heinsius
1007 2502 1205 2531 edissertavit.
1251 2500 1417 2530 Petronius
1442 2498 1475 2527 in
1501 2507 1556 2527 cu-

828 2554 955 2584 mulum
975 2552 1112 2590 accedat,
1138 2558 1209 2582 sect.
1225 2561 1271 2581 xc.
1295 2554 1317 2569 “
1333 2551 1407 2590 Ego
1436 2558 1560 2590 quoque

831 2609 851 2624 ‘⁶
869 2605 973 2635 sinum
985 2614 1093 2634 meum
1106 2605 1187 2633 saxis
1199 2603 1348 2632 onerabo:
1367 2606 1413 2637 ut,
1424 2600 1560 2641 quoties-

831 2661 852 2675 “
870 2666 1005 2696 cumque
1022 2655 1150 2694 coeperis
1165 2666 1183 2684 α
1200 2660 1228 2684 le
1255 2655 1343 2688 crire,
1372 2652 1561 2692 sanguinem

831 2711 853 2726 ‘⁴
869 2707 925 2737 tibi
940 2718 959 2737 a
973 2707 1074 2745 capite
1088 2704 1243 2735 mittam.'‘
1275 2703 1330 2734 Ad
1345 2713 1441 2744 quem
1455 2702 1561 2733 locum

831 2761 939 2791 doctos
953 2760 1086 2790 editores
1102 2757 1430 2789 fructuose-consulas.

872 2813 947 2842 Ver.
965 2815 1035 2843 995.
1060 2811 1250 2850 Inter-pretes
1266 2810 1353 2839 hunc
1367 2817 1491 2838 versum
1511 2812 1559 2837 ta-

830 2866 889 2896 cite
911 2864 1182 2904 praeterlabuntur‚
1199 2863 1287 2904 quasi
1302 2863 1382 2892 foret
1395 2860 1562 2901 expeditis-

832 2918 918 2947 simae
934 2916 1181 2947 constructionis.
1229 2916 1276 2946 At
1292 2915 1379 2944 enim
1393 2913 1488 2944 nimis
1499 2911 1561 2941 vel-

833 2970 904 3006 lem,
935 2969 1150 3000 declaravisset
1176 2967 1296 3009 aliquis,
1331 2965 1482 3007 quidnam
1503 2963 1561 2994 sibi

771 3030 871 3060 Aa?
