1912 3292
459 235 692 284 LIBER
743 238 1123 294 QUARTUS.

1398 260 1402 265 '
1455 255 1542 293 241

207 364 388 415 Deinde,
409 365 520 420 quod
539 380 668 420 usque
687 366 790 407 adeo
809 368 971 408 textura
991 369 1166 423 praedita
1185 372 1276 413 rara

209 437 452 488 Mittuntur,
472 437 587 478 facile
605 446 652 479 ut
671 453 771 494 quas
790 440 849 480 vis
868 449 1083 496 penetrare
1102 453 1254 499 queant
1274 460 1351 496 reS‚

207 509 264 552 Et
283 512 397 566 quasi
415 525 657 565 permanare
675 527 750 567 per
769 514 873 554 a'e'ris
893 514 1162 558 intervallum.

207 583 426 633 Praeterea,
449 584 497 635 si,
519 599 612 640 quae
631 587 794 641 penitus
814 589 1053 643 corpuscula
1072 604 1210 632 rerum

94 660 176 696 200
207 656 274 697 Ex
294 656 456 713 altoque
479 658 587 700 foras
607 660 840 712 mittuntur,
863 662 956 703 solis
975 663 1058 703 utei
1077 663 1151 704 lux

201 729 267 771 Ac
285 745 429 786 vapor,
450 731 541 774 haec
560 742 716 788 puncto
736 744 960 777 cernuntur
978 736 1090 778 labsa
1115 738 1196 779 diei

204 801 285 845 Per
304 811 439 846 totum
459 806 550 848 coeli
570 808 746 863 spatium
766 808 996 851 diffundere
1016 825 1118 860 sese;

58 959 72 986 1
89 956 160 988 Cor.
175 966 223 988 xv.
237 960 286 990 52.
303 959 343 990 ad
355 961 503 991 amussim
513 963 679 1002 respondet
684 976 694 1002 ;
707 974 782 995 nam

50 1015 201 1048 punctum
216 1014 274 1048 est,
292 1011 377 1051 quod
391 1015 491 1044 secari
504 1015 624 1055 nequit,
643 1017 782 1055 partibus

56 1069 174 1097 carens,
190 1067 221 1092 et
236 1063 461 1103 magnitudine.

98 1119 179 1151 Ibid.
203 1132 311 1153 caussa
326 1134 345 1152 a
361 1129 460 1163 tergo:
489 1124 655 1166 insequens
669 1138 782 1168 nempe

54 1170 158 1211 plaga,
175 1172 214 1204 de
224 1173 286 1214 qua
297 1176 491 1207 mentionem
502 1178 575 1209 fecit
584 1180 624 1210 ad
637 1191 696 1210 ver.
710 1184 723 1210 1
731 1184 781 1211 89.

55 1222 101 1253 Et
114 1233 224 1255 omnes
244 1227 365 1267 antiqui
381 1227 451 1259 libri
466 1237 534 1268 post
548 1232 633 1262 hunc
658 1243 780 1263 versum

55 1282 180 1313 ponunt
201 1287 263 1308 ver.
280 1281 353 1309 204.
376 1280 430 1310 sed
452 1287 534 1312 certe
557 1293 622 1313 non
638 1283 696 1314 sua
720 1290 781 1314 sta-

53 1325 149 1357 tione.

96 1385 172 1417 Ver.
190 1390 262 1419 197.
282 1399 358 1429 quas
373 1391 418 1421 vis
431 1398 556 1431 queant:
586 1393 627 1424 V.
643 1393 692 1425 ed.
718 1406 778 1435 qua

52 1438 97 1469 vis
111 1444 212 1478 queat.

94 1496 170 1528 Ver.
200 1501 268 1530 198.
294 1510 497 1539 permanare:
524 1502 562 1533 V.
594 1503 640 1534 ed.
669 1504 708 1535 B.
735 1512 776 1536 Π.

43 1553 374 1588 Ρενπιαηενε.-αὲνῖε;
401 1552 439 1583 Β.
453 1555 553 1590 acris,-
578 1561 615 1586 ut
627 1555 701 1586 alibi
723 1567 775 1587 co-

52 1599 113 1631 dex
127 1600 184 1632 iste
198 1603 343 1642 peccavit.

93 1660 176 1692 Ibid.
198 1665 290 1703 quasz'
293 1674 496 1704 permanare:
521 1666 541 1697 i.
553 1677 578 1697 e.
596 1668 673 1699 “ita
682 1679 775 1708 pene-

53 1713 75 1729 “
91 1716 188 1751 trant,
205 1723 241 1744 ac
256 1714 283 1744 si
294 1716 412 1756 fluidis
434 1717 604 1756 particulis,
630 1729 696 1750 non
718 1731 774 1750 au-

53 1764 77 1780 “
92 1767 157 1794 tem
186 1763 302 1801 solidis,
339 1766 546 1797 consistant:”
584 1779 669 1808 nam,
707 1782 776 1811 quae

53 1811 151 1844 fluida
174 1820 257 1851 sunt,
278 1816 417 1847 maxime
442 1819 644 1857 penetrabilia
672 1822 775 1861 perhi-

51 1862 174 1896 bentur.

94 1922 168 1954 Ver.
185 1927 258 1956 200.
281 1927 331 1956 Ex
343 1929 574 1969 altoquefhras:
593 1932 713 1972 antiqui
724 1943 776 1963 co-

51 1971 134 2003 dices
157 1974 216 2010 Pii,
239 1977 289 2006 Ex
312 1979 372 2008 alto
395 1981 429 2009 in
451 1986 547 2012 terras
552 1997 563 2018 ‚·
587 1982 778 2014 odiosissime

46 2029 78 2054 et
91 2025 299 2063 putidissime:
326 2030 385 2059 hoc
402 2031 488 2061 enim
504 2038 603 2071 pacto,
630 2045 699 2074 quae
715 2041 775 2066 sta-

48 2073 108 2104 tim
123 2075 260 2112 veniunt,
276 2078 434 2110 infelicem
453 2092 508 2121 per
522 2084 777 2124 anticipationem

48 2126 167 2168 frigore
182 2128 347 2162 feriuntur.
374 2132 456 2163 Haec
464 2141 581 2172 autem,
594 2143 659 2167 tam
670 2138 777 2178 inepta

48 2184 142 2219 atque
156 2179 385 2222 intempestiva,
409 2185 536 2226 reliquis
558 2190 705 2220 omnibus
720 2201 774 2221 ex·

51 2229 240 2269 emplarium
263 2243 387 2272 prorsus
412 2236 565 2277 ignorata,
590 2247 681 2271 nacta
701 2249 776 2273 sunt

48 2280 156 2311 faciles
170 2282 264 2313 nimis
278 2284 419 2323 editores,
440 2294 470 2317 et
485 2290 650 2321 stationem
666 2292 700 2323 in
716 2294 776 2323 im-

48 2333 170 2371 pressis,
186 2344 205 2363 a
219 2336 345 2366 nemine
356 2348 420 2368 non
430 2349 618 2381 concessam,
630 2344 774 2376 obtinue-

48 2389 131 2414 runt.
163 2385 295 2416 Phrasin
305 2392 430 2427 penitus
445 2402 479 2421 esc
493 2394 612 2433 altoque
623 2395 776 2436 Virgilius

48 2435 243 2476 aliquantulo
257 2440 374 2471 variare
388 2442 494 2479 voluit,
509 2444 550 2474 ad
564 2456 631 2486 geo.
644 2447 687 2478 iii.
701 2452 771 2480 258.

49 2486 122 2516 hinc
136 2489 231 2526 probe
245 2490 427 2529 capiendus:

79 2575 188 2600 Fluctus
205 2577 256 2608 uti,
277 2579 304 2603 in
323 2580 413 2606 medio
434 2583 519 2614 coepit
536 2590 622 2615 quum
642 2585 775 2614 albescere

169 2620 265 2647 ponto,

79 2654 188 2686 Longius
199 2663 232 2680 ex
243 2657 342 2690 altoque
353 2660 441 2685 sinum
453 2662 577 2688 trahit-.

51 2739 220 2772 Maronem
242 2743 355 2776 imitati
378 2753 452 2778 sunt
468 2748 613 2781 Valerius
636 2751 772 2789 Flaccus

50 2800 79 2821 v,
97 2795 168 2825 525.
194 2801 226 2825 et
241 2796 337 2828 Silius
364 2799 504 2839 Italicus,
525 2802 544 2832 i.
559 2806 632 2834 469.
658 2805 775 2836 Confer

49 2841 144 2881 infra,
158 2854 234 2877 verr.
250 2850 300 2879 71.
316 2853 388 2882 269.
412 2854 511 2884 Foras
532 2860 639 2885 autem
653 2856 772 2896 simpli-

49 2892 126 2925 citer
140 2895 220 2928 valet
233 2900 270 2930 de
283 2901 346 2933 loco
362 2904 483 2944 quovis;
511 2911 545 2936 ut
559 2905 578 2937 i.
596 2909 666 2938 978.
680 2910 774 2939 1106.

826 967 849 982 “
866 966 974 1001 Foras,
991 967 1040 1004 εξω
1057 979 1091 1001 εις
1104 967 1231 998 τοπαν.·”
1247 968 1397 1008 glossator
1408 977 1548 1005 vetus.—

824 1017 904 1046 utez‘:
932 1022 973 1047 Π.
988 1018 1049 1048 ubi.

867 1067 945 1097 Ver.
977 1071 1048 1099 201.
1077 1070 1124 1100 Ac
1141 1077 1273 1109 puncto:
1300 1078 1341 1102 Π.
1367 1074 1410 1104 Ae
1428 1082 1548 1114 pont-to.

827 1116 879 1147 Ob
906 1118 1145 1149 similitudinem
1175 1120 1402 1153 elementorum
1427 1136 1444 1155 c
1470 1131 1502 1155 et
1522 1133 1547 1162 t,

824 1169 939 1208 passim
953 1169 1053 1200 solent
1067 1171 1116 1199 hae
1128 1172 1245 1201 voculae
1253 1184 1290 1203 ac
1300 1180 1331 1202 et
1341 1180 1372 1204 at
1385 1176 1534 1206 confundi
1539 1189 1549 1214 ;

824 1228 860 1250 ut
880 1220 1042 1261 aliquoties
1065 1222 1189 1252 monuit
1213 1223 1488 1257 Drakenborchius
1508 1228 1549 1259 ad

823 1272 960 1307 Livium,
975 1272 1100 1312 aliique.

867 1323 947 1354 Ibid.
964 1330 1079 1363 puncto
1091 1326 1155 1355 diez·
1161 1338 1171 1355 .·
1189 1326 1274 1365 quod
1280 1334 1394 1366 puncto
1406 1333 1549 1369 temporis

822 1373 917 1403 modo
940 1381 1110 1411 vocaverat,
1134 1375 1174 1405 ad
1202 1386 1263 1407 ver.
1292 1381 1361 1410 194.
1394 1385 1425 1409 et
1453 1381 1547 1412 brevis

821 1427 904 1460 hora,
922 1435 982 1456 ver.
1003 1429 1071 1457 179.
1099 1426 1151 1457 Sic
1161 1427 1315 1459 Horatius
1325 1432 1547 1464 lzoraemomen-

819 1484 857 1511 to,
874 1482 965 1517 atque
979 1479 1062 1508 lzoroe
1072 1485 1195 1518 puncto.

863 1529 938 1560 Ver.
960 1534 1032 1561 202.
1055 1530 1247 1571 dzffimdere:
1283 1533 1331 1563 ῙΜ.
1360 1535 1542 1576 (ἰςίὶιηιίενες

819 1580 925 1612 minus
946 1581 987 1612 ad
1009 1592 1088 1613 rem:
1116 1593 1191 1614 nam
1216 1594 1281 1615 non
1304 1585 1355 1615 hic
1380 1587 1485 1627 agitur
1506 1588 1546 1619 de

818 1633 879 1664 loci
893 1634 1068 1672 altitudine,
1084 1635 1138 1666 sed
1153 1636 1192 1667 de
1201 1638 1358 1677 sparsione
1369 1639 1431 1670 lata
1443 1641 1547 1673 radio-

819 1695 905 1716 rum:
931 1697 984 1716 me
1010 1687 1114 1718 videas
1143 1689 1182 1719 ad
1212 1700 1274 1720 ver.
1299 1694 1476 1724 88.—-sese.·
1504 1700 1544 1724 Π.

819 1748 924 1774 coecoe;
948 1748 1035 1768 error
1047 1749 1086 1768 ex
1100 1739 1280 1771 recitatione
1296 1748 1395 1773 natus.

863 1787 945 1818 Ibid.
967 1788 1148 1829 diffundere.
1181 1791 1330 1822 Similiter
1345 1793 1384 1823 de
1397 1796 1464 1825 luce
1479 1795 1544 1825 dic-

819 1838 939 1869 tionem
956 1840 1150 1871 Claudianus
1171 1842 1325 1882 adhibuit,
1350 1845 1383 1874 in
1407 1846 1545 1878 versibus

818 1889 980 1930 dignitatis
994 1896 1026 1920 et
1042 1893 1218 1923 ornamenti
1239 1893 1354 1933 plenis3
1377 1895 1410 1926 in
1432 1897 1545 1937 quibus

820 1947 926 1972 tamen
949 1942 1025 1973 levis
1046 1954 1130 1975 error
1145 1946 1274 1977 mirifice
1288 1948 1426 1979 virorum
1442 1951 1546 1982 erudi-

820 1998 926 2023 torum
940 2004 1073 2024 acumen
1088 1995 1169 2026 lusit.
1212 1998 1379 2038 Leguntur
1402 2000 1441 2031 de
1466 2008 1545 2033 sext.

821 2053 903 2075 cons.
922 2044 1045 2076 Honor.
1061 2046 1103 2076 ad.
1118 2057 1178 2078 ver.
1197 2051 1266 2079 191.

1103 2144 1153 2163 nec
1161 2142 1189 2164 te
1200 2146 1286 2171 meus,
1295 2141 1426 2174 improbe.
1434 2145 1529 2171 saltem

849 2175 962 2199 Terruit
978 2177 1108 2208 exemplo
1124 2178 1275 2210 Phaethon,
1292 2181 1339 2212 qui
1348 2181 1462 2208 fulmina
1473 2191 1542 2216 prae-

942 2222 1003 2247 ceps

850 2255 879 2278 In
892 2255 987 2279 nostris
998 2256 1097 2281 efflavit
1107 2258 1191 2288 aquis,
1203 2259 1268 2283 dum
1281 2259 1406 2286 flammea
1417 2263 1483 2287 coeli

850 2293 969 2319 Flectere
980 2296 1090 2320 terrenis
1102 2297 1250 2322 meditatur
1259 2297 1335 2323 frena
1346 2299 1460 2331 lacertis,

847 2332 1009 2363 Mortalique
1019 2333 1083 2358 diem
1094 2339 1181 2366 sperat
1192 2336 1334 2368 diffundere
1345 2339 1439 2364 vultu?

848 2372 935 2396 Crede
946 2373 1023 2402 mihi,
1033 2373 1112 2398 simili
1121 2375 1268 2401 bacchatur
1278 2378 1401 2407 crimine,
1412 2379 1528 2411 quisquis

848 2411 972 2442 Adspirat
985 2414 1079 2438 Romae
1090 2415 1178 2446 spoliis
1188 2423 1218 2440 ac
1229 2416 1288 2441 solis
1299 2417 1416 2442 habenis.

815 2489 914 2528 Libri,
937 2498 1008 2527 aut,·
1035 2495 1182 2525 nonnulli
1206 2495 1323 2531 volunt,
1350 2504 1402 2528 ut:
1427 2499 1490 2535 sed,
1514 2500 1539 2530 si

818 2546 1080 2576 constructionem
1109 2548 1260 2585 attendaS‚
1296 2560 1444 2590 agnosces
1467 2563 1539 2583 nos-

817 2600 898 2625 tram
927 2598 1177 2630 emendationem
1206 2601 1298 2630 unice
1327 2608 1441 2633 rectam
1466 2615 1541 2637 esse.

820 2646 981 2678 Confundi
995 2649 1096 2680 solent
1109 2658 1164 2682 aut
1180 2657 1211 2681 et
1222 2663 1275 2683 ac:
1293 2653 1386 2684 adeas
1398 2654 1544 2687 Draken-

816 2698 990 2736 borchium,
1007 2707 1037 2730 et
1055 2711 1132 2741 quos
1146 2701 1259 2738 laudat,
1276 2703 1316 2734 ad
1330 2704 1397 2736 Liv.
1413 2706 1476 2738 xxi.
1490 2710 1543 2739 53.

816 2753 846 2781 5.
868 2751 892 2782 J
894 2753 1046 2789 uvenalis‚
1061 2760 1115 2784 sat.
1131 2765 1159 2785 x.
1176 2758 1244 2786 114.

849 2844 991 2876 Eloquium
1002 2849 1049 2870 aut
1065 2846 1168 2873 famam
1188 2849 1385 2882 Demosthenis,
1401 2854 1448 2877 aut
1463 2851 1540 2878 Cice-

939 2885 1021 2916 tonis,

848 2922 945 2955 Incipit
953 2927 1086 2956 optare—.
