1912 3292
373 185 469 225 120

870 179 930 228 T.
984 179 1361 230 LUCRETII

399 310 484 350 765
516 308 589 352 Vis
609 311 736 352 animi
754 311 907 367 pariter
927 313 1071 354 crescit
1090 326 1184 354 cum
1205 326 1377 367 corpore
1396 326 1572 368 quoque.

516 384 678 426 Scilicet
696 385 740 426 in
759 394 902 427 tenero
920 394 1171 428 tenerascere
1190 401 1363 441 corpore
1382 394 1560 427 mentem

519 458 787 516 Confugient:
818 460 931 516 quod
951 461 982 501 si
997 461 1084 514 jam
1104 460 1166 510 fit,
1188 459 1340 501 fateare
1361 474 1522 501 neeesse
1541 466 1602 500 est

519 531 742 574 Mortalem
762 549 846 575 esse
865 534 1063 582 animam;
1096 533 1306 588 quoniam,
1328 542 1486 574 mutata
1504 548 1578 588 per
1597 540 1708 574 artus

519 605 659 648 Tanto
679 622 817 662 opere,
839 608 989 648 amittit
1008 608 1149 656 vitam,
1172 621 1414 662 sensumque
1433 607 1626 661 priorem.

405 679 486 719 770

576 679 724 728 Quove
744 681 869 722 modo
889 681 1054 736 poterit,
1076 680 1229 735 pariter
1248 694 1342 721 cum
1363 695 1535 734 corpore
1554 694 1716 736 quoque

521 753 794 804 Confirmata,
817 755 1000 809 cupitum
1022 753 1152 794 aetatis
1172 760 1341 810 tangere
1360 752 1504 794 florem

521 826 594 866 Vis
615 827 757 876 animi,
779 828 857 868 nisi
877 828 955 868 erit
975 842 1142 869 consors
1162 828 1205 868 in
1225 827 1384 884 origine
1403 826 1558 882 prima?

520 898 685 947 Quidve
704 900 812 941 foras
832 901 908 942 sibi
928 901 1012 942 volt
1031 901 1224 942 membris
1244 902 1358 942 exire
1377 900 1570 942 sene-ctis?

518 973 589 1012 An
609 973 755 1013 metuit
774 973 965 1014 conclusa
984 988 1149 1015 manere
1169 974 1212 1014 in
1233 989 1405 1030 corpore
1424 974 1560 1030 putri?

418 1127 491 1160 Ver.
508 1131 579 1160 767.
606 1129 803 1170 ίῖ)ιι.[“ιιὲι“εηι.·
842 1130 881 1161 P.
911 1132 1102 1173 Conjingent,

373 1181 451 1212 item
464 1182 559 1219 bene3
586 1181 634 1211 M.
651 1186 685 1213 Σ.
705 1182 902 1223 Confugiavet,
922 1192 986 1212 non
1002 1182 1100 1219 male;

376 1232 416 1263 Ο.
435 1234 656 1275 Confirzgerent,
674 1232 781 1263 volens
794 1232 879 1263 haud
901 1232 1006 1271 dubie,
1025 1236 1101 1264 Con-

362 1284 508 1325 fingent;
546 1289 586 1313 Π.
612 1282 878 1326 Confugice.—fit:
915 1283 952 1314 P.
982 1286 1038 1314 sit:
1072 1290 1103 1314 et

377 1334 417 1364 Ο.
428 1335 473 1374 fit
489 1334 784 1373 jam-Caeterum,
805 1335 861 1364 viri
877 1334 972 1372 docti,
995 1335 1049 1376 qui
1063 1335 1102 1366 de

374 1384 493 1424 majore
507 1390 668 1415 venustate
684 1398 722 1416 eru
738 1385 922 1427 Consugiant
938 1391 1001 1416 tam
1017 1387 1101 1426 copi-

375 1446 429 1466 ose
443 1435 610 1474 disserunt,
634 1437 724 1468 nobis
739 1437 883 1468 videntur
898 1438 1010 1477 partim
1026 1438 1103 1475 falli,

373 1488 488 1527 partim
513 1495 625 1529 arguta
649 1490 744 1520 nimis
769 1496 800 1521 et
823 1490 948 1521 subtilia
970 1497 1101 1530 captare.

376 1539 439 1571 Sed
460 1541 494 1571 in
518 1551 551 1571 re
568 1541 627 1571 levi
651 1551 716 1571 non
739 1552 841 1581 operae
857 1542 992 1581 pretium
1007 1542 1102 1573 fuerit

374 1592 493 1623 bonum
509 1593 611 1623 otium
631 1593 758 1623 trivisse.

416 1643 492 1673 Ver.
509 1647 580 1674 768.
604 1645 766 1675 Mortale-m
782 1655 858 1675 esse:
885 1645 925 1676 V.
941 1645 990 1676 ed.
1013 1647 1100 1678 Mor-

375 1696 529 1736 talefore.

418 1747 495 1778 Ver.
525 1750 596 1781 769.
635 1752 746 1782 vitam:
793 1751 814 1782 i.
850 1763 876 1783 e.
920 1754 1104 1784 vitalitatem

376 1800 476 1840 quasi,
499 1811 535 1830 ac
549 1801 697 1841 vigorem.
743 1803 994 1843 Exspectavisses
1009 1806 1108 1837 nihilo

377 1851 483 1881 minus
497 1852 622 1891 po‘e'tam
637 1854 824 1893 scripturum
842 1867 922 1888 esse:

390 1934 484 1959 Tanto
494 1941 575 1966 opere
584 1936 686 1961 amittit
698 1936 790 1967 vireis,
803 1944 964 1971 sensumque
974 1939 1101 1971 priorem.

380 2006 443 2038 Sed
458 2007 527 2038 libri
544 2008 577 2038 in
593 2009 726 2050 vulgatis
741 2013 950 2042 consentiunt.

423 2057 496 2088 Ver.
515 2062 585 2090 770.
605 2062 719 2095 Quove:
748 2068 787 2092 Π.
809 2064 932 2100 Quoeve,·
956 2069 987 2093 et
1001 2065 1105 2094 statim

381 2113 417 2140 Δ.
429 2110 594 2151 frangere,
611 2122 667 2151 pro
681 2119 813 2152 tangere.

422 2165 497 2195 Ver.
517 2169 589 2197 771.
621 2169 806 2209 Confirmata
832 2172 942 2200 oetatis.
986 2170 1106 2200 Pariter

380 2217 545 2257 Virgilius,
561 2218 616 2249 ecl.
632 2219 670 2249 iv.
685 2223 736 2250 57.

395 2314 457 2321 -
468 2302 513 2326 ubi
527 2303 582 2334 jam
591 2303 703 2334 firmata
714 2306 801 2329 virum
813 2311 840 2331 te
852 2306 947 2332 feccrit
957 2311 1089 2332 ctas—.

425 2377 507 2408 Ibid.
529 2381 629 2410 celatis
640 2381 765 2420 florem.

385 2433 453 2460 162.

822 2381 926 2420 Idem,
955 2383 1029 2414 AEn.
1057 2385 1108 2414 vii.

599 2519 833 2551 —primaevo
844 2520 1060 2553 florejuve11tus.

382 2583 426 2613 Et
440 2588 664 2626 ‹etatis-florem
688 2588 755 2619 vult
777 2592 799 2607 ‘⁸
815 2590 912 2620 aetatis
933 2590 1113 2628 cacunzen,”

383 2639 419 2662 ut
433 2634 464 2665 ii.
485 2639 574 2668 1129.
598 2639 672 2678 quia
688 2639 720 2669 in
737 2641 900 2670 cacumine
914 2643 979 2682 flos
996 2641 1113 2671 enasci-

383 2689 443 2714 tur.
487 2686 575 2717 Hinc
589 2690 687 2729 flores
703 2690 785 2729 ipsos
802 2693 960 2728 virtutum,
990 2692 1038 2722 vel
1053 2692 1114 2721 vir-

379 2740 467 2766 'tutes
486 2739 797 2780 praecellentissimas,
824 2743 992 2782 Pindarus,
1021 2743 1071 2774 Ol.
1093 2744 1112 2774 i.

383 2790 435 2817 21.
460 2797 580 2829 κορυφας
597 2805 699 2833 aps-ra»
719 2794 950 2835 elegantissime
966 2796 1110 2826 nomina·

383 2844 436 2869 vit.

1189 1130 1264 1160 Ver.
1283 1132 1353 1161 772.
1376 1131 1476 1160 animi
1490 1131 1552 1161 nisi
1562 1144 1572 1160 .·
1600 1137 1640 1162 Π.
1657 1132 1778 1163 animis.

1187 1181 1265 1212 Ver.
1284 1183 1355 1212 775.
1374 1183 1517 1212 senectis:
1545 1182 1582 1212 P.
1594 1182 1635 1213 V.
1651 1182 1697 1214 ed.
1715 1183 1754 1214 B.
1770 1193 1871 1215 senec-

1145 1238 1209 1268 tus;
1233 1232 1439 1271 ineptissime:
1474 1233 1527 1263 sed
1549 1233 1681 1264 librariis
1703 1234 1870 1275 exqusitio-

1145 1292 1212 1312 rem
1227 1293 1334 1313 vocem
1349 1283 1543 1322 repudiatam
1553 1294 1619 1314 esse
1630 1294 1693 1315 non
1705 1285 1872 1324 miramur,

1146 1343 1245 1374 quum
1261 1334 1338 1364 Pius
1360 1335 1425 1373 ipse
1450 1334 1489 1365 de
1511 1334 1616 1365 nostra
1632 1334 1765 1366 lectione
1779 1335 1881 1366 saciat

1147 1385 1180 1414 in
1195 1386 1277 1416 notis
1291 1386 1497 1425 mentionem,
1517 1392 1549 1416 et
1563 1397 1645 1428 aegre
1660 1387 1802 1418 videatur
1815 1396 1873 1427 pro

1146 1436 1289 1478 legitimo
1327 1437 1458 1468 nomine
1492 1448 1667 1479 agnoscere.
1727 1438 1884 1478 Plautus,'

1147 1490 1292 1521 Trinum.
1308 1490 1326 1520 i.
1344 1494 1372 1521 2.
1388 1494 1417 1522 5.
1441 1491 1583 1530 Amphit.
1598 1492 1636 1522 iv.
1654 1495 1682 1522 2.
1701 1494 1747 1522 12.
1770 1497 1802 1522 et
1815 1491 1873 1522 ali-

1145 1542 1176 1572 bi
1191 1542 1262 1581 plus
1277 1542 1385 1580 semel,
1412 1543 1506 1572 habet
1525 1541 1644 1574 senectti
1659 1549 1758 1574 aeeate.
1803 1536 1882 1574 Ata-¹·

1143 1593 1239 1624 relius
1249 1594 1370 1632 Victor,
1386 1594 1457 1634 epit.
1473 1605 1540 1634 cap.
1558 1595 1598 1626 xl.
1611 1598 1732 1626 20.—“
1747 1595 1882 1626 inferior?

1146 1647 1169 1663 “
1180 1645 1325 1676 adversus
1336 1645 1474 1676 laborem
1483 1646 1559 1677 vitio
1569 1653 1694 1678 senecta:
1704 1646 1878 1678 ‹etatis—:¹¹

1145 1697 1201 1727 ubi
1216 1697 1358 1727 doctrina
1374 1698 1539 1728 Arntzenii
1555 1698 1612 1729 tibi
1628 1698 1718 1738 plura
1731 1698 1883 1738 exemplag

1149 1748 1368 1787 suppeditabit.
1401 1749 1544 1780 Maxime
1555 1749 1733 1789 appositum
1747 1755 1794 1780 est
1811 1749 1882 1784 Salv

1150 1798 1236 1828 lustii
1250 1799 1476 1839 fragmentum,
1498 1800 1568 1831 hist.
1583 1800 1623 1831 iv.
1646 1800 1731 1840 apud
1745 1800 1878 1836 Priscia.

1151 1859 1242 1888 num,
1269 1850 1324 1890 qui
1345 1849 1464 1882 senecta
1487 1853 1586 1891 quiete
1600 1861 1638 1882 ex
1655 1851 1782 1883 Catullo
1805 1861 1878 1892 pro»

1147 1901 1230 1940 tulit,
1254 1901 1306 1932 lib.
1332 1901 1372 1932 ix.
1390 1913 1419 1942 p.
1443 1906 1584 1935 869.-“
1605 1913 1725 1940 omnes,
1754 1904 1878 1945 quibus,

1149 1955 1171 1970 “
1186 1959 1300 1983 senecta
1316 1964 1447 1992 corpore,
1470 1954 1596 1984 animus
1620 1954 1764 1985 militaris
1785 1953 1882 1994 emh'}

1151 2003 1244 2034 Idem
1267 2004 1502 2044 grammaticus,
1528 2015 1556 2044 p.
1573 2006 1646 2036 887.
1669 2004 1778 2036 inserit
1802 2012 1883 2052 cetaeb

1148 2060 1216 2093 post
1231 2056 1339 2095 quibus
1347 2070 1358 2090 ;
1385 2065 1456 2095 quae
1471 2065 1543 2093 vox,
1570 2055 1630 2086 nisi
1655 2056 1695 2086 sit
1709 2066 1747 2086 ex
1761 2055 1880 2097 glossi.

1148 2106 1192 2136 sic
1221 2106 1348 2136 fortasse
1377 2107 1519 2148 castigari
1548 2106 1726 2138 debet:—“
1753 2098 1879 2150 quibuss

1150 2161 1172 2176 “
1187 2160 1280 2188 etiam
1310 2165 1434 2188 senecto
1461 2159 1618 2198 corpore.'‘
1664 2159 1878 2195 Quemadmoq

1150 2210 1228 2240 dum
1242 2210 1352 2250 Dictys
1377 2210 1544 2249 Cretensis,
1571 2211 1613 2242 iii.
1631 2215 1681 2242 21.
1726 2215 1748 2230 “
1766 2203 1881 2254 Nequev

1153 2264 1174 2279 ‘¹
1190 2260 1322 2291 dubium
1337 2261 1497 2302 cuiquam,
1523 2262 1599 2303 quin
1625 2264 1819 2304 contemptui
1842 2263 1881 2295 sit

1153 2315 1175 2330 “
1191 2311 1404 2343 adolescentiae
1425 2320 1543 2345 senecta
1565 2314 1670 2346 aems.’'
1718 2315 1822 2346 Adeas
1835 2311 1882 2347 ii!-

1153 2363 1200 2393 fra
1215 2369 1366 2401 nostrum,
1384 2375 1412 2395 v.
1430 2369 1502 2396 884.

1196 2423 1272 2453 Ver.
1297 2426 1315 2454 7
1320 2426 1368 2454 74.
1408 2424 1594 2466 Cogitabam
1626 2425 1803 2468 aliquoties,
1838 2434 1878 2459 aa

1153 2481 1334 2506 contextum
1349 2476 1495 2508 invaserit
1517 2478 1666 2519 genuinae
1682 2479 1765 2510 vocis
1786 2466 1879 2510 intexi-

1158 2532 1400 2566 pretamentum,
1416 2535 1447 2559 et
1462 2529 1616 2569 scripserit
1629 2530 1806 2561 Lucretius:

1188 2603 1230 2627 An
1241 2603 1340 2629 metuit
1353 2604 1469 2628 conclusa
1480 2611 1590 2630 manere
1600 2604 1628 2629 in
1641 2611 1738 2629 carcere
1748 2604 1838 2636 putri?

1158 2673 1230 2709 Qua
1259 2674 1441 2714 metaphora
1470 2675 1544 2706 huic
1575 2675 1619 2706 rei
1649 2672 1881 2724 accommodat*

1157 2731 1276 2756 scatent
1301 2726 1557 2766 philosophorum
1583 2727 1705 2757 chartae.
1754 2727 1805 2758 De
1827 2726 1882 2776 ii,-⁹

1156 2775 1228 2806 dem
1242 2776 1356 2806 animis
1370 2777 1536 2818 VirgIIius,
1553 2777 1627 2808 AEn.
1642 2778 1681 2808 vi.
1698 2781 1768 2809 754.

1349 2857 1442 2883 clame
1453 2858 1568 2884 tenebris
1579 2862 1606 2884 et
1617 2866 1713 2884 carcere
1725 2864 1809 2885 caeco.

1159 2907 1179 2934 3
