1912 3292
333 217 422 257 188

836 204 897 252 T.
939 204 1317 254 LUCRETII

476 338 534 380 Et
552 337 725 395 vigilans
744 337 890 387 stertis,
913 351 990 378 nec
1010 337 1170 379 somnia
1189 352 1356 378 cernere
1375 352 1518 388 cessas,

477 412 768 467 Solicitamque
785 412 892 469 geris
911 411 1022 453 cassa
1042 411 1261 454 formidine
1280 419 1479 461 mentem3

335 571 442 609 potest.
489 569 588 599 Recte
609 569 642 599 in
668 568 790 599 Aurelii
805 568 942 598 Victoris
964 568 1061 607 epito-

334 630 397 658 me,
421 621 480 651 xvi.
507 625 535 652 9.
559 624 581 639 “
597 620 752 659 lapidibus
761 618 1061 659 perstringeretur:”

336 673 356 704 ἱ.
371 683 398 703 e.
425 671 656 712 percelleretur,
678 671 727 699 vel
747 675 975 706 concuteretur,
998 670 1062 699 ictu

337 722 483 753 solidiore
497 722 584 762 quasi
599 720 748 759 lapidum.
794 720 846 750 De
861 719 1000 760 graviore
1015 729 1064 750 so-

335 774 406 805 nitu
421 773 539 812 optime
556 771 722 809 Horatius,
745 770 795 801 od.
810 770 843 801 ii.
864 774 893 801 1.
911 774 962 801 18.

398 855 458 885 Jam
470 859 543 878 nunc
555 851 655 876 minaci
665 858 806 876 murmure
817 857 950 876 cornuum

400 892 551 924 Pcraetringis
561 898 708 917 aures-—.

337 964 434 996 Unde
460 964 594 1002 Gellius,
617 969 712 994 noctt.
735 964 801 994 Att.
825 964 865 994 xi.
891 966 940 994 15.
962 963 1066 993 neuti-

336 1026 435 1057 quam
449 1015 610 1046 vexandus
624 1018 755 1045 est:—“
771 1014 826 1045 sed
848 1014 894 1044 uti
910 1014 1069 1051 caveretis,

339 1070 362 1085 “
379 1077 421 1097 ne
450 1077 504 1097 vos
527 1065 618 1096 facile
644 1067 863 1106 perstringeret
889 1064 1070 1094 modulatus

338 1120 361 1136 “
378 1117 474 1158 aliqui
486 1117 639 1148 currentis
648 1116 804 1147 facundiae
815 1115 966 1146 sonitus.'’
984 1115 1068 1151 Qua-

338 1168 366 1199 si
380 1167 518 1198 dixerat:
545 1171 567 1186 “
587 1167 636 1199 Ne
651 1166 769 1202 sinatis,
785 1173 822 1197 ut
833 1166 875 1202 id,
891 1165 976 1207 quod
985 1177 1070 1206 pra*-

342 1223 365 1238 “
380 1222 530 1259 stringere
540 1218 763 1249 tantummodo
774 1217 896 1256 debeat,
912 1228 966 1248 vos
977 1218 1072 1248 etiam

339 1274 366 1290 ‘⁴
375 1270 598 1312 perstringaae.”
655 1270 708 1301 Ad
740 1269 926 1300 Mamertini
947 1271 1071 1310 geneth.

341 1323 479 1354 Maxim.
509 1328 580 1352 sect.
610 1326 640 1352 2.
670 1321 779 1351 malim
805 1323 1009 1361 pra’stringz't,
1036 1326 1072 1351 ut

342 1373 504 1405 translatio
516 1373 555 1404 sit
569 1384 588 1403 a
601 1374 669 1404 luce
679 1379 869 1413 perier-gente
884 1374 992 1407 oculos,
1015 1383 1071 1412 po·

342 1426 406 1456 tius
426 1435 522 1466 quam
532 1427 734 1466 perstringiae;
757 1425 808 1455 cui
833 1423 998 1455 contextus
1023 1434 1072 1454 ra-

341 1477 387 1507 tio
401 1476 508 1507 minus
518 1475 612 1514 favet,
628 1482 660 1506 et
672 1477 837 1506 verborum
846 1475 939 1505 color.
980 1474 1073 1504 Simi-

342 1528 414 1559 liter
430 1527 574 1568 castigari
596 1526 879 1564 debetssNazarius,
903 1535 1014 1565 paneg.
1032 1525 1073 1555 ix.

342 1582 394 1610 30.
411 1583 440 1609 2.
469 1578 628 1619 Egregius
643 1578 735 1608 estin
748 1578 806 1607 hac
822 1576 951 1606 materie
968 1575 1074 1606 Ovidii

343 1630 442 1666 locus,
465 1636 538 1660 met.
555 1639 584 1659 x.
601 1631 672 1660 495.

377 1705 492 1734 Jamque
503 1706 615 1733 gravem
626 1705 749 1725 crescens
763 1702 873 1724 uterum
886 1699 1075 1731 perstrinxerat

470 1741 558 1765 arbor.

345 1815 434 1847 Libri
448 1813 588 1856 quidam,
598 1814 847 1854 praestrinxerat,
863 1818 894 1843 et
904 1811 994 1842 aliter
1007 1811 1076 1850 alii;

346 1868 401 1898 sed
415 1867 578 1909 mendose:
605 1876 730 1906 nempe,
741 1868 838 1907 ,fibris
852 1872 972 1897 uterum
987 1865 1078 1895 arbor

344 1911 566 1960 penetraverat.
593 1918 656 1949 Sed
669 1918 757 1949 hem!
775 1917 897 1956 desino;
914 1918 981 1947 haec
992 1916 1078 1947 enim

347 1977 421 2003 sunt
437 1970 574 2001 infinita:

752 2057 789 2076 τις
802 2056 843 2073 κεν
857 2056 936 2073 εκειια,

390 2097 487 2122 Hecyrae
501 2105 530 2126 ’γε
542 2095 684 2129 pavonem-ro
695 2094 869 2123 καταθνητων
881 2093 1019 2129 ανθρωετωῃ·

352 2163 395 2194 In
411 2163 461 2193 his
475 2168 580 2193 autem
595 2172 666 2202 quae
680 2161 826 2198 diximus,
842 2171 995 2202 magnum
1006 2161 1080 2190 sub-

351 2214 480 2252 sidium,
503 2213 564 2244 nisi
582 2213 732 2251 fallimur,
755 2213 886 2243 lectores
907 2212 1078 2248 invenient,

354 2266 395 2297 ad
413 2266 571 2307 judicium
595 2272 716 2295 rectum
737 2265 777 2295 de
805 2264 881 2294 locis
904 2264 1080 2294 innumeris

352 2318 540 2358 scriptorum
554 2322 695 2348 veterum
717 2316 776 2347 levi
797 2326 872 2347 cum
887 2317 1014 2357 negotio
1034 2316 1080 2346 fe-

355 2370 501 2401 rendum.

396 2421 479 2453 Ibid.
495 2424 560 2452 uli:
586 2422 627 2452 V.
645 2422 692 2452 ed.
724 2422 766 2452 Ο.
793 2428 832 2452 n.
858 2427 891 2453 Σ.
910 2429 954 2453 Ω.
969 2427 1022 2458 ια,-
1045 2427 1081 2453 Δ.

351 2474 564 2504 αε.-αὲνίιι.ς.·
597 2473 640 2503 sic
669 2482 780 2503 omnes
807 2472 878 2503 libri
901 2473 1084 2503 vetustiores

354 2525 569 2565 cujuscunque
597 2525 730 2565 generis,
761 2531 874 2563 praeter
902 2524 1001 2555 Vind.
1029 2525 1084 2565 qui

354 2586 430 2608 cum
444 2575 625 2616 vulgaribus
644 2575 834 2606 editionibus
854 2577 949 2606 habet
961 2577 1083 2606 aeelzeri-

357 2641 404 2665 us,
427 2630 481 2660 sed
496 2630 590 2669 male,
614 2636 707 2671 atque
722 2629 926 2671 negligentia,
949 2630 995 2660 uti
1011 2629 1083 2660 nul-

355 2680 406 2710 lus
421 2681 571 2719 dubitem,
594 2682 764 2720 collatoris;
789 2688 820 2712 et
845 2682 1000 2713 Lactantii
1015 2681 1083 2712 vul-

356 2741 447 2772 gares
462 2733 572 2771 editos,
595 2733 614 2764 l.
630 2745 656 2765 c.
673 2735 787 2765 Aerias
801 2736 845 2765 sol
859 2734 886 2764 is
901 2740 959 2772 est,
981 2733 1035 2774 qui
1050 2734 1084 2764 in

358 2783 430 2812 a'e'ra
444 2784 575 2824 emergit
590 2795 628 2815 ex
643 2795 774 2823 oceano3
797 2785 899 2826 qualis
919 2785 1086 2826 requiritur

356 2833 391 2863 in
406 2834 465 2864 hoc
480 2833 562 2864 loco:
587 2837 730 2867 ‹velie-rius
746 2842 852 2866 autem
865 2838 920 2874 sol,
943 2836 997 2876 qui
1017 2846 1082 2866 me-

360 2882 448 2915 dium
475 2884 555 2924 coeli,
578 2885 627 2916 vel
641 2885 751 2917 saltem
777 2887 901 2917 altiores
915 2886 984 2917 coeli
1005 2891 1084 2917 trac-

1105 573 1167 605 tus,
1183 567 1364 607 perequitat.
1391 567 1481 597 Nihil
1497 566 1599 597 verius
1614 567 1670 597 bac
1685 566 1828 604 lectione,

1105 627 1201 657 quam
1227 617 1376 647 Lucretio
1397 617 1604 648 restituimus:
1631 617 1702 648 vide
1727 617 1767 648 ad
1791 618 1832 648 iv.

1108 670 1180 698 216.
1203 667 1268 696 Hae
1277 676 1367 696 voces
1377 668 1490 706 passim
1502 674 1728 706 permutantur.
1745 669 1832 698 Hinc

1107 717 1325 758 castigandum
1352 724 1462 757 putem
1488 718 1668 758 Maronem,
1691 719 1732 750 ad
1754 721 1831 750 AEn.

1106 768 1169 798 viii.
1186 773 1236 800 68.

1244 842 1306 866 Nox
1318 843 1432 872 AEneam
1447 848 1620 874 somnusque,
1637 842 1754 876 reliquit.

1142 883 1246 915 Surgit;
1263 887 1302 913 et,
1318 883 1385 908 aerii
1395 888 1518 916 spectans
1528 885 1634 909 orientia
1645 885 1703 910 solis

1142 922 1268 952 Lumina,
1285 922 1336 948 rite
1346 923 1418 947 cavis
1427 923 1528 948 undam
1540 923 1574 949 de
1585 923 1697 950 flumine
1706 924 1801 956 palmis

1143 961 1265 992 Sustulit,
1281 968 1312 986 ac
1324 962 1383 986 talis
1394 962 1507 988 effundit
1518 964 1552 988 ad
1563 964 1657 988 ethera
1671 971 1759 990 voces.

1114 1027 1231 1068 Vulgo,
1245 1030 1382 1064 oetlzeriz'5
1412 1029 1496 1069 quod
1510 1039 1622 1068 parum
1637 1031 1794 1071 congruit,
1811 1038 1841 1061 et

1113 1082 1226 1111 aetlzera
1242 1080 1349 1110 statim
1363 1081 1457 1111 venit.
1503 1081 1567 1111 Suo
1589 1083 1746 1121 proposito
1766 1093 1840 1113 con-

1115 1130 1347 1161 venientissime
1363 1131 1508 1167 Ovidius,
1523 1137 1598 1162 met.
1612 1132 1632 1162 i.
1649 1135 1722 1164 455.

1178 1209 1258 1239 Ergo,
1274 1207 1321 1232 ubi
1331 1207 1433 1233 diluvio
1444 1207 1522 1233 tellus
1533 1208 1668 1234 lutulenta
1678 1209 1781 1234 recenti

1177 1246 1274 1271 Solibus
1283 1246 1402 1278 ether-iis,
1417 1247 1523 1278 altoque
1533 1247 1674 1272 recanduit
1685 1251 1826 1273 aestu—:

1117 1312 1136 1343 i.
1152 1323 1177 1343 e.
1202 1315 1223 1331 “
1240 1313 1431 1349 meridianis,
1447 1313 1734 1355 flagrantissimis:”
1758 1314 1843 1345 unde

1115 1365 1322 1395 Burmannus
1336 1375 1401 1394 non
1416 1365 1585 1404 prudenter
1605 1367 1684 1396 almo
1701 1365 1844 1405 praetulit.

1119 1413 1172 1444 Ad
1190 1414 1367 1453 Sedulium,
1382 1415 1402 1446 i.
1422 1418 1490 1447 134.
1507 1415 1546 1446 de
1563 1415 1714 1446 Isra‘ellitis
1727 1427 1844 1447 manna

1118 1466 1327 1496 vescentibus:

1298 1533 1373 1558 aerini
1387 1534 1518 1566 populum
1530 1534 1672 1560 dulcedine
1680 1538 1804 1567 pastum;

1116 1596 1190 1628 libri
1205 1598 1345 1638 quidam,
1366 1599 1493 1630 ‹ether-ici
1504 1614 1513 1630 ,·
1539 1599 1594 1631 sed
1612 1600 1699 1640 prins
1713 1602 1847 1632 vocabu-

1117 1649 1186 1680 lum
1200 1650 1315 1681 melius
1329 1657 1387 1690 est,
1402 1653 1442 1682 ob
1454 1652 1671 1693 Virgilianum
1681 1655 1762 1685 η’ἑνίἰ
1776 1656 1848 1685 mel-

1117 1703 1169 1739 lis,
1192 1711 1259 1742 geo.
1275 1702 1314 1732 iv.
1333 1706 1358 1733 l.
1380 1703 1465 1743 quod
1479 1705 1571 1742 po'eta
1591 1705 1789 1736 Christianus
1804 1706 1849 1735 vi-

1119 1751 1211 1782 detur
1225 1752 1404 1792 respexisse.
1450 1754 1575 1785 Avieno
1597 1755 1787 1786 medicinam
1801 1756 1847 1786 fa·
1869 1762 1874 1769 ”

1120 1801 1250 1840 ciamus,
1274 1804 1363 1834 Arat.
1383 1806 1474 1835 1546.

1137 1875 1214 1900 Istius
1225 1876 1348 1908 ingentes
1359 1876 1424 1901 radii
1435 1877 1556 1910 caliginis
1564 1881 1680 1909 antrum,

1137 1917 1170 1941 Et
1181 1917 1369 1942 nebulosarum
1381 1921 1484 1943 tractus
1494 1919 1584 1950 piceos
1593 1921 1776 1949 tenebrarum,

1137 1956 1254 1982 Lumine
1263 1956 1422 1988 dispiciunt;
1439 1963 1504 1982 cum
1521 1964 1569 1989 per
1579 1957 1660 1983 chaos
1670 1958 1848 1984 umbriferum

1247 2002 1287 2019 vis

1139 2034 1277 2059 Flammea
1288 2035 1413 2066 pervasit,
1430 2042 1494 2060 cum
1508 2043 1530 2059 re
1540 2039 1584 2067 ριν
1595 2037 1681 2062 noctis
1692 2038 1808 2063 amictus

1140 2074 1235 2099 Inserit
1246 2073 1325 2099 ae'riae
1335 2074 1425 2106 fulgor
1426 2075 1570 2106 faciJ—.

1123 2143 1245 2184 Vulgo,
1260 2150 1374 2182 atrum,
1391 2143 1423 2174 in
1439 2144 1543 2184 primo
1558 2155 1656 2176 versu.
1693 2146 1774 2176 Mox
1785 2149 1850 2178 dis-

1113 2194 1235 2234 jiciunt
1261 2195 1397 2231 Grotius,
1420 2206 1471 2226 me
1487 2206 1550 2226 non
1568 2197 1731 2235 probante;
1758 2204 1852 2239 atque

1121 2247 1268 2284 aetleerc'oe,
1284 2256 1453 2286 perperam.
1478 2246 1570 2277 Idem
1580 2254 1686 2278 tamen
1701 2248 1748 2278 vir
1761 2259 1852 2290 egre-

1122 2297 1194 2337 gius
1218 2303 1290 2327 ante
1315 2307 1367 2328 me
1393 2304 1551 2328 assecutus
1573 2304 1619 2328 est
1639 2298 1719 2330 illud
1739 2309 1769 2330 se
1788 2311 1852 2340 per..

1122 2347 1192 2379 loco
1207 2349 1342 2388 corrupti
1357 2359 1481 2389 semper.
1515 2349 1711 2390 Anthologia
1726 2349 1850 2389 Latina,

1125 2399 1156 2431 ii.
1173 2403 1248 2432 251.
1269 2404 1298 2430 2.

1158 2475 1225 2499 Haec
1235 2474 1295 2505 tibi,
1311 2475 1414 2501 Arateis
1424 2476 1543 2500 multum
1554 2476 1664 2508 vigilata
1674 2475 1797 2506 lucernis.

1189 2515 1326 2546 Carmina,
1342 2516 1416 2547 queis
1425 2516 1494 2548 ignes
1504 2516 1640 2541 movimus
1649 2516 1773 2542 aerios-.

1128 2581 1175 2611 At
1189 2581 1287 2620 enim,
1309 2591 1350 2613 ne
1364 2581 1491 2624 long-ius
1505 2588 1652 2624 evagetur
1665 2583 1732 2623 haec
1745 2580 1851 2621 dispu-

1126 2631 1212 2668 tatio,
1235 2633 1275 2663 ad
1289 2633 1409 2674 reliqua
1423 2639 1591 2669 convenas,
1611 2642 1683 2664 cum
1698 2631 1851 2663 admonu-

1126 2692 1186 2717 ero,
1203 2683 1269 2714 haec
1282 2684 1434 2714 vocabula
1443 2683 1594 2715 confundi
1605 2681 1804 2722 scriptoribus
1814 2683 1852 2713 li-

1127 2733 1237 2763 brariis
1257 2734 1298 2764 ad
1323 2734 1416 2765 Ovid.
1437 2735 1505 2765 fast.
1527 2734 1561 2765 ii.
1579 2737 1650 2766 252.
1671 2734 1762 2774 Virg.
1779 2734 1852 2764 AEn.

1128 2794 1155 2814 v.
1167 2787 1239 2815 520.
1265 2784 1429 2816 claudian.
1443 2784 1526 2816 laud.
1543 2784 1639 2815 Herc.
1651 2787 1701 2816 72.
1717 2790 1750 2814 et
1762 2784 1836 2815 alibi
1843 2795 1854 2823 ς

1133 2834 1425 2877 Callimachumque
1439 2836 1654 2871 emendavero,
1677 2845 1772 2876 quem
1788 2833 1863 2866 Lu-'

1131 2886 1245 2918 cretius
1259 2887 1337 2918 mihi
1353 2888 1503 2927 persuasit
1517 2887 1719 2927 depravatum
1734 2896 1808 2924 esse,
1824 2890 1855 2915 et
