1912 3292
359 203 456 247 270

859 198 919 246 T.
972 197 1348 248 LUCRETII

501 326 848 384 Quandoquidem
866 329 1011 386 longos
1030 330 1164 372 obitus
1184 338 1328 371 exorta
1347 329 1540 381 revisunt,

385 405 466 443 395
498 401 640 450 Quom
660 417 873 457 permensa
891 418 965 445 suo
985 412 1078 445 sunt
1098 403 1246 445 coelum
1266 418 1438 458 corpore
1458 404 1582 445 claro:

499 476 649 532 Solque
667 477 757 532 pari
777 478 936 519 ratione
956 493 1137 528 manere,
1159 487 1199 519 et
1218 478 1330 528 luna,
1352 478 1513 519 videtur

498 550 548 591 In
569 551 758 601 statione3
791 566 853 601 ea,
875 566 967 606 quae
987 551 1082 592 ferri
1103 566 1166 591 res
1186 552 1339 592 indicat
1358 552 1457 606 ipsa.

554 623 852 678 Exstantesque
870 623 1014 676 procul
1032 622 1169 663 medio
1188 623 1241 662 de
1259 624 1421 679 gurgite
1440 631 1615 674 montes,

381 702 464 737 400
497 697 700 738 Classibus
719 696 826 736 inter
845 710 947 750 quos
966 695 1067 736 liber
1086 703 1199 750 patet
1218 696 1370 745 exitus3
1402 696 1547 752 ingens

355 869 387 898 in
409 867 507 903 editis,
538 878 608 908 quae
633 866 765 898 viderim
793 868 946 910 equidem,
975 870 1075 910 pravis

353 919 477 959 punctis
490 929 614 959 pessum
629 919 722 950 datur
736 920 836 951 locus:

384 1001 436 1026 Iste
448 1001 561 1025 modum
572 1001 666 1025 statuit
676 1001 765 1033 signis,
777 1001 819 1026 hic
830 1002 908 1027 rebus
916 1003 1047 1029 honorem

384 1041 507 1065 Infundit
518 1041 647 1066 tenebris:
664 1041 734 1066 liicc'
743 1041 912 1066 interlabitur
923 1043 970 1067 eth
976 1050 1013 1067 re

381 1081 491 1111 Viscera,
502 1086 529 1106 et
540 1084 657 1105 aeternos
668 1081 770 1106 animat
781 1081 931 1113 genitabilis
940 1086 1023 1108 artus.

352 1145 397 1175 Et
412 1144 490 1174 illud
504 1145 590 1174 rebus
605 1144 697 1183 primi
714 1144 820 1174 versus
835 1145 900 1175 vitii
915 1152 959 1176 est
974 1146 1076 1177 mani-

351 1195 569 1226 festissimum:
596 1195 683 1231 forte,
699 1197 796 1226 laetus.
819 1196 983 1237 Virgilius,
1001 1198 1076 1229 AEn.

353 1247 373 1277 i.
388 1250 461 1279 591.

548 1320 616 1345 Iaetos
626 1320 702 1346 oculis
713 1321 825 1347 adflarat
835 1322 945 1348 honoret.

396 1376 470 1406 Ver.
486 1381 558 1409 593.
581 1384 627 1408 et:
655 1384 689 1409 Δ.
707 1386 747 1409 Π.
763 1387 809 1416 at,·
835 1387 872 1410 ut
882 1380 959 1411 editi
970 1391 1075 1412 recen-

353 1428 641 1460 tiores—videntur
655 1437 751 1462 motu:
778 1432 824 1462 Μ.
840 1435 973 1464 videmus
987 1440 1076 1464 mota.

353 1479 533 1518 -Insuper
547 1480 678 1511 editores
693 1482 880 1513 inferserunt
894 1486 926 1513 in
944 1490 1011 1522 post
1021 1485 1077 1514 ad-

352 1533 453 1568 siduo,
481 1537 516 1561 ut
541 1539 746 1570 reposuerunt
761 1535 855 1564 etiam
870 1542 901 1565 at
918 1541 1025 1565 contra
1040 1535 1077 1565 li-

353 1582 482 1611 brorum
505 1581 612 1613 fidem:
650 1585 814 1614 temerario
843 1585 915 1616 satis
951 1586 1080 1616 consilio

353 1638 535 1672 utrumque,
550 1643 651 1673 neque
663 1634 891 1672 postulantibus
901 1635 950 1665 vel
962 1635 1080 1676 linguae

353 1683 536 1721 rationibus,
560 1683 606 1714 vel
630 1685 814 1723 scriptorum
830 1696 899 1715 usu.
944 1686 1079 1726 Nempe,

354 1733 482 1771 po'e'ticae
497 1734 664 1764 locutionis
679 1735 799 1765 indoles
814 1746 878 1766 non
901 1742 947 1766 est
970 1737 1008 1767 de
1030 1738 1079 1768 ni-

353 1784 419 1814 hilo
444 1785 546 1815 ubivis
570 1785 610 1815 ad
625 1787 783 1822 cautiores⁴
799 1788 1010 1828 grammaticae
1032 1799 1079 1819 se-

357 1836 492 1866 veritatis
505 1837 590 1877 leges
606 1838 787 1876 revocanda,
813 1850 854 1870 ne
877 1846 981 1879 pereat
996 1841 1080 1871 color

354 1887 422 1927 ejus
442 1888 596 1927 proprius,
620 1894 652 1919 et
677 1889 796 1928 lepores
809 1890 940 1931 ingenui
954 1902 1078 1923 evanes-

355 1944 437 1969 cant.

401 1989 475 2020 Ver.
501 1995 574 2023 394.
596 1995 728 2024 revisunt
736 2008 746 2024 .·
775 1995 813 2025 L.
846 1998 990 2034 revisant,
1027 1997 1080 2027 sed

355 2051 468 2072 manus
490 2043 599 2073 eadem
621 2046 767 2082 correxit3
795 2047 840 2076 M.
862 2050 1011 2082 rcvismn,·
1039 2049 1078 2078 V.

356 2092 403 2123 ed.
433 2096 579 2124 remiscuit
591 2109 600 2124 .·
632 2097 720 2135 cujus
741 2097 924 2135 corruptela:
947 2099 1081 2129 rationes

355 2145 390 2174 in
406 2145 531 2183 proclivi
542 2153 592 2176 est
607 2146 798 2178 lucidissime
813 2149 980 2180 declaratas
998 2151 1079 2182 dare.

358 2196 530 2234 Nimirum,
547 2198 579 2227 in
596 2199 780 2230 minusculae
790 2201 948 2240 scripturae
960 2202 1080 2240 formis,

356 2247 381 2276 si
398 2247 495 2277 literae
510 2259 525 2279 c
540 2255 571 2278 et
585 2251 597 2278 ἱ
613 2250 739 2288 propius
747 2251 951 2288 adducantur,
969 2254 1000 2283 in
1011 2254 1079 2284 lite-

355 2309 424 2328 ram
447 2299 624 2330 coalescunt
646 2315 687 2341 τῳ
709 2314 727 2332 a
751 2313 845 2343 quam
870 2305 1076 2336 simillimam:

357 2349 435 2380 illud
451 2361 525 2390 ergo
540 2354 684 2383 remiscuit
701 2354 759 2383 hoc
775 2361 862 2392 pacto
878 2356 912 2384 fit
927 2358 1080 2393 rcnisaut;

357 2401 447 2440 cujus
463 2401 608 2432 dictionis
619 2402 808 2434 lineamenta
823 2405 967 2437 ductibus
982 2419 1020 2438 «re
1033 2419 1080 2438 re-

356 2453 455 2482 visunt
469 2459 543 2482 sunt.
556 2453 664 2483 eadem
681 2455 898 2497 undequaque.

403 2502 474 2532 Ver.
490 2507 563 2535 396.
586 2516 724 2536 manere.-
753 2505 790 2536 V.
817 2508 864 2538 ed.
888 2511 1013 2545 moveri}
1040 2509 1078 2540 Ο.

357 2565 647 2588 movere—manere
669 2564 695 2588 ct
711 2559 804 2588 luna:
836 2559 882 2590 M.
905 2567 1038 2592 maneret
1051 2567 1079 2592 et

355 2607 568 2637 lumina—Et
583 2608 649 2646 ipsa
663 2609 702 2639 de
718 2620 750 2640 re
765 2611 907 2641 consulas
930 2612 977 2642 M.
993 2612 1077 2642 Tull.

357 2656 455 2686 Acad.
471 2657 503 2687 ii.
519 2662 569 2688 26.
593 2659 807 2691 doctissimum
823 2662 998 2698 Davisium,
1014 2663 1079 2693 Lu-

355 2706 442 2735 cretii
458 2718 520 2738 non
537 2709 762 2742 immemorem.

402 2756 473 2787 Ver.
489 2762 563 2790 597.
586 2773 640 2791 ea:
669 2762 706 2793 V.
733 2763 780 2794 ed.
796 2768 1019 2797 eam—indicat:
1045 2767 1081 2797 P.

360 2808 400 2837 V.
417 2809 464 2838 ed.
482 2810 518 2839 Β.
533 2811 678 2850 judical;
702 2814 861 2846 literarum
885 2817 1029 2848 ductibus
1052 2824 1082 2849 et

359 2869 492 2891 numero
507 2862 630 2901 paribus
645 2870 675 2894 et
685 2865 787 2898 forma
797 2868 1082 2901 simillimis—Hic

1117 873 1223 898 autem
1251 877 1355 898 versus
1383 871 1429 898 et.
1445 872 1611 908 sequentes
1639 874 1772 909 quatuor
1807 870 1841 900 in

1120 918 1214 948 Vind.
1230 919 1429 948 omittuntur.

1161 979 1236 1008 Ver.
1251 981 1324 1009 598.
1348 979 1523 1009 Exstanleis
1547 981 1682 1015 monteis,
1706 980 1753 1010 vel
1776 983 1841 1012 Ex-

1118 1032 1227 1061 stantis
1257 1031 1385 1060 montis:
1412 1030 1464 1065 sic,
1492 1030 1614 1069 opinor,
1638 1040 1747 1062 omnes
1772 1032 1843 1063 libri

1119 1088 1249 1111 veteres:
1275 1080 1315 1111 de
1339 1080 1430 1111 solita
1452 1081 1588 1120 ellipticfi
1608 1083 1845 1116 constructione.

1120 1133 1240 1174 Vulgo,
1259 1135 1419 1164 Exstanles
1434 1140 1556 1166 montes.

1165 1185 1248 1216 Ibid.
1268 1188 1367 1216 medio
1390 1188 1530 1226 gurgite:
1565 1186 1584 1217 i.
1607 1197 1634 1217 e.
1658 1187 1758 1219 mari.
1795 1187 1846 1219 Ita

1123 1237 1286 1277 Virgilius,
1304 1237 1379 1267 AEn.
1394 1247 1421 1267 v,
1441 1240 1511 1268 160.

1151 1326 1337 1341 q-——-
1347 1313 1481 1344 medioque
1491 1314 1565 1344 Gyas
1576 1313 1602 1338 in
1608 1314 1707 1347 gurgite
1717 1314 1814 1340 victor.

1164 1378 1236 1409 Ver.
1251 1383 1324 1411 599.
1345 1391 1434 1419 quos:
1461 1380 1498 1410 P.
1525 1392 1630 1420 aquas.
1674 1381 1718 1412 Et
1732 1381 1765 1412 in
1781 1381 1846 1412 edi-

1121 1430 1258 1460 tionibus
1273 1431 1322 1461 hic
1337 1431 1424 1461 locus
1438 1431 1558 1462 auctior
1572 1442 1637 1462 uno
1659 1443 1748 1463 versu
1770 1434 1847 1464 solet

1122 1481 1271 1519 exhiberi,
1295 1488 1402 1512 contra
1416 1482 1559 1512 omnium
1582 1485 1848 1523 membranarum,

1122 1539 1153 1564 et
1166 1533 1444 1563 sincerissimorum
1459 1534 1540 1574 typis
1561 1544 1773 1574 expressorum
1793 1546 1846 1566 ex-

1124 1585 1324 1624 emplarium,
1347 1585 1458 1625 fidem;
1482 1587 1522 1618 ad
1537 1588 1622 1618 hunc
1644 1588 1775 1619 modum
1789 1589 1848 1620 sci·

1123 1636 1209 1666 licet:

1155 1716 1284 1741 elassibus
1294 1715 1364 1742 inter
1374 1724 1441 1749 quos
1450 1718 1517 1744 llber
1526 1723 1602 1751 patet
1611 1720 1712 1751 exitus,
1728 1721 1796 1746 idem

1155 1756 1293 1787 Apparuit,
1309 1759 1332 1780 et
1341 1756 1411 1788 longe
1421 1757 1518 1782 divulsi
1529 1758 1595 1789 licet,
1604 1759 1768 1792 ingens—-

1127 1834 1222 1870 Quod
1251 1835 1406 1867 emblema
1433 1837 1678 1878 putidissimum,
1711 1846 1743 1871 et
1764 1840 1850 1872 iratis

1126 1886 1230 1916 Musis
1245 1887 1445 1924 elaboratum,
1469 1899 1526 1919 nos
1540 1900 1557 1920 e
1571 1891 1761 1922 carminibus
1775 1892 1849 1922 niti-

1125 1937 1262 1968 dissimis
1276 1939 1454 1978 expulimus
1467 1940 1712 1981 indignabundi;
1738 1952 1849 1974 nume-

1123 1988 1164 2018 ris
1180 1989 1309 2028 appictis
1324 1991 1422 2021 nihilo
1437 1991 1543 2022 minus
1557 1993 1639 2023 haud
1654 1995 1850 2034 perturbatis,

1124 2041 1163 2070 ob
1178 2051 1293 2081 magna
1316 2041 1515 2073 incommoda
1536 2044 1609 2074 hinc
1630 2045 1706 2075 alias
1726 2047 1848 2078 subori-

1124 2098 1202 2122 tura.
1249 2092 1369 2124 Sciolus
1383 2094 1534 2125 nimirum
1550 2095 1693 2127 librarius
1703 2099 1847 2129 nomina-

1123 2144 1222 2174 tivum
1238 2144 1436 2184 pendentem,
1453 2147 1500 2177 vel
1516 2147 1704 2185 absolutum,
1721 2149 1847 2191 elegan-

1124 2194 1250 2224 tissimis
1279 2195 1351 2226 licet
1379 2196 1577 2236 scriptoribus
1605 2198 1848 2241 frequentatum,

1123 2256 1179 2285 pro
1201 2247 1349 2278 doctrinae
1371 2249 1502 2280 modulo
1523 2261 1714 2293 concoquere
1735 2264 1847 2293 parum

1124 2297 1237 2338 quivit;
1253 2298 1384 2340 ideoque
1394 2301 1600 2340 panniculum
1611 2303 1770 2335 sordidum
1784 2315 1848 2336 non

1125 2349 1250 2380 erubuit
1276 2361 1399 2382 assuere
1425 2351 1580 2390 Lucretio,
1604 2364 1658 2394 per
1679 2355 1849 2387 officiosam

1126 2401 1220 2431 nimis
1230 2408 1323 2443 atque
1333 2404 1528 2435 temerariam
1540 2405 1746 2438 sedulitatem.
1779 2408 1848 2440 Cae-

1125 2458 1236 2489 terum,
1252 2453 1291 2483 de
1305 2455 1363 2484 hac
1378 2454 1478 2495 figura
1492 2458 1742 2497 constructionis,
1760 2460 1851 2501 cujus

1125 2505 1238 2542 passim
1256 2507 1346 2536 nobis
1361 2509 1503 2548 exempla
1511 2511 1720 2548 obversantur,
1736 2522 1847 2543 consu-

1123 2555 1168 2585 las
1191 2556 1455 2598 Hoogeveenum,
1479 2561 1518 2592 ad
1542 2562 1649 2603 Viger.
1669 2563 1754 2594 idiot.
1780 2573 1846 2603 cap.

1123 2607 1164 2637 iii.
1187 2615 1258 2639 sect.
1287 2614 1311 2640 1.
1335 2610 1388 2641 fin.
1419 2612 1478 2642 Vel
1500 2612 1745 2653 simplicissimus
1769 2615 1845 2645 Ovi-

1124 2658 1195 2688 dius
1210 2669 1272 2690 non
1290 2662 1448 2694 exhorruit
1462 2665 1616 2703 specimen
1632 2665 1787 2704 exhibere,
1808 2666 1848 2697 ad

1124 2709 1194 2740 fast.
1212 2710 1244 2740 ii.
1264 2714 1312 2742 73.
1346 2713 1441 2753 Vide,
1467 2725 1536 2756 quae
1559 2725 1633 2746 mox
1658 2717 1848 2758 notabimus,

1125 2761 1163 2792 ad
1179 2771 1239 2792 ver.
1255 2766 1326 2794 525.

1128 2821 1296 2859 Caeterum,
1328 2824 1394 2854 vice
1418 2827 1534 2865 ingens,
1560 2833 1601 2858 Π.
1627 2829 1728 2867 ignes,·
1764 2839 1848 2859 error

1127 2872 1286 2912 scripturae
1307 2875 1419 2915 brevis,
1442 2880 1513 2917 igis.
1570 2878 1662 2910 Idem
1684 2889 1757 2910 mox
1778 2890 1846 2911 cum
