1912 3292
285 569 366 635 T.
433 564 1042 633 LUCRETII
1112 565 1391 632 CARI

399 817 508 870 DE
549 816 856 871 RERUM
894 815 1249 870 NATURA

558 1049 747 1091 LIBER
780 1048 1096 1099 QUARTUS.

698 1285 960 1298 stmss

221 1504 392 1566 AVIA
414 1523 628 1566 Pieridum
647 1532 825 1581 peragro
844 1524 950 1574 loca,
973 1523 1120 1565 nullius
1140 1530 1236 1566 ante

217 1597 338 1641 Trita
358 1597 460 1640 solo:
485 1598 604 1653 juvat
622 1598 805 1655 integros
826 1596 1026 1639 adcedere
1044 1596 1210 1648 funteis,

117 1769 223 1799 VER.
240 1771 268 1799 1.
291 1769 391 1799 Avia:
418 1767 457 1803 Q.
489 1768 799 1809 Omnia—peragro:

74 1821 116 1850 V.
132 1820 180 1851 ed.
204 1821 242 1851 B.
260 1831 394 1860 perago;
421 1830 486 1850 non
512 1820 605 1857 male,
633 1821 693 1850 nisi
719 1821 804 1860 prior

74 1881 160 1910 usus,
177 1871 211 1901 in
228 1871 247 1901 i.
264 1874 335 1902 925.
359 1870 497 1901 multum
519 1872 667 1902 obstaret:
694 1877 730 1902 ut
747 1883 802 1911 pe-

72 1935 146 1963 rago
162 1924 227 1954 loca
250 1922 424 1963 gemellum
448 1923 528 1953 foret
555 1923 675 1954 Graecae
698 1923 803 1963 phrasi

73 1981 165 2006 τελειν
181 1974 249 2012 ὁδον,
275 1984 370 2015 quam
386 1985 443 2005 nos
457 1975 657 2005 tractavimus
671 1975 712 2005 ad
727 1975 801 2006 Silv.

74 2025 150 2056 Crit.
167 2031 241 2056 sect.
256 2025 309 2055 lxi.
341 2031 373 2055 et
393 2025 534 2066 ejusdem
559 2026 661 2065 operis
683 2032 757 2056 tom.
773 2036 801 2057 v.

71 2086 121 2116 pp.
142 2079 193 2108 19.
211 2080 262 2107 20.
292 2076 397 2107 Voces
418 2076 564 2107 similiter
578 2077 717 2108 confusae
728 2082 801 2108 sunt

72 2129 111 2162 ad
124 2130 190 2161 Liv.
207 2131 248 2162 ix.
267 2133 317 2163 15.
331 2135 358 2162 2.
382 2131 437 2162 ubi
456 2131 526 2162 vide
549 2132 802 2163 Drakenborchi-

73 2194 144 2222 um3
167 2190 199 2215 et
213 2184 253 2215 ad
268 2184 468 2224 Petronium,
483 2190 555 2216 sect.
571 2186 650 2217 cxix.
672 2185 712 2217 de
726 2185 799 2218 bell.

72 2235 131 2266 civ.
149 2239 178 2266 4.

299 2318 423 2344 Gravidis
434 2318 504 2344 freta
514 2325 602 2351 pressa
614 2319 707 2344 carinis

133 2358 192 2388 Jam
203 2357 401 2390 peragebantur:

71 2447 168 2478 quam
181 2437 348 2469 lectionem
362 2440 450 2470 alteri
459 2442 710 2481 peragrabantur
728 2441 801 2481 jure

72 2487 210 2527 praetulit
224 2489 653 2529 Burmannus—Caeterum,
671 2493 708 2524 B.
723 2502 801 2534 quo-

73 2549 135 2580 que
147 2541 261 2576 nullus,
276 2551 334 2580 pro
347 2545 473 2575 nullius.

115 2598 197 2628 Ibid.
215 2610 348 2640 peragro
371 2603 448 2638 loca,
473 2605 589 2634 nullius
611 2610 683 2635 ante
711 2605 800 2635 Trita

72 2651 139 2681 solo.
184 2650 351 2691 Horatius,
367 2653 454 2693 epist.
470 2653 490 2684 i.
507 2658 557 2686 19.
573 2658 625 2687 22.
642 2655 685 2685 ita
700 2655 799 2685 varia-

73 2707 130 2732 vit:

166 2777 226 2803 Non
236 2778 322 2805 aIiena
332 2785 394 2805 meo
405 2779 485 2811 pressi
496 2781 604 2811 pede—-

76 2837 149 2869 Hae
167 2846 271 2872 autem
286 2843 487 2874 translatione
503 2853 602 2884 usque
622 2843 662 2874 ad
684 2853 801 2874 sermo-

77 2890 127 2920 nis
155 2890 321 2925 duritatem
349 2895 401 2926 vix
441 2895 604 2927 ferendam
635 2896 802 2936 Oppianus

76 2941 197 2975 videtur
214 2946 338 2984 abusus
354 2947 394 2979 ad
409 2958 517 2989 cyneg.
531 2948 550 2979 i.
565 2952 615 2979 20.

846 1774 932 1807 Εγρεο,
951 1781 999 1797 mu
1013 1779 1131 1806 τρηχειοιν
1143 1767 1315 1803 επιστειέωμεν
1325 1778 1448 1804 ατοιριτον,
1503 1764 1506 1767 ’

847 1821 902 1848 Tm
912 1827 1022 1853 μεροσων
1032 1828 1047 1844 υ
1059 1827 1139 1845 πως-ις
1152 1816 1190 1852 ἑῃς
1202 1817 1401 1842 ΕΠΑΤΗΣΕΝ
1414 1814 1579 1843 ΑΟΙΔΑΙΣ·

846 1893 902 1925 ubi
924 1892 1124 1923 consulendae
1152 1897 1227 1922 sunt
1257 1891 1382 1922 editoris
1407 1891 1579 1922 doctissimi

847 1945 899 1976 De
914 1947 1009 1978 Ballu
1031 1946 1327 1984 animadversiones,
1350 1945 1490 1976 Lucretii
1511 1955 1577 1975 non

846 1998 1054 2031 immemores.

888 2061 965 2092 Ver.
980 2065 1009 2092 2.
1019 2061 1130 2101 juvat:
1151 2059 1193 2090 V.
1205 2058 1254 2090 ed.
1268 2059 1365 2095 vz‘vat;
1381 2058 1509 2089 solitum
1524 2067 1579 2097 per

845 2120 981 2142 errorem
1004 2111 1185 2142 literarum:
1207 2115 1238 2141 et
1260 2109 1294 2140 in
1311 2115 1459 2151 sequente
1478 2119 1578 2140 versu.

846 2165 1063 2203 —Caeterum‚
1081 2170 1122 2195 Π.
1139 2164 1268 2194 Attrita.

887 2223 971 2254 Ibid.
994 2226 1144 2263 integros:
1170 2222 1190 2252 i.
1207 2232 1234 2252 e.
1256 2231 1323 2252 non
1344 2225 1452 2259 tactos,
1477 2225 1507 2250 et
1522 2219 1576 2250 de-

845 2276 1005 2314 minutos3
1021 2286 1098 2316 quos
1113 2285 1207 2306 nemo
1221 2285 1262 2305 ne
1276 2276 1419 2305 delibavit
1432 2272 1574 2314 quidem:

845 2327 936 2368 cujus
965 2326 1108 2358 vocabuli
1141 2326 1299 2367 signatam
1321 2325 1491 2355 efficaciam
1517 2324 1577 2354 viri

847 2378 1020 2409 doctissimi
1034 2389 1099 2408 non
1114 2383 1264 2414 tenentes,
1280 2376 1349 2406 loco
1365 2375 1451 2406 Flori
1465 2374 1576 2415 injuri-

846 2440 899 2460 am
925 2430 1080 2468 fecerunt,
1105 2428 1234 2460 desertis
1259 2428 1406 2458 codicum
1427 2425 1574 2466 vestigiis.

846 2481 899 2512 Ita
926 2480 1080 2522 legendus
1103 2486 1168 2510 erat
1197 2479 1327 2518 scriptor
1351 2477 1576 2514 fioridissimus,

845 2533 885 2564 ad
901 2532 932 2563 ii.
949 2537 977 2563 6.
994 2536 1044 2564 40.
1067 2531 1123 2562 ubi
1138 2531 1178 2562 de
1195 2529 1340 2569 Scipione
1360 2538 1462 2559 sermo
1483 2528 1576 2559 insti-

844 2584 958 2615 tuitur:
980 2587 1001 2602 ‘⁵
1017 2584 1148 2614 Certum
1163 2587 1209 2612 est
1220 2587 1336 2617 tamen,
1352 2579 1392 2610 ad
1406 2578 1575 2619 profligan-

844 2640 866 2656 “
881 2635 955 2666 dam
970 2634 1163 2675 provinciam
1179 2633 1316 2664 maxime
1330 2631 1495 2671 profecisse
1511 2630 1576 2661 sin-

844 2691 866 2706 “
884 2687 1026 2729 gularem
1042 2686 1130 2716 ducis
1152 2684 1364 2715 sanctitatem:
1391 2682 1505 2723 quippe
1520 2682 1576 2723 qui

846 2742 869 2758 “
885 2737 1021 2778 captivos
1045 2746 1158 2776 pueros
1188 2735 1380 2776 puellasque,
1409 2733 1576 2774 praecipuae

845 2793 867 2809 “
883 2788 1137 2829 pulchritudinis,
1167 2788 1305 2820 barbaris
1328 2787 1511 2824 restituerit;
1535 2797 1576 2817 ne

845 2844 867 2860 “
884 2840 918 2871 in
934 2846 1135 2881 conspectum
1151 2840 1279 2882 quidem
1294 2850 1388 2870 suum
1400 2849 1507 2879 passus
1518 2838 1573 2868 ad-

845 2896 868 2912 “
885 2893 968 2930 duci,
992 2903 1033 2924 ne
1046 2893 1123 2934 quid
1141 2893 1181 2924 de
1195 2892 1382 2934 virginitatis
1399 2893 1575 2931 integritate

845 2948 868 2964 “
883 2946 1028 2978 delibasse
1044 2944 1166 2984 saltem,
1189 2947 1234 2976 vel
1249 2943 1361 2983 oculis,
1376 2941 1571 2974 videretur:'’

773 3005 845 3036 053
