1912 3292
470 222 704 272 LIBER
741 220 1096 269 TERTIUS.
1470 227 1531 269 39

172 359 314 402 Mixta
330 369 499 411 vapore;
531 368 657 408 vapos
676 366 804 408 porro
822 351 949 393 trahit
968 351 1065 393 aera
1084 365 1236 393 secum:

58 437 139 475 235
173 434 262 476 Nec
280 431 390 474 calor
409 437 470 471 est
489 429 720 485 quisquam,
741 426 840 484 quoi
859 441 946 467 non
967 427 1018 468 sit
1036 427 1190 468 mixtus
1209 433 1251 468 et
1269 427 1350 468 a’e'r.

173 508 285 550 Rara
303 505 416 562 quod
436 505 520 560 ejus
541 504 652 546 enim
672 510 833 545 constat
852 509 1016 553 natura,
1039 516 1203 543 necesse
1222 509 1282 543 est

171 582 292 624 Acris
311 581 418 622 inter
437 595 533 622 eum
552 578 782 635 primordia
799 577 930 619 multa
948 577 1120 618 moveri.

224 656 319 698 Jam
340 655 491 711 triplex
511 655 638 696 animi
659 662 719 696 est
737 653 865 711 igitur
884 659 1032 694 natura
1058 657 1234 706 reperta:

169 731 259 772 Nec
277 739 417 772 tamen
436 730 528 773 haec
549 738 609 772 sat
629 737 724 771 sunt
743 728 797 770 ad
817 741 981 770 sensum
1000 733 1150 769 cuncta
1163 724 1406 773 creandun13

2 831 3 835 =
58 810 138 846 240
170 805 285 847 Nihil
302 805 454 847 horum
474 805 671 862 quoniam
690 803 836 858 recipit
855 816 971 844 mens
990 815 1109 857 posse
1129 814 1268 841 creare

173 879 396 922 sensiferos
415 887 568 931 motus,
591 878 783 935 quaedam
803 877 898 933 quei
918 882 1057 917 mente
1078 874 1275 916 volutant.

0 1069 4 1101 5
30 1054 91 1085 vita
117 1059 271 1093 suppetat,
309 1053 389 1084 nihil
423 1053 511 1085 aliud
540 1059 630 1084 sonat
659 1062 754 1094 quam

27 1108 164 1138 aetherios
179 1107 306 1137 haustus
328 1106 473 1147 ejusdem
493 1106 605 1146 po'e'tae,
629 1116 697 1147 geo.
712 1105 753 1135 iv.

28 1160 100 1188 220.
121 1157 142 1187 i.
158 1167 184 1188 e.
208 1161 230 1176 “
246 1157 368 1187 divinos
381 1158 544 1198 spiritus.·''
567 1158 614 1188 uti
630 1167 755 1188 accura-

28 1208 146 1240 tissime
160 1208 201 1239 ad
214 1207 320 1239 locum
330 1208 552 1249 interpretatus
565 1215 611 1239 est
624 1208 755 1239 Servius.

34 1261 163 1292 Vitalem
191 1261 346 1300 spiritum,
371 1266 466 1301 atque
490 1271 600 1290 auram
621 1261 755 1297 vitalem,

29 1311 143 1342 vocitat
159 1310 328 1347 Arnobius,
340 1310 391 1342 lib.
407 1311 459 1341 vii.
474 1321 524 1350 pp.
541 1314 613 1342 225.
630 1314 701 1341 238.
724 1316 756 1341 et

2 1391 6 1397 ,
28 1364 98 1394 coeli
119 1364 268 1400 animam,
294 1361 315 1392 i.
331 1372 356 1395 e.
380 1368 512 1400 ventum,
538 1372 567 1401 p.
591 1365 664 1392 226.
688 1362 753 1392 Ve-

4 1431 9 1458 .'
29 1419 121 1446 nuste
134 1414 263 1452 Seneca,
280 1414 387 1453 OEdip.
403 1417 474 1446 650.

347 1496 451 1529 :piritus
460 1503 540 1529 puros
548 1496 622 1522 dabit

122 1536 211 1561 Vitatis
220 1543 298 1562 aura.

4 1625 9 1639 ι
31 1609 96 1640 His
108 1609 283 1649 praemissis5
299 1620 363 1640 non
379 1610 503 1641 accedet
513 1598 610 1641 lector
621 1610 755 1651 impara-

5 1661 13 1692 “,
31 1667 82 1691 tus
95 1659 136 1692 ad
149 1660 270 1691 Valerii
282 1660 386 1691 Flacci
400 1662 440 1691 iv.
457 1664 527 1694 179.
545 1673 652 1693 versus
667 1661 757 1692 casti-

7 1724 13 1735 ·-
30 1713 205 1754 gatissimos
219 1713 259 1744 de
274 1713 431 1753 scriptoris
445 1720 552 1745 mente
574 1714 752 1754 capiendos:

8 1816 9 1819 ,
62 1795 154 1821 Litore
163 1796 192 1820 in
202 1799 328 1822 extremo
338 1796 465 1828 spelunca
473 1798 597 1829 adparuit
608 1797 713 1829 iugem,

61 1835 206 1860 Arboribus
215 1843 304 1868 super,
315 1840 342 1861 et
352 1837 432 1861 dorso
442 1841 569 1862 contecta
583 1837 718 1867 minanti3

64 1876 124 1900 Non
134 1882 198 1907 quae
209 1876 280 1901 dona
289 1876 384 1907 deum,
402 1883 457 1902 non
473 1884 536 1909 quae
554 1878 640 1902 trahat
660 1876 759 1902 aetherix

154 1915 237 1949 ignem
246 1926 254 1942 .-

62 1955 162 1982 Infelix
172 1956 269 1982 domus
279 1958 286 1982 ἔ

10 2037 14 2046 ·
33 2029 41 2036 ’
66 2039 93 2060 e.
115 2032 138 2048 ‘⁶
154 2029 210 2060 ubi
223 2029 304 2060 nihil
319 2030 412 2061 vitale
433 2036 587 2070 penetret;
610 2041 679 2071 quae
703 2041 759 2060 ne-

11 2092 18 2104 ·
33 2084 56 2100 “
70 2091 131 2123 que
144 2083 226 2112 αὲνίε
243 2083 386 2122 φίνίιτιπι
410 2083 547 2120 imbibat,
570 2092 628 2112 nec
653 2082 758 2112 lucem

12 2135 56 2161 .“
70 2131 253 2174 liquidam.’‘
301 2132 471 2171 Caeterum‚
501 2134 561 2164 hoc
583 2133 756 2173 Epicureo-

0 2181 20 2228 Ἰἃ
33 2193 105 2215 rum
119 2183 235 2225 dogma
248 2184 288 2215 de
307 2185 422 2215 animae
443 2186 666 2217 constitutione
681 2186 758 2217 Plu-

12 2245 21 2268 ν,-
47 2236 157 2266 archus
167 2236 308 2266 exhibuit
318 2236 352 2266 in
362 2241 495 2267 tractatu
506 2237 652 2268 adversus
665 2237 759 2268 Colo-

11 2277 18 2317 ’ῑ
33 2293 109 2324 tem,
124 2298 154 2327 p.
171 2291 205 2318 ll
214 2291 262 2319 18.
279 2288 321 2318 D.
337 2294 367 2318 et
378 2288 417 2319 de
427 2288 552 2328 placitis
560 2289 759 2329 philosopho-

12 2352 17 2364 ·
33 2348 119 2375 rum,
126 2337 164 2368 iv.
173 2341 203 2368 5.
212 2349 306 2379 quem
315 2339 422 2370 locum
430 2350 504 2371 mox
515 2340 760 2378 admovebimus

91 2399 151 2420 ver.
167 2392 238 2421 245.

82 2441 156 2472 Ver.
171 2443 245 2471 234.
266 2444 357 2473 αὲναι
382 2442 480 2474 Vind.
508 2442 547 2474 V.
578 2443 625 2475 ed.
656 2451 699 2475 11.
724 2448 760 2476 Σ.

0 2502 5 2520 2
55 2495 112 2524 Ere.

80 2543 163 2575 Ibid.
185 2555 290 2584 vapos:
309 2543 329 2574 i.
344 2554 370 2575 e.
386 2546 485 2582 calor,-
506 2545 575 2577 vide
590 2546 631 2577 ad
645 2546 677 2577 ii.
695 2550 764 2578 149.

0 2606 18 2624 :¹
38 2600 70 2626 et
83 2594 123 2626 de
137 2606 238 2635 vapos,
253 2605 311 2634 pro
325 2597 487 2627 communi
500 2608 604 2638 vapor,
620 2597 764 2628 consulas

38 2646 47 2652 “
85 2647 168 2677 erius
181 2646 324 2684 dicenda,
345 2647 385 2678 ad
401 2647 438 2677 vi.
457 2650 528 2680 952.

0 2706 21 2728 ιν
80 2698 155 2730 Ver.
170 2701 244 2730 255.
257 2701 359 2730 calor:
380 2706 420 2731 Π.
433 2702 512 2731 color
517 2715 528 2736 ;
548 2707 640 2740 prout
648 2701 763 2741 passim

0 2759 20 2778 ε’
39 2751 188 2782 turbatur.
222 2754 313 2784 Calor
320 2758 427 2783 autem
438 2763 524 2783 nunc
535 2758 593 2792 est,
603 2754 658 2795 qui
668 2754 765 2785 modo

72 2813 138 2842 pos.

86 2854 167 2886 Ibid.
187 2859 260 2897 quoi
272 2859 393 2888 miuus.
438 2857 548 2890 Simile
563 2858 704 2901 regimen
718 2864 765 2890 est

3 2914 18 2942 ¹!
42 2904 76 2937 in
91 2905 236 2947 Virgilio,
253 2909 329 2941 AEn.
345 2908 407 2940 viii.
423 2912 495 2941 432.

82 2963 172 2995 Vox..
190 2965 238 2996 11.

1087 1045 1272 1076 sonjtumque,
1283 1047 1456 1077 metumque,

862 1088 1002 1113 Miscebant
1012 1087 1089 1119 operi.

801 1151 897 1184 Unde
912 1161 950 1181 ex
966 1150 1081 1190 Dictye
1099 1148 1241 1180 Cretensi
1255 1147 1414 1178 maculam
1429 1147 1528 1186 eluas,

800 1204 840 1234 ad
861 1203 881 1233 i.
905 1205 1006 1233 6.—“
1022 1210 1122 1242 quum
1151 1199 1279 1240 singula
1308 1200 1391 1230 miro
1415 1209 1530 1240 genere

800 1258 823 1273 “
839 1253 988 1285 orationis
1009 1257 1250 1292 exponerentur,
1280 1256 1374 1292 atque
1403 1251 1437 1281 in
1466 1261 1530 1281 ser-

801 1309 823 1324 “
838 1315 934 1336 mone
948 1303 1051 1335 Graeci
1066 1303 1148 1345 regis
1162 1303 1277 1333 inesset
1288 1302 1445 1343 quaedam,
1455 1313 1531 1343 per-

799 1360 823 1376 “
837 1359 933 1388 mitta
949 1357 1151 1393 miserationi,
1167 1354 1244 1385 vis.'’
1279 1353 1390 1395 Vulgo
1404 1353 1531 1395 legitur,

799 1409 1014 1440 miserationis.

842 1461 919 1491 Ver.
947 1462 1019 1491 257.
1054 1463 1136 1491 inter
1158 1470 1245 1491 eum:
1275 1458 1313 1490 P.
1344 1461 1378 1489 in
1405 1465 1530 1496 coetum;

800 1511 840 1542 V.
857 1511 905 1542 ed.
921 1513 955 1543 in
972 1522 1090 1543 cereum
1097 1526 1108 1546 ‚·
1127 1521 1268 1550 nempec
1283 1520 1357 1540 cum
1373 1516 1396 1548 t,
1413 1515 1450 1540 ut
1463 1520 1533 1550 pas-

800 1563 909 1606 simin
935 1562 1190 1593 minusculorum
1212 1561 1443 1592 elementorum
1467 1560 1532 1591 for-

800 1614 863 1644 mis
876 1614 991 1652 evenit,
1005 1619 1128 1645 mutato
1136 1625 1146 1652 ;
1163 1618 1195 1643 et
1203 1612 1383 1644 commixtis
1391 1611 1529 1652 syllabis:

800 1666 841 1696 Β.
860 1672 901 1697 n.
917 1668 1086 1701 incertum5
1115 1665 1155 1696 O.
1171 1667 1256 1695 intus
1269 1675 1348 1694 eum.
1393 1663 1458 1694 Pro
1468 1674 1532 1693 mo-

801 1719 874 1753 veri,
911 1717 996 1748 male
1024 1715 1188 1747 nonnullis
1215 1715 1335 1755 placuit
1363 1714 1535 1754 editoribus

803 1768 946 1799 Tumebi
960 1768 1151 1808 conjectura,
1167 1769 1257 1804 cieri,
1272 1766 1360 1797 libris
1373 1765 1532 1803 omnibm,

802 1826 840 1850 ut
855 1819 987 1858 videtur,
1003 1808 1253 1850 reclamantibus,
1298 1819 1418 1849 Dioveri
1432 1823 1535 1857 potest

802 1874 919 1905 versavi
925 1888 936 1908 ;
959 1871 1045 1912 quod
1059 1871 1170 1912 poetis,
1192 1876 1230 1901 ut
1244 1870 1385 1901 ornatius
1399 1870 1533 1900 vocabu-

801 1924 884 1962 lum,
899 1923 1039 1954 adhiberi
1054 1923 1144 1961 solet,
1159 1922 1226 1952 vice
1238 1921 1438 1961 simplicioris
1448 1932 1518 1952 esse.

847 1977 922 2008 Ver.
941 1980 1012 2007 241.
1035 1977 1122 2016 quei:
1148 1975 1184 2006 P.
1201 1975 1242 2004 V.
1258 1974 1306 2005 ed⁴
1324 1974 1363 2005 O.
1389 1979 1424 2004 Δ.
1441 1966 1482 2004 Ii.
1499 1977 1535 2005 Σ.

806 2036 850 2060 Ω.
875 2029 1152 2070 qum—volutant:
1178 2027 1222 2057 sic
1244 2026 1319 2057 dedi
1339 2036 1377 2056 ex
1393 2026 1534 2067 ingenio,

804 2087 841 2112 ut
855 2091 950 2122 quam
965 2080 1100 2111 minima
1113 2079 1249 2110 mutatio
1267 2079 1302 2109 in
1324 2089 1427 2117 versu,
1452 2089 1533 2109 non-

802 2133 882 2163 nihil
893 2129 1106 2176 castigationis
1115 2131 1315 2171 deposcente,
1331 2130 1427 2161 fieret.
1452 2130 1533 2161 Om-

803 2194 859 2214 nes
877 2184 948 2214 libri
963 2183 1078 2214 vetusti
1091 2183 1180 2220 dant,
1195 2184 1311 2214 volutat
1317 2197 1328 2218 ;
1356 2181 1432 2213 editi
1446 2192 1533 2212 com-

803 2245 927 2273 munes,
949 2236 1101 2266 volutent:
1126 2233 1182 2264 sed
1202 2233 1282 2264 ratio
1296 2240 1402 2264 nostra
1417 2233 1537 2264 facilior

804 2293 862 2318 est.
910 2287 961 2318 Ita
976 2287 1065 2326 capio
1080 2286 1188 2317 locum
1215 2296 1280 2316 non
1305 2286 1395 2317 valde
1417 2286 1534 2326 perspi·

806 2349 916 2369 cuum:
955 2341 977 2357 “
995 2337 1058 2368 Sed
1087 2337 1212 2368 admitti
1240 2337 1351 2378 nequit
1379 2338 1447 2367 haec
1475 2337 1535 2366 tria

805 2393 828 2409 “
842 2400 933 2430 posse
943 2389 1074 2430 gignere
1084 2394 1191 2420 motus
1199 2388 1379 2426 sensiferos3
1395 2388 1449 2428 qui
1458 2397 1535 2418 con-

805 2445 826 2460 “
842 2442 957 2472 sistunt
985 2442 1020 2471 in
1049 2441 1237 2483 quibusdam
1266 2439 1444 2471 volutandis
1480 2449 1535 2479 per

804 2495 828 2512 “
843 2492 1014 2524 mentem.”

852 2545 937 2576 Ibid.
959 2551 1057 2577 mente
1084 2546 1231 2577 volutant.
1277 2543 1384 2581 Maro,
1411 2542 1488 2573 AEn.
1514 2542 1535 2573 i.

808 2598 858 2627 50.

868 2654 948 2680 Talia
959 2655 1101 2680 flammato
1111 2660 1204 2679 secum
1215 2653 1267 2678 dea
1275 2652 1348 2677 corde
1358 2651 1484 2677 ‘volutans
1491 2660 1501 2677 .-

809 2703 937 2738 Graecos
951 2704 1075 2735 dicendi
1089 2703 1256 2743 magistros
1270 2712 1326 2741 pro
1340 2701 1432 2732 solito
1446 2711 1534 2732 secu-

807 2761 866 2786 tus.
911 2756 963 2786 Ita
977 2756 1129 2786 nimirum
1143 2753 1313 2793 Pindarus,
1338 2753 1389 2784 Ol.
1405 2753 1424 2785 i.
1443 2756 1492 2785 14.

998 2820 1067 2847 Ὅθεν
1081 2820 1092 2846 o'
1103 2818 1260 2853 traaucem-05¹⁵

1000 2869 1094 2902 ’Υμνος
1106 2868 1388 2896 ΑΜΦΙΒΑΛΛΕΤΔῙ

1002 2916 1083 2949 Σοφων
1097 2915 1289 2943 ΜΗΤΙΕΣΣΙ.
