1912 3292
368 228 456 269 168

508 351 595 401 Qui
614 363 700 391 non
720 346 805 389 sola
822 357 971 388 novem
991 338 1182 396 disparsis
1194 336 1342 392 jugera
1361 331 1553 372 membris

510 424 724 472 obtineat,
745 420 817 463 sed
835 420 906 476 qui
924 418 1054 459 terrai·
1069 414 1193 456 totius
1211 409 1370 458 orbem,

513 499 613 541 Non
632 506 770 540 tamen
790 492 991 536 aeternum
1011 488 1162 546 poterit
1180 483 1360 541 perferre
1378 480 1580 527 dolorem3

370 657 441 688 vide
455 667 512 688 nos
525 657 565 687 ad
587 656 609 687 i.
625 660 656 686 2.
678 657 784 690 Alma,
808 655 847 683 ab
867 654 933 688 alo,·
959 656 993 681 ut
1008 663 1093 691 ιρυιυ-

371 708 431 746 ἵης,
451 719 470 738 a
485 722 565 740 κυεω.
610 707 716 737 Fucus
729 705 936 745 glossatorum
951 711 1015 732 non
1030 706 1097 731 erat

370 758 634 800 perspicacissimo
657 755 792 796 Virgilio
814 752 993 790 illinendus,
1020 751 1094 781 AEn.

372 811 412 841 vi.
429 813 500 842 595.

505 893 622 924 Tityon,
632 893 717 917 Terre
726 890 905 924 omniparenm
914 890 1065 914 alumnum.

374 965 532 996 Animum
547 964 687 995 advertas
697 955 802 993 autem
814 961 969 992 inscitiam
983 959 1098 990 lexico-

374 1018 564 1059 graphorum
579 1023 731 1053 veterum,
751 1014 804 1056 qui
819 1015 917 1044 almus
933 1018 964 1043 et
979 1010 1098 1054 εμκυδης

375 1069 560 1109 pariterper
575 1067 674 1107 ειδοξος
689 1066 939 1105 interpretantur.

420 1121 494 1152 Ver.
515 1124 586 1152 998.
610 1121 697 1151 Nec:
714 1118 757 1148 V.
773 1116 820 1148 ed.
837 1116 1034 1156 Ne.—quid.·
1058 1113 1102 1143 sie

376 1173 473 1204 Vind.
491 1172 531 1202 V.
546 1171 594 1202 ed.
611 1172 648 1202 Β.
663 1171 700 1201 L.
717 1170 764 1200 M.
779 1168 904 1210 reliqui,
918 1169 1008 1208 quod,
1025 1176 1104 1206 prae-

376 1231 424 1256 ter
449 1225 485 1256 P.
512 1229 543 1254 et
565 1222 619 1253 ille
643 1222 938 1262 qui.-—quidquam:
965 1224 999 1250 Σ.
1019 1219 1102 1258 quis·

378 1282 481 1318 quamn

423 1328 504 1360 Ibid.
535 1329 589 1359 sub
626 1338 735 1367 magno
771 1330 944 1356 scrutentur
974 1329 1103 1363 pectore.

379 1381 487 1411 Verba
501 1378 732 1420 aliquantulum
746 1375 881 1407 mutavit
898 1375 1000 1410 Maro,
1028 1373 1102 1404 AEn.

378 1434 418 1465 vi.
434 1436 508 1465 599.

514 1511 678 1542 rimaturque
687 1508 781 1542 epulis,
791 1507 949 1538 habitatque
958 1505 1003 1530 sub
1013 1504 1065 1529 alto

411 1554 552 1576 Pectore—-

423 1624 499 1654 Ver.
516 1627 587 1655 999.
606 1627 748 1661 possunt:-
774 1619 817 1649 ita
834 1619 872 1649 L.
891 1619 938 1648 M.
956 1617 995 1648 Ο.
1013 1621 1048 1648 Δ.
1066 1622 1107 1646 Π.
1108 1626 1114 1633 ·

382 1681 417 1708 Σ.
446 1675 573 1706 „on—P.
599 1678 760 1704 autemet
777 1671 820 1700 V.
848 1670 896 1700 ed.
918 1674 1054 1709 possent;
1078 1672 1109 1697 et

382 1726 501 1757 nescias
515 1731 586 1756 utra
599 1724 692 1754 lectio
705 1720 900 1762 praeferenda
922 1720 974 1749 sit:
1000 1718 1108 1758 vulgo,

378 1783 523 1819 poterunt
531 1792 541 1812 ,·
567 1775 700 1808 omnino
709 1773 803 1810 male,
819 1778 850 1802 et
864 1776 976 1811 praeter
988 1779 1110 1801 morem

382 1829 531 1861 Lucretio
553 1830 586 1859 in
608 1828 774 1858 verborum
796 1823 990 1863 temporibus
1006 1822 1108 1852 obser-

383 1887 490 1911 vatum
505 1889 560 1919 per
575 1888 703 1909 omnem
717 1877 832 1907 locum.

429 1932 501 1962 Ver.
520 1935 610 1962 1000.
634 1930 789 1970 prqjectu:
815 1927 857 1957 V.
881 1926 928 1957 ed.
955 1937 1010 1965 pro
1037 1927 1109 1955 ictu.

384 1985 459 2014 Vox
480 1988 586 2013 autem
606 1981 722 2021 legitur
747 1978 840 2010 etiam
864 1977 898 2006 in
924 1975 1021 2006 Plinii
1044 1981 1109 2004 nat.

384 2037 454 2068 hist.
468 2035 541 2066 xvii.
561 2038 607 2065 19.
646 2036 669 2051 “
687 2031 854 2066 Omnium,
879 2038 949 2069 quae
975 2027 1110 2067 projectu

385 2087 544 2119 “frondis
567 2087 612 2116 ita
637 2084 858 2116 defenduntur,
886 2087 922 2111 ut
950 2090 1005 2119 pei·
1033 2079 1113 2117 ipsas

387 2144 410 2160 “
429 2150 493 2170 non
508 2137 648 2169 defluant
673 2137 798 2171 imbres,
823 2132 906 2164 stilla
931 2141 1010 2161 saeva
1035 2129 1110 2160 est.”

387 2191 439 2222 De
453 2191 611 2221 arboribus
622 2187 762 2228 loquitur
774 2186 1033 2223 πολυμαθεσιτατος
1049 2181 1111 2210 his-

387 2244 512 2274 toricus.
558 2243 662 2279 Maro,
681 2241 754 2271 AEn.
771 2239 811 2269 xi.
829 2241 878 2268 87.

583 2330 644 2352 toto
658 2327 779 2359 projectus
791 2327 888 2356 corpore
900 2327 990 2348 terrae.

431 2400 506 2430 Ver.
526 2402 617 2430 1001.
645 2398 803 2438 dispar-sis,
829 2395 878 2424 vel
901 2394 1055 2432 dispersis,
1072 2397 1117 2421 est

389 2451 535 2483 omnium
548 2450 699 2480 librorum
712 2448 817 2478 lectio:
845 2445 934 2476 nobis
947 2451 1054 2474 autem
1069 2443 1115 2472 in-

390 2502 650 2543 verecundissima
664 2500 819 2537 editorum
835 2508 913 2538 gens
932 2495 1064 2527 obtrusit
1078 2494 1118 2524 de

390 2565 448 2586 suo
476 2556 634 2595 dispensis.
687 2551 842 2582 Heinsius
871 2550 998 2588 insuper
1027 2545 1118 2576 variis

391 2607 586 2648 conjecturis,
623 2605 756 2636 minime
790 2602 976 2636 necessariis,
1012 2599 1118 2630 locum

391 2659 519 2694 vexavit,
535 2659 574 2690 ad
588 2658 679 2690 Ovid.
695 2662 769 2688 met.
783 2657 822 2686 iv.
839 2658 911 2686 457.
937 2663 1012 2684 nam
1028 2661 1116 2682 vocar

392 2711 503 2742 bulum
519 2713 662 2751 dispersis
683 2710 724 2741 ad
746 2707 987 2749 amplitudinem
1001 2710 1118 2736 vastam

393 2763 624 2803 depingendam
640 2763 718 2794 mihi
730 2763 853 2794 videtur
867 2760 1013 2792 omnium
1026 2757 1120 2798 longe

393 2813 694 2851 commodissimum,
726 2820 756 2844 et
779 2823 842 2854 quo
866 2811 993 2842 nullum
1018 2807 1121 2839 effica-

394 2865 463 2896 cius
487 2864 601 2903 sperari
625 2870 739 2903 potest:
773 2874 813 2894 ne
835 2863 915 2894 dum
939 2867 976 2892 ut
1001 2858 1122 2898 scriptis

395 2915 545 2947 universis
559 2920 591 2945 et
610 2914 700 2945 editis
713 2914 850 2955 antiquis
863 2911 1052 2953 pertinacius
1066 2910 1120 2940 ob-

859 211 920 259 T.
974 199 1355 256 LUCRETII

1139 2970 1160 2995 5

1138 645 1283 675 nitamur.
1330 640 1396 670 Stet
1423 638 1520 678 igitur
1547 635 1696 675 dispar-sis
1725 636 1867 666 membris

1138 697 1286 730 Lucretio
1310 692 1486 727 incommis,
1511 698 1678 729 praegnans
1702 693 1733 718 et
1760 687 1863 718 vivida

1139 749 1271 785 locutio;
1293 753 1329 777 ut
1344 745 1376 776 id
1392 744 1485 783 Tityo
1500 740 1631 781 integris
1644 740 1774 770 artubus
1786 748 1861 769 con-

1140 802 1245 842 tigisse
1260 797 1463 830 existimetur,
1481 791 1566 834 quod
1579 790 1676 826 alteri,
1698 789 1760 820 nisi
1774 789 1863 820 dear-

1140 857 1236 887 mato,
1260 849 1327 881 fieri
1349 857 1412 878 non
1435 850 1549 885 potest;
1573 851 1693 881 nempe,
1716 846 1753 871 ut
1771 840 1865 870 tantis

1140 903 1274 933 invicem
1300 897 1468 930 intervallis
1494 895 1562 936 ejus
1585 893 1728 924 membra
1742 890 1864 922 distent.

1141 952 1305 993 Virgilius,
1320 959 1389 991 geo.
1402 949 1442 978 iv.
1461 949 1531 978 5‘2‘2.

1261 1033 1363 1063 Spreta:
1376 1029 1509 1054 Ciconum
1522 1033 1577 1058 quo
1587 1031 1701 1050 munere
1710 1028 1810 1049 matres
1820 1036 1852 1043 —

1158 1073 1330 1104 Discerptum
1342 1070 1392 1094 late
1399 1070 1529 1100 juvenem
1541 1070 1651 1099 sparsere
1661 1072 1708 1097 per
1718 1071 1805 1096 agros.

1148 1144 1258 1176 Celsus
1277 1141 1376 1172 aderit
1403 1143 1604 1178 opportunus
1630 1135 1670 1166 de
1692 1134 1774 1165 med.
1792 1135 1825 1165 ii.
1841 1137 1870 1166 6.

1147 1199 1170 1214 “
1184 1194 1305 1225 Eadem
1327 1200 1412 1222 mors
1427 1187 1647 1225 denunciatur,
1669 1186 1725 1216 ubi
1746 1195 1872 1226 teger-

1147 1250 1170 1266 “
1185 1247 1311 1277 brachia
1334 1249 1365 1272 et
1387 1252 1480 1272 crura
1499 1238 1606 1274 nudat,
1628 1243 1660 1268 et
1680 1236 1876 1278 inaequaliter

1149 1302 1171 1317 “
1185 1294 1354 1337 dispergit?
1359 1292 1503 1323 ‘-Hinc
1531 1289 1668 1321 dubitari
1696 1293 1799 1328 potest
1833 1280 1879 1318 de*

1147 1359 1220 1380 vera
1249 1345 1378 1387 Virgilii
1407 1348 1525 1379 mente,
1561 1340 1601 1371 ad
1624 1340 1700 1370 AEn.
1729 1338 1773 1369 iii.
1801 1333 1879 1370 6051

1147 1402 1287 1442 Spargite
1308 1409 1354 1428 me
1375 1397 1410 1426 in
1440 1395 1563 1431 fluctus,
1586 1397 1735 1433 vastoque
1758 1385 1879 1420 inmer-'

1149 1454 1213 1494 gite
1234 1456 1343 1491 ponto:
1370 1454 1479 1478 utrum
1504 1443 1646 1480 voluerit,
1670 1443 1718 1473 uti
1740 1434 1883 1480 Servius,¹

1149 1503 1264 1535 rectius
1284 1499 1432 1536 fortassis,
1458 1497 1678 1536 interpretatus
1697 1499 1754 1531 est,
1781 1493 1876 1523 Dila-

1149 1561 1263 1591 cerale;
1280 1563 1322 1584 an
1333 1549 1528 1592 exquisitius,
1552 1550 1575 1566 “
1589 1548 1668 1578 Late
1683 1550 1715 1576 et
1728 1544 1879 1575 violenter

1151 1608 1289 1647 “jacite.
1291 1604 1310 1616 ‘’
1356 1601 1534 1632 Videamus
1554 1604 1670 1634 autem,
1699 1606 1763 1638 quo
1783 1594 1879 1626 modo

1151 1667 1295 1688 summus
1308 1654 1360 1685 ille
1382 1652 1492 1684 artifex
1508 1649 1646 1691 phrasim
1667 1646 1809 1688 magistri
1826 1656 1878 1676 va-

1151 1708 1283 1743 riaverit,
1303 1706 1343 1736 ad
1360 1705 1436 1736 AEn.
1451 1703 1490 1734 vi.
1507 1705 1578 1735 596-

1332 1789 1379 1815 per
1391 1783 1451 1806 tota
1461 1786 1557 1804 navem
1569 1777 1613 1803 cui
1625 1777 1720 1809 jugera
1731 1777 1819 1806 corpus

1200 1822 1352 1855 Porrigitur.

1155 1893 1327 1936 Magnifice
1342 1892 1456 1927 minus,
1479 1899 1537 1920 nec
1554 1897 1628 1919 cum
1645 1883 1808 1926 praenobili
1823 1893 1880 1914 au·

1154 1946 1243 1978 dacia
1257 1946 1356 1986 po'etae
1371 1941 1566 1974 nostri—Et
1586 1938 1677 1970 scribi
1692 1935 1801 1967 malim
1817 1937 1881 1966 dis-

1154 2000 1277 2039 sparsis,
1293 1997 1327 2027 in
1342 1995 1466 2026 talibus.

1198 2049 1273 2079 Ver.
1290 2051 1382 2078 1002.
1404 2055 1507 2076 novem
1514 2053 1629 2084 Jurrera
1650 2042 1797 2072 obtineat.
1835 2038 1883 2069 Ut

1157 2101 1276 2136 livius,
1299 2098 1372 2129 xxii.
1389 2101 1417 2128 ‘2
1442 2100 1464 2115 “
1481 2096 1604 2132 Quum,
1626 2095 1728 2125 omnia
1745 2092 1884 2122 obtinen-

1157 2154 1273 2184 “tibus
1304 2152 1403 2191 aquis,
1435 2147 1523 2183 nihil,
1554 2146 1609 2177 ubi
1639 2145 1672 2175 in
1697 2144 1778 2174 sicco
1803 2143 1883 2173 ἴδει

1158 2210 1180 2225 “
1197 2208 1367 2235 sternerent
1382 2211 1519 2240 corpora,
1543 2197 1676 2229 inveniri
1693 2200 1803 2236 posset,
1830 2205 1884 2225 cu·

1160 2260 1182 2276 “
1200 2257 1330 2286 mulntas
1356 2255 1390 2284 in
1411 2253 1501 2292 aquis
1523 2251 1664 2281 sarcInas
1686 2247 1815 2286 insuper
1833 2246 1882 2276 in-

1160 2313 1183 2328 “
1200 2306 1410 2340 cumbebant:”
1433 2314 1503 2344 quae
1524 2301 1603 2333 mihi
1624 2299 1746 2330 videtur
1760 2297 1884 2338 elegan-

1160 2362 1220 2391 tior
1234 2357 1422 2390 constructio
1428 2368 1437 2394 ;
1459 2360 1495 2385 ut
1513 2353 1623 2384 Avien.
1640 2351 1704 2381 orb.
1718 2348 1798 2380 desc.
1812 2348 1883 2380 457.

1191 2439 1241 2463 Ha:
1253 2438 1347 2468 gentes
1360 2437 1465 2464 Istrum,
1474 2431 1527 2463 qua
1538 2437 1566 2456 se
1578 2429 1656 2462 plaga
1668 2427 1735 2453 dura
1743 2424 1836 2451 noetis

1189 2476 1313 2508 porrigit,
1324 2473 1480 2499 incumbunt.

1162 2549 1225 2580 Ubi
1250 2545 1439 2578 Schraderus
1459 2543 1544 2574 male
1558 2540 1694 2582 conjicit,
1716 2539 1887 2577 inc-ingane.

1161 2599 1270 2640 Vulgo
1284 2597 1399 2638 legitur
1411 2596 1444 2626 in
1455 2595 1556 2632 Livio,
1568 2591 1731 2624 cumulatis
1746 2590 1778 2618 in
1789 2595 1888 2627 aquas

1161 2652 1300 2682 sarcinis.

1163 2703 1215 2733 De
1229 2703 1287 2732 hac
1303 2701 1429 2739 insuper
1445 2696 1529 2737 Tityi
1550 2690 1782 2735 magnitudine,
1804 2699 1837 2719 m

1163 2762 1231 2785 tum
1248 2751 1405 2784 dilucidus
1429 2755 1483 2784 est,
1509 2753 1542 2778 et
1566 2744 1676 2781 facilis,
1702 2748 1738 2773 ut
1757 2739 1887 2777 adsolet,

1167 2803 1332 2839 Ovidiusf
1324 2813 1357 2832 m
1374 2802 1422 2832 lb.
1440 2802 1509 2830 181.

1164 2876 1357 2910 Jugerihusque
1372 2879 1441 2898 nove
1444 2879 1470 2896 m
1483 2870 1530 2902 qui
1539 2873 1661 2893 surnmus
1672 2866 1753 2890 distat
1762 2864 1796 2889 ab
1805 2861 1873 2890 imo,

1195 2917 1354 2946 Visceraque
1365 2912 1475 2938 assiduae
1488 2909 1577 2936 debita
1589 2906 1694 2940 praebet
1704 2903 1757 2930 avi.
