1912 3292
305 176 400 217 100

748 170 750 172 ’
799 165 860 214 Τ.
910 160 1288 215 LUCRETII

448 299 610 342 Scilicet
627 307 825 340 aeternam
845 298 921 339 sibi
941 306 1132 339 naturam
1152 297 1295 338 abnuit
1315 310 1410 338 esse.

507 372 724 414 Falciferos
743 379 973 414 memorant
993 386 1136 413 currus
1157 370 1366 412 abscidere
1385 368 1569 410 membra

451 447 570 502 Saepe
590 447 646 488 ita
666 446 718 487 de
738 446 887 496 subito,
909 444 1112 501 permixta
1133 444 1246 486 caede
1265 443 1469 493 calenteis,

305 604 393 633 sime.
418 601 481 640 Iso,
493 604 639 643 disperdit
647 618 658 638 ;
685 602 778 644 longe
793 603 912 633 melius.
938 602 1029 632 Idem

307 664 424 690 rursus,
440 655 569 684 cathem.
585 654 604 684 i.
620 657 670 686 97.

431 728 488 756 Tu,
498 727 613 756 Christe,
623 733 748 751 somnum
760 726 848 756 diris&

433 767 478 790 Τιι
490 773 585 797 rumpe
594 766 681 790 noctis
692 766 807 790 vincula.

309 829 428 868 Vulgo,
451 830 569 864 dissice,
598 828 682 868 quod
707 829 898 868 ineptissime
923 829 1031 859 barba-

309 890 397 917 rum;
419 878 468 908 vel
488 880 610 919 disjice,-
634 878 814 919 vulgariter,
837 890 893 918 pro
918 881 1030 910 disice.-

310 932 363 962 ubi
391 936 510 960 veteres
537 929 660 970 glossae:
705 933 728 947 “
745 930 884 970 Dissipa,
917 931 1033 971 effuga,

310 987 333 1002 “
349 981 498 1013 discutc.”
544 981 648 1012 Undae
662 982 754 1011 variae
766 981 908 1012 lectionis
917 984 1034 1013 discute

312 1035 382 1065 fons
395 1035 470 1065 satis
484 1033 628 1074 aperitur.
664 1034 855 1064 Accuratam
870 1033 955 1064 dedit
969 1033 1034 1064 dic-

310 1087 404 1117 tionis
426 1086 711 1126 interpretationem
724 1085 912 1126 glossarium
927 1085 1035 1116 Philo-

306 1138 394 1169 xeni:
437 1141 460 1155 “
476 1139 610 1175 Disicio,
647 1136 797 1178 διαριπτω,
835 1136 1035 1179 διατκορπιζω,

541 1187 649 1218 Simile
663 1195 711 1218 est
725 1188 764 1219 de
780 1188 887 1219 Plauti
902 1188 971 1219 loco
979 1189 1034 1229 ju-

312 1241 444 1280 dicium,
463 1240 555 1271 Cure.
571 1239 614 1270 iii.
631 1241 680 1271 54.

313 1194 335 1209 ‘⁸
351 1188 493 1221 διασπω.”

344 1315 491 1347 clypeatus
499 1313 674 1345 elephantum
685 1312 731 1337 ubi
742 1312 879 1338 machaerzi
889 1312 981 1338 disicit.

315 1386 405 1418 Nihil
430 1386 551 1416 certius.
598 1384 779 1422 Salmasius,
809 1383 893 1425 quod
919 1384 948 1414 ei
974 1393 1038 1414 non

314 1437 486 1473 insolitum,
518 1435 695 1467 doctissime
717 1435 891 1466 hariolatur
919 1435 957 1466 ad
992 1435 1038 1466 lo·

314 1501 400 1528 cum,
416 1496 447 1520 et
463 1490 598 1520 Homeri
614 1489 735 1519 somnia
750 1488 920 1528 profundit.
953 1488 1039 1524 Quid

314 1551 487 1574 memorem
513 1540 700 1581 Virgilium,
726 1541 800 1570 AEn.
825 1540 878 1571 xii.
904 1544 975 1571 308.
998 1540 1039 1570 si-

313 1595 432 1626 militer
456 1592 675 1624 scribendum?
711 1592 798 1628 Quid
826 1592 971 1630 Statium,
1000 1592 1041 1623 ad

313 1648 414 1678 Theb.
440 1647 462 1676 i.
491 1645 572 1678 590?
609 1645 696 1682 Quid
724 1645 850 1683 Silium,
878 1645 962 1676 Pun.
988 1654 1036 1674 xv.

314 1697 398 1730 750?
432 1696 520 1733 Quid
544 1696 757 1734 Lactantium,
781 1696 814 1726 ii.
839 1699 869 1726 8.
901 1707 930 1735 p.
963 1695 1039 1727 140?

314 1750 368 1791 qui
383 1748 469 1779 locus
484 1747 529 1778 eis
542 1747 664 1779 videtur
679 1747 871 1787 adstipulari,
882 1747 965 1778 vocis
976 1753 1041 1787 ety-

315 1811 391 1833 mon
421 1799 460 1830 ad
488 1811 552 1830 seco
581 1799 797 1830 referentibus:
838 1797 893 1828 sed
920 1798 1042 1829 frustra.

318 1855 452 1890 Dissice,
467 1851 533 1882 imo
547 1853 654 1887 disice,·
672 1850 881 1890 interpreteris
895 1849 968 1880 licet
978 1851 1042 1881 Di-

316 1906 400 1936 vide:
440 1903 483 1933 sic
512 1903 606 1933 etiam
633 1901 716 1941 apud
745 1901 894 1937 eundem,
924 1900 967 1931 iii.
995 1904 1042 1932 17.

319 1956 372 1988 Sic
397 1954 491 1985 etiam
519 1953 667 1984 Sidonius
692 1952 893 1992 Apollinaris,
921 1962 948 1984 v.
970 1955 1043 1983 424.

321 2008 473 2043 Avienus,
489 2007 553 2036 orb.
569 2005 650 2036 desc.
667 2008 739 2037 964.

481 2080 540 2106 heic
551 2079 605 2106 late
616 2079 720 2106 Rhebas
730 2080 888 2105 extenditur
898 2079 984 2105 amnis
989 2089 998 2111 3

350 2122 466 2152 Rhebas,
476 2121 572 2154 cyanei
582 2121 629 2152 qui
639 2119 721 2145 disicit
732 2126 843 2151 aequora
853 2120 943 2152 ponti:

319 2198 340 2228 i.
370 2207 397 2227 e.
426 2195 552 2236 disjicit,
581 2195 702 2231 dividit,
731 2195 891 2234 dirumpit.
949 2192 1045 2225 Unde

322 2248 406 2279 idem
421 2246 628 2288 castigandus,
643 2246 684 2277 ad
698 2256 758 2277 ver.
776 2250 846 2278 925.

543 2320 625 2352 juxta
636 2320 773 2352 protendit
785 2320 894 2352 Sugdias
903 2326 995 2351 agros;

353 2360 473 2393 stigma,
482 2359 586 2392 ingenti
596 2366 678 2391 quam
690 2359 802 2384 flumine
813 2359 918 2385 dissecat
927 2360 1013 2384 Oxus.

316 2432 419 2469 Libri,
432 2433 559 2462 dissicit.
580 2430 726 2461 Eandem
737 2430 905 2462 dictionem
915 2431 1043 2461 'Werns-

321 2484 438 2515 dorfius
451 2490 534 2514 recte
548 2483 692 2520 restituit,
715 2483 748 2513 in
765 2483 885 2514 Iliados
899 2483 1044 2523 epitome,

319 2546 381 2566 ver.
395 2539 468 2568 549.
491 2534 544 2566 sed
558 2535 680 2567 minore
695 2546 768 2566 cum
775 2570 778 2573 ,
780 2535 903 2576 judicio
918 2534 1046 2576 Virgilii

323 2588 397 2618 AEn.
413 2587 466 2617 xii.
483 2591 532 2618 98.
554 2586 616 2617 alia
631 2597 756 2627 prorsus
775 2587 896 2619 ratione
911 2597 1046 2624 versum,

321 2648 396 2672 cum
411 2638 465 2668 illo
479 2640 679 2678 comparavit:

671 2713 802 2745 laterique
812 2713 1017 2739 volatiletelum

324 2758 438 2789 incidit,
453 2763 481 2784 et
491 2760 622 2792 tunicam,
632 2762 703 2788 ferro
713 2763 884 2795 squamisque
894 2763 1038 2796 rigentem,

323 2799 447 2824 Dissecat.

323 2861 444 2903 Vulgo,
468 2864 617 2895 Desecat:
643 2865 692 2895 vix
715 2865 921 2897 dubitaverim
944 2872 1049 2897 tamen

1073 606 1209 642 egomet,
1232 599 1307 640 quin
1325 599 1441 630 Disicit
1458 598 1550 628 unice
1565 608 1635 628 vera
1649 598 1689 627 sit
1704 598 1798 638 scrip-

1073 659 1159 689 tura;
1185 652 1204 681 i.
1227 662 1252 681 e.
1271 651 1463 690 perrumpit:
1495 655 1531 679 tu
1553 649 1695 680 conferas
1710 649 1802 691 Virg.

1075 703 1151 733 AEn.
1168 701 1208 732 ix.
1225 706 1296 732 452.
1320 711 1348 731 x.
1364 704 1437 731 557.
1462 700 1554 730 ovid.
1569 705 1642 730 met.
1662 699 1713 730 xii.
1733 703 1802 731 117.

1074 754 1125 784 Ex
1143 752 1336 794 sequioribus
1350 758 1454 781 tumen
1471 750 1648 781 Martianus
1666 749 1805 790 Capella,

1076 805 1116 835 ix.
1133 809 1162 835 4.
1181 808 1228 836 17.
1251 804 1372 834 videtur
1393 803 1530 842 posuisse
1552 804 1723 841 dissidens,
1749 813 1807 842 pro

1077 860 1278 888 intersecans:
1304 866 1398 897 quem
1414 855 1509 886 lector
1524 854 1624 891 adeat,
1645 860 1737 896 atque
1752 866 1805 886 su-

1078 918 1132 948 per
1147 909 1196 938 bis
1211 907 1358 938 omnibus
1373 916 1430 937 suo
1451 906 1573 947 judicio
1596 912 1720 945 utatur;
1743 907 1807 938 col..

1078 959 1149 990 latis
1164 959 1259 990 etiam
1274 959 1324 998 iis,
1342 970 1412 1000 quae
1428 958 1574 989 dedimus
1587 958 1628 989 ad
1642 959 1676 990 ii.
1697 962 1766 990 195.

1122 1019 1203 1050 Ibid.
1226 1022 1387 1050 disicietur
1401 1021 1446 1051 vis
1461 1020 1592 1055 anima‘i,
1608 1029 1683 1050 cum
1697 1019 1809 1061 disjec-

1079 1077 1112 1101 to
1127 1081 1264 1110 corpore.
1290 1071 1483 1101 Ammianus
1498 1070 1714 1107 Marcellinus,
1731 1071 1811 1103 xxiv.

1079 1126 1188 1153 4.—“
1205 1122 1658 1160 architectus,--reverberato
1696 1122 1813 1163 lapide,

1081 1178 1103 1193 “
1122 1185 1217 1215 quem
1241 1173 1351 1204 artifex
1374 1174 1546 1204 titubanter
1567 1179 1724 1212 aptaverat
1738 1174 1812 1205 fun-

1081 1229 1104 1244 “
1121 1225 1182 1264 dae,
1205 1225 1304 1256 obliso
1329 1230 1454 1264 pectore
1477 1225 1650 1264 supinatus,
1674 1224 1815 1264 profudit

1082 1280 1104 1295 “
1120 1279 1270 1314 animam,
1293 1275 1420 1317 disy’ectci
1445 1287 1588 1316 compage
1614 1277 1813 1308 membrorum

1082 1332 1104 1348 “
1121 1329 1199 1359 adeo
1220 1334 1257 1359 ut
1279 1339 1319 1358 ne
1335 1328 1426 1369 sigua
1440 1327 1568 1369 quidem
1582 1327 1680 1358 totius
1703 1338 1812 1370 corpo·

1084 1383 1107 1399 ‘⁴
1122 1380 1166 1410 ris
1188 1379 1420 1410 noscerentur.‘’

1128 1440 1203 1470 Ver.
1220 1443 1292 1470 640.
1309 1441 1428 1480 parteis
1444 1441 1540 1470 ullas:
1566 1439 1604 1470 P.
1622 1430 1662 1470 V.
1677 1439 1724 1470 ed.
1736 1451 1815 1481 pnr-

1084 1499 1142 1523 {cm
1165 1494 1464 1523 ullc1⁷⁷1.—d1'scedit:
1503 1498 1544 1522 n.
1566 1489 1729 1522 descendit.
1773 1492 1818 1524 Et

1084 1544 1264 1574 notandum
1291 1550 1346 1580 est,
1378 1544 1472 1574 sicuti
1496 1543 1626 1584 hujusce
1651 1543 1758 1574 versus
1783 1558 1819 1576 vo

1087 1598 1241 1627 scinditur
1272 1596 1397 1635 respicit
1426 1609 1459 1626 ιτα
1485 1597 1611 1626 discissa
1638 1595 1818 1636 praeeuntis,

1087 1648 1234 1686 phrasem
1251 1649 1372 1687 parteis
1387 1648 1514 1678 discedit
1530 1648 1564 1677 in
1578 1647 1659 1677 ullas
1675 1646 1820 1678 similiter

1090 1707 1148 1736 pro
1164 1698 1419 1737 interpretatione
1442 1697 1527 1728 verbi
1545 1699 1706 1729 disicietur
1728 1703 1821 1738 stare,

1090 1755 1121 1780 et
1153 1756 1292 1780 nostram
1322 1749 1511 1780 sententiam
1539 1748 1578 1779 de
1607 1748 1663 1779 illo
1691 1755 1821 1782 eatenus

1093 1801 1291 1832 confirmare.
1340 1801 1481 1832 Similem
1504 1806 1609 1831 autem
1631 1811 1725 1832 usum
1740 1802 1824 1834 vocis

1084 1854 1246 1884 discedere
1268 1853 1503 1893 perelegantem
1528 1861 1622 1891 supra
1641 1852 1822 1892 habuimus,

1087 1905 1122 1934 in
1137 1915 1198 1936 ver.
1220 1907 1268 1936 17.
1291 1905 1420 1945 hujusce
1436 1903 1523 1943 libri;
1546 1903 1585 1935 ad
1599 1914 1694 1946 quem
1714 1904 1821 1937 locum

1087 1955 1203 1986 redeas.

1132 2016 1217 2048 Ibid.
1242 2017 1366 2048 Pariter
1379 2016 1488 2049 Julius
1511 2015 1678 2054 Firmicus,
1699 2025 1728 2056 p.
1745 2019 1816 2048 415.

1088 2071 1138 2102 ed.
1159 2072 1296 2102 Gronov.
1322 2075 1345 2090 ‘⁶
1363 2072 1408 2102 Et
1423 2071 1519 2108 enim,
1548 2070 1633 2112 quod
1653 2076 1754 2110 potest
1771 2070 1819 2102 di-

1090 2128 1113 2142 “
1130 2123 1204 2160 vidi,
1232 2133 1344 2163 corpus
1369 2129 1433 2154 est:
1463 2123 1548 2164 quod
1571 2128 1679 2153 autem
1707 2132 1821 2162 corpus

1090 2181 1113 2196 ‘⁶
1130 2181 1188 2214 est,
1214 2185 1338 2206 necesse
1354 2181 1401 2205 est
1425 2184 1491 2205 esse
1513 2173 1657 2204 mortale:
1684 2183 1771 2215 ergo,
1793 2173 1820 2205 si

1090 2232 1114 2246 “
1133 2228 1240 2258 anima
1253 2227 1413 2265 dividitur,
1439 2236 1551 2266 corpus
1573 2231 1631 2256 est:
1658 2225 1684 2255 si
1705 2235 1818 2266 corpus
1856 2238 1863 2243 ·

1091 2284 1114 2298 “
1131 2285 1187 2316 est,
1203 2289 1327 2310 neeesse
1341 2285 1388 2309 est
1402 2279 1442 2309 sit
1456 2289 1505 2309 res
1519 2276 1689 2308 mortalis.”

1131 2347 1208 2378 Ver.
1225 2350 1297 2378 642.
1320 2347 1489 2378 abscidere:
1515 2345 1558 2376 sic
1582 2344 1694 2385 optimi
1715 2349 1747 2375 et
1768 2353 1820 2375 ve-

1090 2399 1254 2430 tustissimi
1270 2398 1403 2437 codices,
1428 2398 1465 2429 L.
1486 2392 1542 2429 M.'
1558 2403 1605 2429 Ω.
1628 2396 1742 2434 caeteri,
1767 2397 1821 2427 ab·

1089 2454 1227 2484 scindere
1234 2468 1244 2488 ;
1270 2463 1340 2493 quae
1355 2462 1414 2482 vox
1434 2451 1595 2482 multoties
1614 2457 1753 2482 nostram
1767 2459 1822 2481 ex-

1089 2503 1182 2543 pulit,
1206 2509 1236 2534 et
1251 2503 1386 2534 vicissim
1409 2501 1519 2533 cedere
1537 2501 1606 2532 loco
1620 2501 1725 2532 debet:
1751 2499 1823 2531 vide
1874 2518 1877 2521 v

1092 2555 1265 2586 Heinsium
1282 2561 1313 2585 et
1329 2556 1566 2592 Burmmnum,
1582 2553 1623 2584 ad
1637 2553 1729 2594 Virg.
1745 2553 1821 2584 AEn.

1090 2616 1117 2637 v.
1143 2608 1216 2637 685.
1254 2616 1329 2636 cum
1354 2604 1587 2637 commentariis
1607 2605 1643 2635 in
1670 2601 1822 2636 Prudent.

1090 2657 1255 2698 peristeph.
1286 2668 1315 2689 x.
1346 2661 1418 2690 975.
1454 2657 1495 2688 xi.
1524 2659 1575 2688 65.
1613 2656 1717 2696 apoth.
1748 2657 1821 2687 950.

1095 2709 1292 2740 Glossarium
1307 2714 1409 2740 vetus:
1441 2713 1464 2728 ‘⁶
1481 2708 1632 2743 Abscidit,
1657 2718 1825 2746 αποτεμνει,

1375 2759 1482 2791 Adeas
1512 2759 1639 2798 insuper
1667 2757 1825 2789 Gronovi-

1094 2823 1163 2851 um,
1188 2813 1229 2844 ad
1254 2812 1320 2844 Liv.
1341 2812 1414 2843 xliv.
1438 2815 1467 2844 5.
1490 2821 1564 2842 cum
1588 2820 1652 2840 var.
1678 2809 1760 2840 lectt.
1785 2808 1826 2840 ad

1094 2865 1178 2896 Flor.
1197 2864 1228 2896 ii.
1248 2868 1296 2896 18.
1312 2867 1340 2895 4.
1364 2863 1408 2894 iii.
1425 2867 1453 2895 4.
1470 2867 1498 2895 7.
1521 2868 1553 2893 et
1573 2861 1650 2893 alios
1670 2860 1759 2892 mille
1777 2860 1824 2892 lo·

1095 2764 1119 2780 “
1134 2760 1330 2792 aromaenss'
