1912 3292
472 285 707 334 LIBER
747 286 1123 344 QUARTUS.
1453 297 1547 342 375

203 413 343 462 Quam
363 414 530 455 miseris:
564 422 604 455 et
624 417 733 456 enim
753 415 943 469 potiundi
962 422 1147 469 tempore
1166 416 1209 457 in
1229 417 1319 472 ipso

63 486 170 526 1070
202 486 392 528 Fluctuat
410 487 573 527 incertis
593 488 799 528 erroribus
819 486 943 527 ardor
963 496 1189 529 amantum:

199 560 289 602 Nec
308 569 481 610 constat,
503 559 603 616 quid
624 561 805 616 primum
825 560 952 601 oculis
971 561 1241 616 manibusque
1259 562 1458 606 fruantur.

201 634 327 684 Quod
346 635 512 689 petiere,
534 643 727 690 premunt
748 642 853 684 arte3
885 633 1119 690 faciuntque
1140 634 1323 676 dolorem

201 708 412 763 Corporis,
435 717 475 750 et
495 709 651 750 denteis
671 709 850 750 inlidunt
869 724 978 765 saepe
997 709 1163 760 labellis,

198 781 430 838 Osculaque
450 784 667 841 adfligunt,
689 785 785 840 quia
804 799 889 826 non
909 793 969 826 est
987 799 1093 839 pura
1111 783 1315 839 voluptas:

52 938 206 976 scribitur,
227 940 429 979 simplicibus,·
453 939 537 980 quod
560 940 690 971 editores
712 941 776 971 val-

52 990 92 1020 de
106 990 395 1022 cruciavit—Sam&
410 997 524 1027 autern,
548 992 661 1022 amoris
679 994 777 1023 morbo

51 1052 117 1072 non
145 1043 364 1074 laborantibus.
410 1043 498 1074 Hinc
526 1044 641 1084 pendet
671 1044 776 1085 Virgi-

51 1094 124 1132 lius,
141 1096 217 1126 AEn.
232 1096 270 1126 iv.
288 1100 314 1126 8.

83 1188 174 1219 Quum
185 1188 221 1212 sic
238 1188 395 1213 unanimem
412 1188 566 1220 adloquitur
576 1188 641 1213 male
656 1196 720 1213 sana
735 1195 775 1213 so-

205 1234 312 1252 rorem:

51 1299 72 1330 i.
88 1310 114 1331 e.
139 1312 200 1331 non
215 1312 301 1337 sana,
325 1301 448 1332 furiata.
494 1302 610 1332 Confer
627 1302 775 1341 eundem,

50 1352 106 1382 ecl.
121 1352 183 1382 viii.
200 1357 250 1384 66.
274 1363 303 1383 x.
325 1357 376 1383 44.
401 1354 452 1383 Ita
476 1354 608 1394 Cyclops
626 1354 774 1384 Theocri-

49 1408 119 1433 teus
134 1411 228 1438 ολοαις
244 1418 356 1443 pamm&
372 1405 498 1442 amavit,
517 1404 602 1444 idyll.
617 1415 645 1436 x.
670 1411 701 1435 et
716 1415 774 1435 cae-

48 1460 115 1484 tera
128 1454 266 1492 profecto
280 1455 313 1484 id
327 1465 427 1494 genus
442 1455 693 1486 innumerabilia.

94 1506 168 1538 Ver.
199 1510 291 1539 1069.
327 1510 488 1547 potiundi:
531 1515 571 1538 Π.
604 1511 773 1547 pereundi,-

48 1558 134 1588 haud
148 1557 273 1597 illepida
288 1558 428 1598 profecto
446 1559 645 1589 aberratione.

93 1610 176 1640 Ibid.
201 1612 329 1641 miseris.
373 1610 466 1640 Dixit
487 1610 650 1650 Diogenes
677 1611 773 1650 Cyni-

50 1673 115 1699 cuS‚
140 1675 256 1702 ερωντας
275 1675 339 1705 προς
356 1663 448 1696 ἡδονὴν
462 1669 651 1693 ATTXEIN-
675 1663 707 1692 in
732 1663 774 1694 D.

47 1715 182 1746 La'ettio.
227 1716 454 1746 Bmumus.
497 1714 670 1750 Nimirum,
687 1714 774 1746 locus

48 1766 132 1805 apud
154 1767 250 1797 istum
278 1766 458 1805 scriptorem
486 1766 644 1796 invenitur
672 1766 713 1796 ad
734 1766 773 1796 vi.

48 1822 98 1851 67.
120 1818 174 1848 fin.
197 1818 358 1859 Virgilius,
376 1818 450 1848 AEn.
465 1817 504 1847 iv.
520 1821 593 1850 429.

78 1911 140 1942 Quo
158 1910 228 1934 ruit?
246 1913 404 1934 extremum
421 1909 474 1934 hoc
492 1909 591 1934 misene
608 1908 655 1933 det
673 1914 772 1933 munus

203 1949 312 1974 amanti.

90 2031 163 2062 Ver.
181 2033 272 2062 1070.
294 2032 435 2061 incertis:
463 2029 503 2059 V.
527 2029 575 2060 ed.
598 2030 636 2060 B.
653 2036 698 2060 Ω.
719 2031 768 2061 in-

43 2090 152 2116 certus.

89 2134 170 2165 Ibid.
193 2136 344 2165 fluctuat
366 2135 491 2164 incertis
509 2134 771 2164 erroribus—ocu·

44 2188 82 2218 lis
97 2188 305 2226 manibusque.
349 2185 431 2215 Haec
446 2185 627 2224 deprompta
645 2191 718 2215 sunt
732 2196 770 2215 ex

44 2238 209 2278 Euripide,
236 2239 280 2269 sic
304 2237 344 2268 ad
369 2237 552 2269 Lucretium
574 2237 767 2278 corrigendo,

45 2290 155 2322 Phoen.
170 2294 243 2320 520.

160 2386 197 2410 Τι
211 2392 246 2416 σω
259 2390 298 2411 0¹25
320 2395 369 2412 πως
383 2384 492 2410 ἅπαντα

160 2435 211 2458 Kar
233 2432 349 2461 ΧΕΡΣῘ,
371 2442 417 2457 κου
432 2432 584 2461 ΚΟΡΑΙΣῙ,

159 2481 417 2505 IIOATEAIKTON
434 2479 595 2509 ‘AAONAN,

158 2529 246 2553 Ezacs
258 2538 305 2553 zm
318 2538 347 2553 το
360 2527 425 2561 ampo

158 2575 466 2604 ΠΕΡΙΧΟΡΕΥΟΥΣΑ,
489 2576 576 2611 τερ-ψη

158 2623 284 2649 Παλαιαν
295 2620 369 2649 λαέω
381 2633 528 2658 χαρμονανς

44 2715 105 2747 Sed
120 2715 372 2747 emendationem
391 2715 599 2746 indubitatam
617 2715 764 2755 Musgra-

40 2769 110 2799 vius
136 2769 314 2808 occupavit3
348 2775 379 2799 et
409 2768 641 2799 Valckena'e'rus
669 2768 765 2798 etiam

39 2819 301 2851 Lucretianomm
323 2831 470 2851 versuum
492 2825 557 2850 erat
579 2820 763 2850 recordatus.

40 2870 170 2901 Addam
190 2872 399 2902 Ammianum
424 2871 656 2906 Marcellinum,
683 2871 763 2900 xxvi.

41 2924 137 2951 2.-—“
153 2928 228 2952 tunc
242 2924 345 2964 magis
364 2935 501 2956 errorum
520 2922 675 2964 profunda
690 2922 763 2953 cali-

39 2976 62 2991 “
78 2973 152 3013 gine
162 2976 439 3015 fluctuabant-.''

81 3032 131 3064 Vo
140 3043 167 3064 L.
188 3034 234 3064 Π.

863 941 939 971 Ver.
957 944 1048 972 1072.
1076 941 1179 974 Quod:
1205 940 1246 970 V.
1269 937 1318 970 ed.
1348 941 1546 980 Quid—pre-

820 999 908 1022 munt
932 998 1014 1022 arte:
1053 998 1093 1022 Π.
1124 998 1189 1022 arte
1214 998 1368 1031 premunt.
1413 992 1456 1022 Et
1480 999 1547 1023 arte

821 1051 971 1080 exaratur,
988 1054 1051 1074 non
1066 1050 1157 1080 arcte,
1172 1043 1207 1074 in
1221 1044 1259 1075 P.
1277 1044 1371 1075 Vind.
1390 1044 1427 1074 V.
1444 1045 1491 1075 ed.
1508 1045 1545 1075 Β.

822 1095 858 1125 L.
876 1095 923 1125 M.
942 1102 988 1126 Ω.

865 1146 938 1177 Ver.
966 1150 1056 1178 1075.
1092 1149 1208 1177 denteis
1246 1149 1385 1178 inlidunt
1419 1149 1544 1178 labellis.

822 1198 918 1228 Hanc
943 1199 1094 1237 pancratii
1118 1198 1253 1228 Venerei
1278 1199 1545 1229 circumstantiam

821 1249 956 1280 Plautus
969 1249 1195 1280 delicatissimis
1209 1250 1320 1288 verbis,
1343 1256 1379 1280 ut
1398 1251 1478 1280 nihil
1492 1261 1543 1280 su-

819 1311 885 1340 pra,
902 1301 1051 1339 concepit,
1068 1300 1183 1331 Pseud.
1198 1301 1218 1330 i.
1236 1304 1263 1330 1.
1280 1304 1330 1332 65.

885 1378 998 1403 Teneris
1005 1377 1104 1402 labellis
1112 1377 1205 1403 mones
1215 1377 1417 1403 morsiunculae.

818 1444 992 1475 Lambinus
1006 1444 1181 1484 provocavit
1195 1443 1291 1474 etiam
1308 1444 1398 1474 Cure.
1414 1444 1433 1474 i.
1449 1448 1477 1474 5.
1493 1446 1545 1475 51.

818 1496 883 1525 mil.
907 1497 986 1536 glor.
1004 1497 1043 1526 iv.
1060 1500 1088 1526 8.
1106 1499 1155 1527 25.
1179 1495 1293 1526 Pseud.
1309 1507 1336 1526 v.
1354 1500 1381 1526 1.
1399 1499 1446 1527 14.
1472 1497 1545 1527 Ho-

817 1553 872 1577 rat.
885 1547 934 1578 od.
951 1548 969 1578 i.
988 1552 1036 1578 15.
1055 1552 1104 1578 11.
1128 1548 1195 1578 Nee
1207 1548 1311 1577 Varro
1324 1558 1389 1577 non
1405 1553 1543 1591 venuste,

817 1599 901 1637 apud
917 1599 1073 1638 Nonium,
1089 1599 1121 1629 ii.
1137 1602 1208 1630 547.
1224 1598 1268 1628 ita
1282 1598 1398 1629 menda
1409 1599 1544 1629 liberan-

817 1649 887 1680 dus:

1134 1727 1202 1751 sicut
1213 1727 1305 1758 pullei‚
1316 1726 1352 1751 sic
1362 1727 1491 1758 inpetu11.¹;

879 1767 912 1790 Et
923 1766 950 1790 in
960 1766 1055 1790 labellis
1067 1765 1219 1790 morsicatirn
1230 1765 1346 1797 Iusitgmt.

816 1837 915 1873 Libri,
936 1839 1089 1868 incedunt.
1134 1836 1329 1877 Anthologia
1354 1836 1478 1873 Latina,
1500 1836 1544 1867 iii.

816 1892 888 1919 228.

845 1969 933 1999 Felix,
942 1969 962 1994 si
973 1976 1026 2001 qua
1036 1973 1116 1994 tuum
1128 1969 1246 1994 corrodit
1255 1969 1356 1994 femina
1368 1969 1469 1994 collum
1480 1969 1486 1993 !

876 2009 963 2047 Felix,
974 2015 1037 2040 quae
1049 2009 1126 2033 labris
1137 2008 1218 2033 livida
1229 2009 1302 2033 labra
1312 2008 1394 2033 facit!

816 2095 862 2124 At
876 2100 908 2124 at
921 2103 1034 2123 manus
1048 2092 1269 2123 abstinendum
1285 2099 1346 2129 est;
1370 2098 1410 2128 et,
1427 2092 1540 2132 quibus

814 2147 863 2176 hae
877 2145 1117 2175 mordicationes
1125 2145 1284 2174 amatoriae
1295 2144 1420 2174 salivam
1434 2154 1539 2174 move—

814 2203 868 2228 ant
883 2203 914 2228 et
927 2196 1097 2236 pervellant
1121 2197 1326 2231 stomachum,
1353 2195 1400 2225 illi
1423 2195 1540 2225 famem

811 2256 958 2291 poterunt
972 2249 1080 2284 lenire,
1105 2259 1142 2279 ac
1164 2248 1308 2288 proluere
1323 2248 1419 2285 sitim,
1436 2247 1538 2286 plenis

811 2304 885 2335 rivis
901 2304 1040 2343 Apuleii,
1056 2310 1109 2334 aut
1120 2303 1288 2333 luxuriosis
1299 2302 1441 2340 dapibus,
1456 2302 1538 2330 Bur-

811 2357 982 2386 manniano
1006 2355 1112 2385 labore
1140 2354 1321 2395 conquisitis
1345 2353 1538 2392 conditisque

810 2407 850 2438 ad
865 2406 1028 2437 laudatum
1042 2406 1148 2436 locum
1166 2404 1376 2444 Anthologiae.

853 2460 927 2489 Ver.
953 2462 1044 2490 1074.
1067 2460 1238 2500 adfligunt:
1265 2457 1307 2486 ita
1329 2456 1365 2486 P.
1383 2455 1477 2485 Vind.
1494 2456 1535 2486 V.

810 2511 857 2541 ed.
874 2512 911 2542 Β.
927 2511 963 2541 L
988 2517 1028 2541 Π.
1047 2515 1081 2541 Σ.
1100 2517 1144 2541 Ω..
1167 2509 1272 2548 vulgo,
1296 2509 1456 2548 adfigunt:
1483 2507 1536 2538 sed

810 2568 915 2592 nostra
926 2561 1019 2592 lectio
1029 2571 1156 2592 sensum
1167 2561 1260 2590 habet
1271 2559 1372 2589 multo
1384 2558 1536 2588 efficacio-

810 2624 889 2650 rem,
906 2620 998 2654 atque
1013 2613 1091 2643 adeo
1101 2612 1163 2642 loci
1174 2621 1266 2650 scopo
1278 2609 1536 2646 commodiorem,

809 2665 916 2695 omnia
927 2665 993 2705 jam
1009 2665 1043 2694 in
1057 2664 1194 2695 deterius
1204 2662 1306 2693 studio
1321 2672 1416 2701 pravo
1430 2661 1534 2691 detor-

808 2716 940 2756 quentis.
984 2716 1147 2746 Dictiones
1161 2715 1252 2754 affigo
1267 2720 1298 2744 et
1313 2714 1417 2754 affligo
1429 2713 1533 2751 saepis-

806 2767 885 2797 sime
912 2766 1045 2796 librariis
1076 2765 1331 2802 confunduntur3
1355 2763 1394 2794 de
1422 2763 1536 2804 quibus

808 2817 990 2851 Bentleium
1013 2817 1118 2848 videas
1142 2817 1182 2847 ad
1208 2817 1320 2846 Horat.
1343 2821 1397 2845 sat.
1413 2814 1444 2845 ii.
1461 2817 1532 2846 279.

808 2871 975 2910 Atffligunt
1000 2869 1152 2899 nimirum
1176 2869 1291 2905 oscula,
1315 2870 1338 2885 “
1353 2876 1428 2896 cum
1447 2865 1533 2895 colli-

809 2924 832 2940 “
847 2921 936 2951 sione
959 2920 1092 2961 quadam
1120 2919 1269 2949 violenter
1293 2918 1480 2957 imprimunt
1503 2921 1533 2945 et

810 2976 832 2991 “
847 2971 1058 3014 impingunt.'’
1105 2970 1322 3011 Tempestivus
1337 2968 1435 3000 aderit
1449 2966 1530 3007 glos-

751 3035 815 3066 Bb
