1912 3292
325 222 419 265 268

828 214 890 264 Τ.
937 215 1315 264 LUCRETII

471 347 529 389 Et
547 346 725 402 repletur
742 347 856 398 item,
879 348 1099 405 nigrasque
1117 347 1194 389 'sibi
1214 347 1342 388 abluit
1362 346 1540 388 umbras.

360 425 442 462 380

530 420 619 462 Nec
639 429 778 462 tamen
796 420 888 463 heic
907 422 1046 464 oculos
1065 421 1145 463 falli
1165 421 1426 464 concedimus
1444 420 1589 461 hilum:

473 494 599 544 Nam,
620 508 910 550 quoquomque
928 495 1020 536 loco
1038 495 1089 536 sit
1108 495 1198 545 lux,
1219 504 1341 551 atque
1359 495 1522 544 umbra,
1543 493 1649 535 tueri

473 567 642 609 Illorum
662 574 737 610 est:
768 567 912 609 eadem
931 582 1029 608 vero
1049 568 1130 608 sint
1148 568 1320 618 lumina,
1340 583 1484 618 necne,

473 641 732 696 Umbraque,
755 655 849 695 quae
868 640 945 680 fuit
963 640 1070 689 heic,
1093 639 1237 681 eadem
1256 654 1368 681 nunc
1388 649 1567 683 transeat
1585 641 1698 690 illuc;

472 715 542 754 An
563 714 700 768 potius
720 712 808 763 fiat,
828 712 966 768 paullo
985 713 1098 769 quod
1117 713 1296 755 diximus
1315 722 1429 764 ante3

361 791 443 827 385
477 785 612 828 Hocc'
632 785 760 826 animi
781 785 949 830 demum
969 787 1075 830 ratio
1094 787 1324 831 discernere
1343 788 1479 839 debet,

330 945 366 971 ut
380 939 468 970 locus
479 944 640 970 truncatus
654 939 704 979 sit,
721 945 764 978 et,
787 950 858 981 quae
872 949 1058 983 sequuntur,

332 991 373 1022 ad
387 990 515 1030 eclipsin
530 989 675 1030 solarem,
697 989 759 1032 qua
781 991 875 1023 tellus
897 993 1059 1025 inumbrae

331 1047 393 1078 tur,
429 1041 537 1072 referri
574 1041 715 1072 debeant.
763 1041 825 1072 Sed
860 1043 934 1073 satis
961 1045 1061 1076 habeo

332 1093 542 1133 suspicionem
556 1102 661 1124 meam
673 1103 745 1124 cum
757 1093 872 1125 lectore
883 1096 1060 1126 communi-

333 1154 426 1175 casse.

375 1204 450 1235 Ver.
469 1207 544 1235 578.
564 1209 594 1235 et
619 1205 786 1244 spoliatur:
813 1205 850 1236 P.
873 1208 1059 1246 expoliatum

333 1265 399 1286 non
414 1254 508 1291 male,
531 1254 584 1285 sed
599 1255 759 1286 venustius
773 1261 805 1286 et
818 1256 992 1296 simplicius
1005 1259 1060 1289 ha-

335 1308 395 1337 beo
410 1306 590 1346 vulgatum3
613 1306 655 1337 V.
671 1306 718 1337 ed.
733 1313 768 1338 ut
782 1309 932 1347 spoliatur
937 1324 948 1345 ;
967 1309 1063 1341 etiam

335 1368 401 1389 non
417 1358 514 1388 male:
540 1358 579 1389 B.
605 1364 639 1389 ut
655 1364 689 1389 ut
704 1360 904 1399 dispoliatur,-
932 1361 972 1392 Ο.
995 1373 1062 1402 spo-

335 1411 442 1440 liacur.

379 1473 463 1504 Ibid.
478 1475 632 1514 spoliatur
642 1475 768 1505 lumine.
790 1474 999 1506 Locutionem
1009 1485 1062 1506 ex-

339 1525 421 1565 cepit
436 1525 600 1566 Virgilius,
612 1526 688 1557 AEn.
704 1526 760 1556 xii.
777 1529 850 1558 955.

385 1606 419 1630 Et
431 1612 486 1636 me,
496 1613 540 1631 seu
552 1613 659 1638 corpus,
669 1606 803 1639 spoliatum
812 1606 918 1638 lumine,
927 1608 1023 1639 mavis,

381 1645 475 1670 Redde
486 1645 594 1670 meis—.

382 1717 455 1748 Ver.
470 1721 544 1750 579.
566 1720 683 1750 abluit:
710 1719 806 1750 Vind.
822 1723 858 1752 Σ.
880 1721 997 1757 adluit;
1022 1719 1064 1751 Ο.

340 1775 385 1799 Ω.
400 1770 492 1800 alluit
499 1785 510 1806 ,·
532 1776 574 1800 Π.
591 1771 723 1801 adludit.

380 1818 463 1850 Ibid.
496 1821 595 1851 abluit
624 1822 756 1852 umbras.
803 1821 946 1852 Similem
973 1823 1066 1853 habet

337 1869 574 1901 translationem
590 1871 733 1911 Flaccus,
748 1871 797 1903 od.
812 1873 832 1903 i.
849 1875 878 1904 7.
894 1875 943 1905 15.

401 1943 484 1968 Albus
494 1946 525 1968 ut
536 1945 649 1969 obscuro
659 1945 763 1977 detergit
772 1945 859 1970 nubila
869 1945 941 1971 coelo

463 1984 541 2015 Saepe
555 1985 680 2010 Notus—.

342 2053 394 2084 Sic
404 2053 586 2095 legendum,
602 2066 676 2086 cum
690 2057 890 2098 exquisitiore
904 2057 1065 2096 vocabulo,

340 2115 397 2144 pro
411 2106 529 2137 tritiore
543 2110 686 2148 deterget,
713 2109 797 2149 (vide
821 2119 922 2148 supra,
949 2109 989 2139 ad
1005 2119 1064 2139 ver.

340 2156 428 2197 2⁷50.)
445 2167 519 2188 cum
533 2159 674 2197 Acrone,
688 2165 863 2189 enarratore
875 2161 1068 2201 Cruquiano,

343 2212 374 2238 et
384 2208 455 2239 aliis
471 2210 632 2240 nonnullis
644 2211 881 2251 exemplaribus,
893 2218 962 2242 tum
972 2213 1068 2243 MSS.

342 2263 412 2288 tum
426 2259 594 2300 impressis

385 2309 460 2340 Ver.
475 2314 547 2341 580.
569 2313 654 2342 heic:
680 2312 715 2342 P.
732 2312 828 2343 Vind.
844 2313 886 2344 V.
908 2314 956 2344 ed.
979 2315 1016 2345 B.
1033 2320 1067 2347 Σ.

341 2361 414 2398 Ῐιοε,·
437 2362 522 2402 quod
537 2373 602 2393 non
617 2363 718 2404 pejus,
744 2365 804 2394 nisi
823 2371 947 2405 propter
962 2366 1065 2397 insua-

342 2411 461 2442 viorem
486 2423 608 2450 sonum,
637 2425 736 2455 quem
759 2421 864 2447 tamen
889 2427 980 2447 aures
1002 2417 1068 2448 Lu-

340 2462 486 2493 cretianae
500 2474 564 2494 non
581 2465 808 2503 exhorruerint,
836 2467 882 2497 uti
908 2467 1007 2509 quuet
1029 2478 1067 2498 ex

343 2523 403 2544 ver.
419 2518 492 2546 587.
517 2522 557 2547 Π.
573 2518 771 2558 lma—salli.-
798 2519 836 2549 B.
849 2519 958 2559 sacili.

384 2567 459 2598 Ver.
475 2571 547 2599 582.
569 2571 631 2600 sint
646 2572 779 2602 Iumina:
807 2571 844 2602 P.
862 2571 903 2602 V.
929 2571 976 2602 ed.
1001 2574 1066 2604 sine

344 2618 468 2649 lumine.
513 2619 579 2650 Pro
595 2631 690 2652 necne
704 2627 817 2658 autem,
834 2621 873 2653 V.
888 2622 935 2653 ed.
950 2633 1005 2654 nec
1018 2634 1063 2654 ve.-

343 2673 374 2698 et
386 2679 454 2700 vero
468 2668 555 2701 deest
571 2676 605 2703 Σ.

388 2718 462 2749 Ver.
477 2723 551 2751 585.
575 2733 662 2762 quae:
688 2722 783 2754 Vind.
807 2723 844 2754 L.
861 2723 908 2754 M.
931 2734 1069 2764 quaeque;

343 2773 385 2804 et,
400 2769 447 2799 uti
463 2771 610 2809 suspicor,
635 2775 756 2811 Umbra,
778 2774 892 2805 omisso
906 2786 975 2816 que,
999 2774 1071 2804 licet

347 2823 390 2855 de
410 2825 469 2855 hoc
493 2826 583 2857 Alter
615 2835 647 2859 et
671 2830 910 2871 Havercampus
933 2837 1068 2868 taceant3

346 2885 412 2908 non
426 2877 512 2908 enim
526 2878 616 2910 aliter
630 2880 756 2914 invenio
770 2883 803 2913 in
813 2882 1001 2914 Veronensi:
1015 2882 1070 2913 sed

1102 944 1182 974 nihil
1197 945 1345 983 expiscor‚
1369 943 1454 984 quod
1467 943 1563 974 lector
1577 953 1672 974 sanus
1696 944 1825 984 receptis

1103 1000 1424 1034 anteponat—nunc:
1449 994 1493 1025 sic
1516 995 1558 1025 V.
1579 995 1627 1025 ed.
1658 995 1696 1026 B.
1719 995 1756 1026 L.
1785 995 1825 1027 0.

1105 1051 1147 1075 Π.
1165 1050 1198 1077 Σ.
1214 1051 1259 1076 Ω.
1275 1045 1405 1085 repetito
1418 1056 1456 1076 ‘ne
1471 1059 1532 1076 aro
1547 1058 1633 1084 κοινυ,
1658 1045 1743 1086 quod
1756 1056 1827 1086 per-

1104 1095 1196 1127 facile
1210 1102 1266 1136 est,
1282 1102 1313 1127 et
1328 1096 1463 1134 doctius;
1486 1096 1606 1137 reliqui,
1630 1108 1718 1128 num.-
1742 1098 1830 1129 abest

1104 1147 1236 1178 omnino
1249 1147 1360 1178 vocula
1377 1149 1415 1178 ab
1431 1147 1478 1178 M.
1494 1153 1531 1179 ut
1545 1150 1611 1180 heic
1626 1148 1721 1179 etiam
1736 1158 1756 1179 a
1768 1148 1808 1180 B.

1147 1202 1222 1232 Ver.
1237 1205 1310 1232 584.
1333 1202 1386 1232 An
1396 1203 1624 1243 1›otiusfiat—:
1650 1205 1673 1220 “
1684 1203 1830 1233 umbram

1106 1255 1130 1271 “
1145 1252 1261 1283 scilicet
1275 1261 1340 1282 non
1355 1263 1389 1282 re
1403 1252 1474 1283 vera
1488 1252 1586 1294 sequi,
1609 1251 1664 1283 sed
1686 1262 1832 1292 apparere

1107 1306 1129 1322 “
1145 1304 1232 1345 sequi
1256 1304 1488 1342 tantummodo,
1512 1314 1588 1335 verr.
1611 1308 1684 1336 374.
1705 1307 1778 1336 575.
1801 1309 1834 1336 et

1107 1358 1130 1374 “
1145 1355 1247 1386 radios
1261 1356 1403 1396 intercipi
1419 1356 1563 1395 subinde,
1578 1366 1743 1398 progressu
1764 1365 1831 1387 cor-

1107 1410 1131 1426 “
1146 1407 1230 1447 poris
1245 1407 1392 1445 offectos;
1414 1408 1492 1438 adeo
1517 1414 1553 1438 ut
1578 1417 1657 1438 nova
1681 1413 1832 1448 perpetuo

1108 1462 1131 1478 “
1147 1465 1295 1499 exsurgat
1310 1461 1431 1495 umbra,
1445 1470 1503 1490 nec
1517 1459 1627 1490 eadem
1642 1470 1708 1490 uno
1721 1459 1834 1490 ordine

1107 1513 1131 1529 “
1147 1510 1378 1541 continuetur.’'
1435 1511 1619 1547 Lambinus,
1653 1516 1778 1552 egomet
1805 1510 1833 1541 si

1106 1561 1227 1591 valeam
1241 1561 1393 1600 dispicere
1407 1561 1506 1601 po'etae
1520 1567 1670 1598 mentem,
1680 1571 1745 1593 non
1753 1563 1834 1593 bene

1107 1612 1242 1644 declarat
1255 1613 1369 1644 locum.

1150 1671 1226 1701 Ver.
1241 1674 1314 1703 585.
1336 1673 1436 1703 debet:
1464 1672 1512 1703 M.
1523 1673 1620 1713 possit
1629 1673 1727 1715 flebel-

1151 1730 1226 1761 Ver.
1241 1735 1313 1762 586.
1335 1738 1481 1763 naturam
1496 1743 1616 1764 noscere
1629 1743 1752 1764 rerum.-
1773 1732 1795 1763 i.
1809 1741 1837 1765 e.
1885 1742 1889 1745 ’

1109 1782 1277 1823 penitiores
1301 1793 1424 1815 caussas
1438 1783 1642 1825 philosophiae
1663 1789 1835 1824 penetrare,

1108 1834 1186 1865 aciei
1200 1835 1315 1866 mentis
1329 1835 1425 1866 solius
1438 1835 1551 1866 obvias.

1152 1894 1230 1926 Ver.
1244 1897 1317 1926 587.
1338 1897 1508 1937 adfingere:
1536 1895 1581 1927 sic
1603 1895 1654 1928 Pii
1667 1894 1766 1930 codex
1779 1894 1834 1927 de-

1109 1946 1256 1982 faecatior‚
1275 1946 1371 1978 vind.
1386 1947 1424 1978 L.
1440 1947 1489 1978 M.
1506 1952 1540 1979 Δ.
1562 1954 1603 1979 11.
1619 1953 1655 1980 Σ.
1671 1953 1716 1979 Ω..
1731 1947 1835 1979 sedP.

1111 1999 1150 2030 V.
1167 2000 1214 2030 ed.
1231 2001 1268 2030 B.
1289 2002 1442 2041 effingere.
1476 2001 1520 2032 Et
1533 2001 1567 2031 in
1584 2007 1625 2032 Π.
1639 2003 1695 2033 hoc
1708 2001 1838 2040 ponitur

1113 2058 1182 2091 post
1201 2054 1347 2091 Proinde,
1365 2059 1396 2083 et
1409 2053 1444 2083 in
1459 2057 1496 2084 Δ.
1511 2053 1655 2084 scribitur
1666 2055 1742 2085 hoec.

1158 2112 1240 2142 Ibid.
1263 2114 1431 2154 adfingere:
1456 2113 1476 2143 i.
1498 2123 1523 2143 e.
1547 2123 1604 2152 pro
1618 2112 1761 2152 simplice
1763 2114 1836 2156 fin-

1108 2174 1188 2203 gere,
1214 2170 1249 2193 ut
1263 2165 1374 2195 addere
1389 2173 1452 2194 non
1473 2173 1555 2201 raro,
1570 2173 1628 2203 pro
1641 2165 1724 2199 dare,
1739 2173 1836 2203 saepe-

1114 2225 1250 2245 numero
1265 2221 1441 2255 usurpatur.
1485 2215 1596 2251 Quum
1618 2224 1692 2246 vero
1716 2215 1839 2255 proprie

1112 2267 1209 2306 possit
1223 2268 1354 2297 verbum
1368 2267 1536 2309 adfingere,
1549 2271 1703 2307 quantum
1717 2266 1839 2298 valeam

1113 2318 1297 2354 discernere,
1324 2321 1456 2358 insuper,
1484 2317 1533 2348 vel
1561 2327 1679 2348 novum
1708 2316 1836 2359 aliquid,

1102 2372 1227 2413 fingere
1233 2384 1244 2404 ,·
1274 2369 1322 2410 (in
1337 2379 1434 2410 quam
1447 2379 1515 2400 rem
1530 2374 1673 2400 nostrum
1697 2368 1840 2400 conferas

1113 2421 1155 2452 ad
1177 2431 1204 2452 v.
1235 2423 1305 2452 165.
1330 2421 1472 2452 Ciceron.
1497 2419 1538 2451 ad
1562 2419 1656 2451 Tusc.
1681 2419 1780 2459 dispp.
1793 2419 1837 2452 iii.

1116 2473 1183 2510 55.)
1200 2472 1278 2503 mihi
1294 2472 1416 2503 videtur
1429 2472 1522 2503 unice
1538 2471 1665 2508 sincera,
1690 2477 1722 2502 et
1742 2470 1838 2503 nullis

1113 2523 1321 2554 incommodis
1335 2523 1482 2562 obnoxia,
1497 2522 1589 2554 lectio
1602 2522 1716 2554 codicis
1731 2522 1773 2554 0.

1146 2604 1258 2630 Proinde
1269 2603 1353 2629 animi
1363 2602 1462 2642 ’νῆφε
1472 2602 1552 2630 hocc’
1561 2601 1644 2628 oculis
1652 2599 1762 2633 affigere
1770 2600 1837 2626 noli.

1118 2673 1190 2704 Has
1204 2679 1312 2704 autem
1326 2673 1490 2712 dictiones,
1505 2678 1537 2703 et
1549 2680 1660 2703 omnae
1672 2680 1711 2701 ex
1724 2669 1839 2701 eadem

1112 2724 1206 2764 stirpe
1220 2730 1454 2761 succrescentes
1468 2723 1503 2754 in
1517 2722 1604 2753 libris
1611 2727 1752 2753 veterum
1765 2731 1836 2761 pas·

1117 2775 1177 2805 sim
1193 2774 1338 2806 confusas
1352 2785 1418 2806 esse
1431 2773 1547 2810 scribis,
1574 2783 1680 2812 nemo,
1703 2771 1758 2814 qui
1769 2781 1838 2803 non
1865 2807 1870 2817 .

1114 2827 1154 2858 sit
1183 2827 1215 2856 in
1245 2826 1294 2857 his
1318 2826 1414 2856 literis
1441 2836 1566 2866 prorsus
1593 2825 1713 2864 hospes,
1734 2828 1836 2864 potest

1115 2881 1267 2921 ignorare.
1312 2879 1373 2911 Ille
1390 2879 1499 2912 Cicero
1513 2879 1658 2920 apposite,
1674 2879 1747 2911 ibid.
1761 2882 1833 2910 sect.
