1912 3292
314 233 411 274 220

819 223 879 272 T.
922 219 1299 271 LUCRETII

377 360 431 397 95
463 354 515 398 In
534 362 730 413 promptu
748 355 944 412 quoniam
963 362 1037 406 est,
1059 354 1102 394 in
1121 350 1255 408 prime
1275 349 1410 393 fronte
1429 348 1571 389 locata.

521 429 752 486 Postremo,
772 429 958 487 speculis,
979 429 1024 469 in
1043 426 1164 484 aquai,
1186 424 1483 482 splendoreque
1499 422 1543 462 in
1563 419 1691 466 omni,

465 503 782 560 Quaequomque
801 503 1002 559 adparent
1021 501 1139 546 nobis
1159 499 1390 548 simulacra,
1411 509 1572 538 necesse
1592 500 1665 541 est,

466 577 816 633 Quandoquidem
836 576 954 618 simili
975 575 1108 630 specie
1127 581 1222 614 sunt
1240 571 1415 628 praedita
1435 583 1589 616 rerum,

469 651 570 693 Esse
590 652 632 691 in
653 649 900 706 imaginibus
920 647 1050 688 missis
1070 647 1289 688 consistere
1309 658 1464 685 eorum.

333 730 411 766 100
443 725 568 774 Nam,
590 738 697 778 quur
714 722 781 762 illa
800 721 949 762 cadant
968 720 1114 776 magis,
1136 718 1188 759 ab
1209 718 1410 772 rebusque
1429 715 1636 763 recedant,

331 897 355 913 “
369 893 454 924 ria:”
477 902 578 934 neque
597 891 686 923 aliter
707 891 823 922 offendi
846 891 995 930 scriptum
1020 890 1055 920 in
1098 888 1193 920 modo
1207 897 1316 918 verum
1330 885 1369 917 de
1385 885 1513 916 illorum
1536 881 1723 913 testimoniis
1744 881 1822 912 scia·

331 945 458 984 optimae
472 943 600 984 quidem
615 947 698 973 notae
713 942 818 973 codice
842 942 914 973 MS.
940 942 1056 972 Canta-
1100 950 1180 970 mus.
1226 939 1304 969 Mox
1319 943 1426 967 autem
1443 937 1479 966 B.
1495 936 1601 966 colore.

331 992 493 1038 brigiensi.
539 995 672 1034 Nempe,
702 1004 767 1025 non
795 993 926 1035 fingitur
950 998 1060 1032 sponte

1147 990 1228 1021 Ibid.
1243 990 1426 1020 contendunt
1442 989 1533 1018 exire.
1566 985 1727 1026 HyginuS,
1742 985 1824 1024 poe't.

334 1050 476 1090 defluere,
493 1047 547 1078 sed
561 1046 719 1077 hortulani
733 1045 878 1076 manibus
892 1044 1006 1075 deduci
1030 1049 1062 1074 et
1104 1048 1216 1073 astron.
1232 1041 1265 1071 ii.
1282 1044 1331 1071 16.
1347 1039 1414 1070 init.
1427 1037 1468 1069 de
1476 1035 1581 1078 aquilei
1590 1039 1672 1067 .-—“
1683 1046 1753 1076 quoe
1765 1034 1829 1065 sola

335 1099 468 1130 derivari
498 1099 532 1129 in
554 1099 717 1136 scatebras,
746 1103 783 1127 ut
804 1097 914 1127 herbas
943 1095 1060 1136 irriget.

339 1153 442 1184 Aliter
455 1163 488 1182 se
502 1162 551 1182 res
565 1152 658 1181 habet
670 1150 706 1181 in
730 1149 907 1190 Hippolyto
924 1148 1063 1185 Senecae,

343 1215 407 1236 ver.
425 1207 497 1236 515.

598 1286 654 1311 sive
664 1285 725 1311 fons
735 1286 822 1317 largus
832 1284 897 1310 citas

405 1325 536 1358 Diffundit
547 1325 642 1354 undas,
652 1324 708 1349 sive
717 1330 766 1357 per
777 1323 855 1348 flores
865 1328 949 1347 novos

405 1366 536 1398 rugiente
546 1365 631 1390 dulcis
640 1367 794 1389 murmurat
804 1363 862 1388 rivo
879 1369 974 1388 sonus:

346 1438 402 1470 ubi
419 1437 652 1469 Gronoviorum
666 1435 823 1468 maximus
841 1435 914 1476 jure
935 1432 1073 1473 praetulit

347 1501 384 1521 ac
399 1489 566 1520 vindicavit
573 1488 710 1520 duorum
721 1487 867 1519 codicum
879 1485 1072 1526 scripturam,

348 1541 514 1582 Desundie.
561 1539 623 1571 Sed
637 1539 713 1570 illuc
726 1544 926 1570 revertamur.

395 1592 478 1623 Ibid.
491 1592 604 1633 sumus
619 1592 788 1622 abundant.
835 1589 942 1626 Maro,
958 1587 1033 1618 AEn.
1045 1585 1076 1616 ii.

352 1647 424 1675 609.

545 1719 690 1750 mixtoque
699 1716 838 1743 undantem
845 1715 958 1748 pulvere
960 1715 1078 1746 sumum.

398 1782 472 1813 Ver.
489 1787 538 1815 90.
560 1784 637 1813 alto:
664 1782 706 1812 V.
721 1780 768 1811 ed.
787 1781 824 1811 B.
847 1780 1079 1810 alim—extrin-

355 1846 456 1867 secus:
483 1839 518 1866 Δ.
542 1840 584 1865 11.
610 1839 643 1864 et
666 1837 701 1865 Σ.
725 1833 924 1867 intrinsecus;
949 1835 986 1860 ut
1005 1828 1081 1859 editi

356 1887 498 1928 quidam,
517 1886 606 1917 libris
619 1884 747 1924 optimis
760 1883 965 1923 pluribusque
978 1886 1087 1912 contra

358 1938 520 1970 stantibus.
567 1936 655 1969 Ordo
672 1942 732 1967 est:
758 1939 780 1954 “
799 1935 884 1972 Quia
898 1945 958 1972 res,
968 1943 1007 1964 ex
1021 1932 1087 1962 alto

361 1993 384 2008 “
401 1989 510 2026 ortae,''
536 1989 571 2030 (i.
587 1999 612 2018 e.
628 1998 667 2018 ex
682 1987 819 2027 panibus
834 1985 964 2016 internis
979 1993 1016 2014 ac
1030 1993 1085 2022 pe-

361 2041 537 2078 nitissimis;
559 2039 630 2070 vide
651 2049 711 2069 ver.
729 2038 794 2077 71.)
819 2040 840 2055 “
857 2036 934 2067 dum
956 2035 1089 2065 veniunt

363 2096 386 2111 “
402 2090 623 2128 exn-insecus‚“
648 2089 683 2131 (i.
699 2100 726 2119 e.
751 2088 791 2118 ad
806 2094 967 2118 externam
981 2095 1088 2124 super-

364 2143 479 2181 ficiem,
494 2142 542 2172 vel
557 2147 644 2172 extra
658 2139 778 2179 versus)
803 2142 824 2156 “
841 2137 1027 2169 scinduntur
1037 2147 1091 2175 per

365 2198 388 2214 “
406 2195 464 2225 iter
478 2192 625 2224 flexum.’'
662 2190 812 2222 Similiter
826 2189 1021 2228 accipiuntur
1033 2187 1090 2218 ali-

368 2246 494 2287 quando
523 2250 664 2286 cognatae
698 2252 789 2274 voces
820 2242 951 2279 Graecae,
982 2241 1032 2278 εξω
1061 2244 1093 2268 et

369 2300 468 2337 εξωθεν.

413 2356 487 2386 Ver.
506 2359 555 2387 91.
574 2365 631 2394 per
646 2356 721 2385 iter.-
747 2353 784 2384 B.
809 2357 850 2382 Π.
867 2355 902 2382 Σ.
921 2351 1094 2390 pariter.—

356 2410 493 2449 fleaeum:
520 2408 559 2438 Β.
565 2408 701 2448 fluxum.

414 2468 489 2497 Ver.
506 2469 556 2498 92.
572 2466 774 2496 contendunt.-
792 2463 830 2493 L.
843 2462 890 2493 M.
902 2461 1095 2492 contendant.

373 2524 542 2549 —coorem
562 2517 597 2548 P.
614 2515 711 2545 Vind.
727 2514 767 2544 V.
783 2513 831 2544 ed.
848 2513 888 2544 Ο.
902 2518 937 2543 Δ.
951 2518 991 2542 Π.
1005 2515 1039 2542 Σ.
1053 2516 1097 2540 n.

374 2576 491 2606 worm,-
515 2569 642 2599 fortasse
657 2577 735 2602 vere,
752 2572 784 2596 et
797 2564 837 2596 ad
851 2574 973 2595 morem
983 2563 1100 2594 Lucre-

375 2625 419 2660 tii,
450 2634 514 2654 non
540 2632 661 2653 morose
682 2620 909 2661 praecedentem
931 2617 1102 2648 dictionem

375 2685 421 2705 res
438 2675 471 2704 in
487 2674 594 2704 animo
604 2673 753 2710 tenentis;
768 2678 805 2702 ut
815 2680 914 2711 nuper
925 2668 965 2700 ad
974 2678 1036 2698 ver.
1049 2669 1099 2697 47.

377 2731 409 2754 et
423 2735 509 2763 mox,
530 2735 591 2755 ver.
615 2729 665 2757 99.
710 2723 778 2753 Nec
803 2728 910 2753 tamen
935 2730 972 2750 ex
994 2718 1101 2749 animo

378 2786 504 2815 prorsus
519 2776 613 2806 fuerit
628 2776 662 2806 in
676 2776 735 2805 hoc
750 2774 819 2805 loco
833 2772 999 2804 rescribere
1018 2781 1101 2801 coor-

380 2833 428 2863 ta‚·
446 2828 486 2857 ob
499 2830 587 2864 ostia,
602 2827 687 2868 quod
702 2826 834 2867 praeivit,
856 2824 967 2856 eodem
981 2831 1103 2864 genere-

383 2877 537 2909 standum
553 2884 600 2908 est
613 2878 709 2919 igitur
723 2877 881 2910 codicibus
903 2876 940 2908 B.
956 2875 993 2906 L.
1010 2873 1057 2904 M.
1080 2871 1106 2902 si

1108 1098 1130 1113 “
1146 1093 1259 1124 tradita
1273 1097 1321 1123 est.
1334 1090 1494 1122 memoriae
1509 1095 1615 1120 contra
1632 1087 1706 1118 solis
1730 1086 1832 1118 exori-

1109 1149 1131 1164 “
1147 1145 1228 1176 entis
1241 1143 1343 1176 radios
1357 1143 1534 1175 contendere
1548 1139 1674 1172 volare?
1719 1138 1772 1169 Ita
1783 1137 1831 1168 lo-

1110 1209 1165 1229 cus
1175 1196 1343 1229 certissime
1353 1191 1606 1230 constituendus;
1619 1201 1678 1222 nec
1688 1190 1835 1221 curandae

1110 1255 1184 1281 sunt
1198 1249 1237 1280 de
1251 1249 1386 1279 minimo
1400 1246 1564 1278 doctorum
1578 1243 1717 1274 virorum
1736 1242 1836 1283 suspi-

1111 1310 1224 1331 ciones.

1154 1359 1231 1389 Ver.
1250 1361 1300 1390 94.
1320 1358 1434 1398 possit:
1461 1361 1503 1386 11.
1526 1356 1625 1395 possis
1631 1368 1642 1389 ,·
1677 1358 1780 1394 atque,
1803 1353 1836 1382 in

1115 1416 1263 1452 sequente
1276 1419 1375 1445 versu,
1390 1409 1432 1438 V.
1446 1407 1494 1438 ed.
1509 1407 1548 1437 L.
1559 1411 1744 1446 promptum.

1159 1462 1233 1493 Ver.
1253 1464 1304 1494 95.
1326 1460 1441 1492 Plures
1469 1458 1604 1490 editores
1633 1456 1673 1488 ad
1696 1462 1841 1497 promptu

1119 1513 1352 1547 distinctionem
1389 1516 1576 1552 posuerunt;
1613 1519 1672 1540 nos
1698 1508 1843 1539 videmur

1119 1565 1348 1605 nobismetipsis
1370 1564 1531 1595 venustius
1550 1563 1632 1592 hanc
1647 1571 1714 1592 rem
1741 1560 1843 1593 admi-

1119 1622 1278 1652 nistrasse:
1304 1628 1406 1660 neque
1435 1618 1524 1648 aliter
1552 1615 1653 1647 editor
1682 1614 1845 1646 Vindobo-

1121 1671 1324 1704 nensis-Et
1337 1670 1586 1702 animadvertant
1602 1668 1732 1699 lectores
1752 1666 1847 1697 velim

1123 1728 1246 1768 copiam
1260 1727 1440 1763 diffusilem,
1455 1725 1518 1768 qua
1531 1723 1689 1756 redundat
1701 1720 1850 1753 orationis

1123 1779 1319 1811 Lucretianae
1332 1789 1420 1809 vena.
1466 1776 1618 1809 eonferas
1633 1776 1654 1806 i.
1673 1777 1747 1807 879.

1165 1839 1241 1870 Ver.
1256 1844 1307 1872 96.
1329 1840 1473 1880 speculis:
1499 1837 1536 1868 P.
1551 1839 1586 1868 in
1599 1836 1745 1876 speculis;
1767 1831 1853 1875 quod

1128 1891 1238 1922 inscite
1253 1890 1370 1930 placuit
1391 1889 1574 1920 editoribus:
1600 1896 1676 1917 nam
1700 1890 1769 1916 tuto
1793 1884 1854 1914 hoc

1129 1942 1265 1981 imputes
1273 1940 1528 1980 supplementum
1539 1937 1666 1968 indocto
1673 1935 1791 1970 scribae,
1799 1933 1855 1974 qui

1130 1993 1334 2024 Latinitatem
1347 1991 1486 2022 laborare
1500 1989 1568 2019 sine
1582 1985 1694 2027 copula
1708 1985 1786 2016 falso
1805 1994 1854 2015 ar-

1130 2044 1264 2075 bitratus
1288 2048 1345 2078 est,
1371 2040 1555 2072 nominibus
1576 2036 1776 2079 sequentibus
1800 2045 1855 2066 an-

1132 2097 1220 2128 nexa.
1251 2097 1343 2127 Meas
1351 2093 1632 2125 animadversiones
1646 2090 1774 2130 inspice,
1790 2099 1858 2119 rem

1134 2149 1292 2183 clarantes
1308 2147 1348 2178 ad
1363 2146 1455 2177 Bion.
1472 2145 1492 2175 i.
1506 2148 1558 2176 81.
1585 2143 1636 2174 Ita
1650 2147 1778 2182 peccant
1792 2140 1857 2171 edi-

1134 2206 1216 2230 tores
1230 2199 1355 2233 iterum,
1367 2196 1407 2227 ad
1421 2206 1481 2226 ver.
1499 2198 1569 2226 148.

1179 2250 1255 2280 Ver.
1276 2252 1327 2281 99.
1353 2249 1427 2279 Esse
1443 2250 1493 2278 in:
1519 2246 1563 2276 sic
1588 2250 1719 2285 utraque
1743 2242 1862 2273 Aldina

1136 2312 1209 2333 cum
1224 2299 1361 2333 ,Iuntina
1388 2307 1524 2340 quoque,
1548 2302 1579 2326 et
1605 2295 1642 2326 P.
1664 2294 1719 2336 qui
1741 2292 1863 2324 nullam

1137 2352 1280 2383 codicum
1305 2350 1483 2381 varietatem
1507 2345 1674 2378 memoret:
1700 2349 1733 2376 at
1753 2353 1864 2375 omnes

1139 2404 1208 2436 libri
1225 2402 1334 2443 reliqui
1359 2401 1455 2433 MSS.
1479 2409 1553 2431 cum
1575 2399 1617 2429 V.
1641 2397 1688 2428 ed.
1715 2406 1751 2427 ac
1766 2394 1865 2426 Vind.

1141 2460 1190 2490 Ex
1220 2457 1423 2497 imagim‘bus;
1469 2453 1573 2485 Musis
1609 2449 1865 2491 indignissimum

1141 2509 1264 2540 facinus
1279 2505 1510 2538 detestantibus.
1544 2504 1578 2535 Si
1587 2503 1628 2534 sit
1638 2512 1677 2532 ex
1687 2497 1867 2541 conjectura

1143 2560 1288 2600 primitus
1295 2560 1362 2589 haec
1374 2555 1562 2593 ememhtio,
1570 2554 1631 2584 viri
1640 2551 1772 2586 solertia,
1782 2548 1866 2590 quis-

1144 2612 1213 2652 quis
1227 2610 1416 2651 excogitator
1425 2606 1604 2639 certissime
1613 2601 1754 2640 lectionis
1761 2599 1866 2634 fuerit,

1145 2663 1231 2694 omni
1246 2662 1340 2693 laude
1354 2658 1546 2692 cumulanda
1558 2662 1613 2692 et
1630 2661 1663 2685 e·
1674 2651 1814 2685 Lucretii
1828 2652 1868 2681 ab

1145 2714 1334 2746 amatoribus
1349 2713 1492 2753 ingentes
1505 2708 1613 2750 gran’ae
1627 2703 1788 2737 habendae.
1822 2702 1869 2733 ΙΙ.

1145 2768 1202 2799 lud
1212 2770 1247 2798 in
1258 2766 1348 2797 facile
1356 2764 1469 2805 periret
1478 2764 1518 2794 ob
1527 2761 1676 2802 syllabam
1687 2761 1871 2798 sequentem

1148 2821 1205 2856 im;
1222 2824 1253 2849 et
1263 2817 1378 2857 duplex
1393 2827 1421 2847 ss
1435 2823 1509 2845 cum
1520 2824 1538 2843 2·
1550 2811 1666 2843 centies
1678 2811 1874 2840 commutata

1149 2875 1208 2901 est:
1234 2867 1303 2899 vide
1319 2876 1376 2898 nos
1397 2865 1438 2897 ad
1452 2865 1471 2895 i.
1487 2867 1558 2896 835.
1604 2863 1646 2893 In
1662 2859 1768 2892 codice
1787 2858 1871 2889 Can-
