1912 3292
349 230 410 270 38

860 219 919 268 Τ.
958 220 1337 270 LUCRETII

491 352 732 408 Propterea,
753 366 887 408 neque
906 353 1135 395 detractum
1156 353 1210 395 de
1228 353 1412 410 pondere
1431 355 1670 412 quidquam.

488 427 714 478 Nimirum,
735 428 833 484 quia
852 428 981 470 multa
1000 429 1242 486 minutaque
1263 430 1420 472 semina
1439 445 1558 472 sucos

488 501 711 552 Ecficiunt‚
734 510 774 543 et
793 501 980 553 odorem,
1001 504 1045 544 in
1066 511 1154 544 toto
1174 517 1349 558 corpore
1368 519 1523 546 rerum.

547 577 643 626 Qua
664 592 708 618 re
729 578 852 619 etiam
871 585 994 634 atque
1014 578 1138 619 etiam
1158 579 1306 620 mentis
1326 587 1533 630 naturam,
1555 580 1802 636 animaeque,

376 655 460 692 230
493 651 606 693 Scire
626 651 719 693 licet
738 667 938 708 perquam
958 652 1147 707 pauxillis
1168 667 1252 694 esse
1272 661 1451 694 creatam

489 726 742 775 Seminibus;
775 727 970 782 quoniam
991 726 1151 784 fugiens
1170 727 1275 768 nihil
1294 727 1488 782 ponderis
1508 728 1652 771 aufert.

545 799 634 841 Nec
655 808 792 841 tamen
813 800 904 842 haec
925 801 1098 856 simplex
1119 801 1238 843 nobis
1258 809 1407 843 natura
1426 802 1611 857 putanda
1630 810 1704 844 est:

488 873 647 915 Tenuis
667 874 777 915 enim
799 874 992 930 quaedam
1013 876 1290 918 moribundos
1311 875 1461 918 deserit
1481 891 1599 928 aura,

342 1039 413 1072 quae
426 1038 551 1059 versum
566 1028 743 1069 elegantem
759 1029 793 1059 in
815 1029 870 1060 ecl.
895 1029 928 1060 ii.
945 1033 995 1062 95.
1016 1031 1071 1062 de.

343 1087 465 1122 turpat:

380 1157 441 1188 Jam
469 1157 595 1210 regonant
611 1153 710 1186 sontes,
730 1154 787 1185 jam
801 1153 920 1186 sontibus
943 1155 1072 1186 obstrepit

465 1192 494 1210 ar
513 1192 551 1210 os.

339 1249 439 1287 Libri,
451 1250 583 1290 frondes
597 1253 628 1278 et
643 1250 800 1280 cantibus:
826 1249 899 1280 vide
925 1260 995 1290 quae
1010 1250 1069 1280 du-

339 1301 418 1333 dum
432 1300 625 1331 contulimus
647 1300 687 1331 ad
713 1300 841 1331 Horatii
864 1301 952 1340 epod.
968 1302 999 1332 ii.
1018 1306 1068 1334 27.

338 1363 415 1384 nam
444 1357 571 1383 mutuas
595 1351 628 1381 hi
655 1351 715 1382 loci
740 1352 798 1382 sibi
824 1358 941 1382 navant
961 1363 1070 1393 operas

339 1404 601 1437 commodissime.
647 1403 735 1434 Hinc
760 1404 855 1434 etiam
882 1404 958 1445 quid
987 1412 1071 1436 vetat

341 1459 546 1491 Theocritum
561 1458 734 1498 explicare?
760 1459 867 1494 Quem
881 1459 1004 1490 mireris
1023 1467 1071 1491 tot

339 1512 413 1543 viris
427 1511 614 1544 doctissimis
628 1516 809 1549 tractatum,
835 1521 936 1551 neque
952 1513 990 1542 ab
1005 1522 1071 1542 uno

338 1564 485 1596 omnium
515 1564 644 1601 interea,
671 1573 711 1593 ne
738 1563 930 1594 Terentiano
955 1564 1071 1594 Mauro

335 1615 477 1657 quidem,
490 1615 584 1654 probe
599 1614 813 1651 intellectum3
834 1620 927 1655 atque
943 1614 1022 1645 adeo
1035 1614 1068 1645 in

335 1666 518 1707 idylliorum
533 1665 642 1705 primis
656 1666 807 1697 versibus!
832 1666 887 1704 ita,
904 1672 988 1696 certo
1003 1677 1069 1697 cer-

338 1719 411 1755 tius,
426 1717 657 1758 distinguendis
672 1717 935 1759 accipiendisque:

375 1796 442 1822 ’Δδυ
456 1805 480 1821 τι
494 1805 523 1821 το
532 1794 686 1830 ψιθυρισμα,
700 1805 748 1821 και
765 1795 784 1821 ά
796 1805 875 1826 παπ-υς,
888 1800 983 1827 aaaron,
995 1807 1067 1827 τπνοι,

377 1845 412 1870 'A
424 1854 480 1870 ‘sem
491 1853 549 1872 τους
559 1852 682 1875 aramum,
692 1843 925 1877 μελισδετοιι-.

340 1911 430 1943 Ordo
444 1916 503 1941 est:
532 1916 570 1941 To
591 1912 749 1952 ψιθυρισμαι
777 1911 951 1952 (δεικεηκωμ
975 1914 999 1930 “
1013 1913 1069 1942 hoc

339 1967 361 1982 “
376 1965 486 2002 ipsum,
511 1960 595 2002 quod
617 1960 805 1998 audimus;’‘
818 1961 921 2002 fontis
937 1961 1068 2002 scilicet)

337 2013 506 2056 μελισδεται
521 2012 575 2044 ἇδυ
590 2023 629 2043 τι·
659 2025 709 2043 και
725 2014 746 2043 ἀ
762 2024 858 2048 mea-115,
883 2014 904 2043 αἱ
920 2024 989 2043 aeo‘rs
1005 2025 1068 2047 ‘rats

338 2078 478 2106 mayaco-1,
501 2062 670 2104 μελισδεφαι
692 2063 745 2094 &Bu
762 2077 805 2094 an:
834 2067 856 2082 “
874 2063 977 2094 Dulce
999 2063 1070 2094 sons

337 2120 361 2136 “
376 2122 476 2153 sonat,
488 2114 580 2146 dulce
589 2114 683 2154 pinus
693 2120 820 2154 propter
828 2114 965 2153 fontem3
978 2114 1069 2145 dulce

335 2172 359 2188 “
375 2168 471 2198 etiam
496 2168 556 2198 tu.'’
600 2166 712 2207 Longe
738 2166 900 2197 verissima
925 2173 972 2197 est
996 2167 1066 2198 haec

335 2220 426 2256 ratio,
441 2218 583 2260 quamvis
597 2219 637 2249 ad
653 2220 738 2249 hunc
754 2229 853 2260 usque
868 2219 953 2250 diem
968 2229 1063 2250 cunc-

336 2278 385 2303 tos
398 2271 533 2302 latuerit.
581 2269 668 2301 Illud
692 2276 740 2301 To
757 2273 914 2313 ψιθυρισμα
939 2270 993 2311 qui
1007 2270 1065 2300 ali.

337 2333 385 2358 ter
407 2325 480 2356 velit
501 2324 689 2366 intelligere,
715 2335 781 2355 non
806 2325 903 2361 novit,
927 2324 1005 2365 quid
1026 2325 1066 2355 sit

338 2379 450 2409 Graece
464 2377 559 2418 loqui.
605 2377 688 2408 Cum
714 2376 784 2407 aliis
809 2376 930 2407 fallitur
951 2376 1063 2407 scholi-

336 2436 424 2461 astes.
472 2428 532 2459 Sed
547 2428 620 2459 alibi
635 2428 699 2459 fors
713 2428 824 2468 plura;
842 2439 927 2459 nunc
943 2428 982 2459 ad
998 2429 1064 2459 Lu-

335 2481 469 2512 cretium
499 2487 641 2510 nostrum
677 2486 868 2510 revertamur
901 2480 933 2509 in
972 2479 1063 2509 viam.

340 2532 477 2570 Gellius,
492 2531 535 2561 ix.
553 2535 582 2562 4.
597 2531 673 2562 scite
688 2537 720 2561 et
730 2531 975 2571 eleganter:—“
987 2541 1064 2570 gen-

337 2587 360 2603 “
375 2585 596 2624 tem—spiritu
614 2585 745 2625 florum,
784 2583 912 2614 naribus
942 2583 1065 2621 hausto,

335 2635 784 2676 victitantem.'’—Utrumque
794 2645 910 2666 nomen
923 2634 1064 2674 pulcher-

336 2687 415 2717 rime
430 2688 633 2728 conjungitur
645 2687 678 2718 in
691 2686 853 2718 mollicula
865 2685 1066 2718 cantiunculis

339 2739 438 2769 Anth.
453 2738 522 2769 Lat.
539 2739 649 2769 Burm.
666 2739 708 2770 iii.
724 2742 796 2771 259.

460 2813 532 2836 Dum
543 2811 700 2837 semihiulco
710 2812 783 2837 savio

461 2852 553 2876 Meum
565 2850 685 2882 puellum
695 2852 793 2881 savior,

461 2890 621 2922 Dulcemque
623 2890 714 2920 florem
726 2891 829 2922 spir-itas

462 2931 539 2955 Duco
550 2937 587 2956 ex
597 2933 691 2962 aperto
702 2931 852 2956 tramite—-.

1156 1034 1232 1064 Ver.
1259 1036 1332 1065 225.
1363 1034 1476 1064 oculis:
1504 1039 1545 1064 Π.
1569 1035 1678 1065 oculos.
1723 1034 1845 1066 Versus

1114 1085 1200 1115 abest
1215 1089 1250 1115 Δ.
1902 1106 1906 1121 .

1158 1136 1236 1166 Ver.
1254 1139 1326 1166 226.
1351 1137 1534 1176 Propterea:
1561 1136 1602 1167 V.
1623 1137 1671 1168 ed.
1690 1137 1730 1168 O.
1756 1139 1848 1169 Proe·
1901 1166 1905 1171 .

1115 1194 1209 1219 terea.

1113 1239 1213 1269 timus
1228 1238 1268 1269 ad
1284 1237 1318 1268 ii.
1337 1241 1410 1270 639.
1435 1238 1548 1269 Statim
1563 1245 1604 1270 Π.
1619 1250 1719 1271 sucus.

1157 1289 1230 1320 Ver.
1256 1293 1327 1320 253.
1362 1291 1476 1320 Tenuis
1501 1301 1591 1321 aura.
1635 1291 1742 1331 Maro,
1767 1291 1848 1324 AEn.
1901 1283 1904 1320 Σ

1113 1341 1164 1371 vii.
1179 1344 1253 1372 646.

1175 1409 1217 1435 Ad
1228 1416 1276 1434 nos
1286 1408 1335 1433 vix
1345 1407 1428 1433 tenuis
1439 1407 1522 1433 famae
1534 1408 1680 1440 perlabitur
1690 1417 1768 1434 aum.

1117 1468 1286 1505 Caeterum,
1306 1466 1392 1497 idem
1408 1467 1617 1507 Mantuanus,
1633 1467 1706 1499 ibid.
1720 1467 1760 1498 vi.
1773 1470 1846 1500 747.

1115 1520 1198 1550 hanc
1212 1530 1322 1549 auram
1341 1518 1454 1548 animae
1469 1525 1588 1550 tenuem
1605 1520 1702 1551 altero
1717 1520 1847 1550 nomine
1897 1524 1901 1557 1⁴,

1115 1571 1301 1612 designavit,
1313 1581 1427 1610 nempe
1438 1573 1587 1612 simplicis
1601 1583 1689 1604 aurae
1696 1588 1707 1609 ,·
1724 1578 1756 1603 et
1770 1572 1845 1603 tria-

1114 1624 1155 1654 da
1169 1623 1299 1663 Epicuri
1315 1623 1548 1663 Lucretianam,
1563 1636 1674 1656 auram
1690 1624 1773 1664 dico,
1792 1636 1847 1657 va-

1108 1686 1226 1715 porem,
1250 1681 1343 1715 atque
1358 1678 1444 1712 a'e'ra,
1459 1676 1503 1706 sic
1518 1676 1652 1707 breviter
1665 1676 1848 1716 complexus
1896 1684 1900 1722 ᾗ

1113 1733 1157 1757 est
1164 1741 1170 1758 :

1143 1802 1237 1826 Donec
1249 1801 1329 1833 longa
1340 1800 1406 1832 dies,
1418 1801 1539 1833 perfecto
1550 1801 1680 1834 temporis
1690 1803 1767 1833 orbe,

1144 1842 1308 1866 concretam
1320 1841 1426 1866 exemit
1436 1841 1536 1871 labem,
1547 1848 1700 1873 purumque
1710 1841 1820 1874 reliquit

1143 1881 1298 1906 AEtherium
1309 1888 1429 1911 sensum,
1439 1884 1522 1912 atque
1532 1882 1614 1905 aurai*
1623 1880 1742 1913 simplicis
1751 1881 1846 1913 ignem.

1114 1952 1224 1991 Vides,
1243 1952 1364 1992 opinor,
1381 1963 1520 1992 vaporem
1537 1958 1569 1983 et
1582 1964 1711 1983 auram:
1731 1959 1764 1983 at
1778 1953 1849 1984 ubi·
1894 1971 1897 1982 ι

1113 2014 1189 2033 nam
1206 2003 1360 2044 fugitivus
1374 2006 1428 2034 a'dr
1444 2003 1496 2034 ille
1507 2002 1686 2035 evanuerit?
1706 2003 1773 2034 Nec
1785 2004 1848 2035 mi·
1894 2008 1898 2039 ξ

1113 2065 1185 2086 rum
1208 2066 1295 2094 sane,
1323 2055 1347 2085 si
1371 2055 1563 2085 tenuissimis
1587 2061 1731 2086 constans
1753 2057 1849 2087 semi·
1892 2056 1897 2079 >

1113 2108 1206 2137 nibus
1235 2117 1253 2137 e
1283 2106 1390 2147 digitis
1420 2106 1546 2146 elapsus
1567 2106 1608 2136 sit
1628 2106 1845 2139 librariorum:

1109 2159 1311 2199 experiamur
1340 2164 1458 2198 autem,
1492 2169 1533 2189 an
1556 2158 1585 2189 ei
1614 2159 1791 2190 revocando
1813 2159 1846 2189 in

1109 2213 1275 2244 stationem
1305 2223 1395 2243 suam
1418 2213 1458 2243 sit
1480 2212 1573 2243 Divae
1591 2212 1715 2243 Criticae
1732 2222 1846 2242 manus
1892 2216 1894 2245 ζ

1112 2263 1329 2294 valentissima.
1378 2263 1423 2293 At
1438 2269 1471 2293 at
1485 2263 1576 2294 heus!
1594 2268 1643 2293 tu:
1664 2268 1773 2302 captus
1788 2269 1843 2299 est,
1890 2261 1893 2301 ᾗ

1110 2315 1207 2346 lector
1213 2327 1223 2353 ;
1246 2322 1338 2356 atque
1353 2324 1463 2345 eccum
1478 2314 1569 2344 illum
1585 2313 1656 2344 tibi:
1890 2306 1892 2311 '

1507 2393 1662 2420 purumque
1673 2387 1780 2419 reliquit

1136 2430 1291 2455 AEtherium
1303 2432 1425 2459 ventum,
1435 2433 1518 2460 atque
1528 2430 1610 2453 aura?
1618 2428 1745 2460 simplicis
1755 2427 1846 2460 ignem.

1108 2503 1131 2534 J
1133 2512 1183 2532 am
1199 2512 1272 2531 vero
1287 2501 1426 2531 numeris
1440 2501 1505 2531 suis
1527 2501 1675 2531 omnibus
1693 2500 1782 2531 locus
1798 2505 1846 2530 est
1886 2507 1890 2514 “

1109 2553 1368 2584 absolutissimus:
1396 2552 1467 2583 vide
1484 2552 1574 2583 nobis
1588 2562 1689 2591 nuper
1707 2551 1790 2582 dicta
1804 2551 1845 2582 ad

1108 2616 1169 2636 ver.
1195 2609 1266 2635 216.

1108 2719 1185 2745 sem,
1202 2707 1260 2738 nisi
1277 2707 1328 2737 fax
1344 2708 1436 2738 amici
1453 2707 1528 2744 mei,
1540 2705 1658 2736 ibidem
1667 2705 1843 2742 memorati,
1882 2697 1887 2741 J

1107 2759 1312 2801 praeluxisset:
1339 2759 1378 2789 ad
1405 2769 1478 2790 eum
1501 2757 1598 2798 igitur
1627 2757 1750 2797 integra
1771 2756 1842 2786 laus

1109 2811 1240 2852 hujusce
1271 2810 1476 2840 restitutionis
1506 2819 1563 2839 suo
1585 2808 1658 2849 jure
1679 2807 1842 2839 referenda
1884 2809 1888 2838 .“

1110 2870 1164 2895 est.
1189 2862 1341 2894 Conferas
1356 2861 1528 2902 Virgilium
1544 2860 1673 2898 ibidem,
1690 2870 1751 2890 ver.
1768 2862 1840 2890 726.
1880 2899 1882 2909 ‚

1111 2925 1186 2945 nam
1199 2916 1359 2945 oetlzcrizam
1375 2919 1506 2950 rentum,
1521 2922 1618 2952 quem
1630 2913 1784 2948 ducimus,
1804 2915 1843 2939 ut
1884 2914 1889 2927 '=

1258 1185 1400 1217 Similem
1417 1187 1635 1218 confusionem
1649 1188 1848 1220 animadver-
1901 1186 1904 1198 ⁸

1317 2605 1359 2635 Et
1382 2604 1487 2634 nescio
1513 2602 1673 2644 equidem,
1695 2612 1736 2633 an
1761 2603 1844 2633 hanc
1886 2625 1897 2646 ,ζ

1110 2656 1313 2687 certissimam
1351 2655 1602 2686 emendationem
1631 2653 1841 2694 excogitavis-
1885 2658 1892 2686 ἰ,
