1912 3292
514 215 748 264 LIBER
791 212 1141 261 TERTIUS.

1494 217 1581 258 149

232 350 291 390 At
310 363 385 390 nos
403 345 599 388 horrifico
618 343 864 385 cinefactum
883 343 936 383 de
954 356 1088 398 prope
1107 343 1226 384 busto

117 427 199 463 920
232 420 517 464 Insatiabih'ter
536 418 795 468 deflebimus;
816 411 1110 473 ‘aeternumque

231 496 353 538 Nulla
371 494 456 535 dies
475 493 594 534 nobis
614 506 836 533 moerorem
856 507 879 532 e
896 499 1064 546 pectore
1083 491 1232 531 demet.

228 568 335 610 Illud
354 568 407 609 ab
426 567 506 609 hoc
528 568 654 624 igitur
674 565 949 623 quaerundum
970 572 1044 615 est,
1068 564 1167 620 quid
1187 565 1238 605 sit
1258 566 1386 605 amari

115 724 204 749 Dulcis
215 727 243 749 et
252 723 307 749 alta
315 724 406 756 Quies,
408 723 548 756 fratrique
556 723 690 749 simillima
702 726 769 749 Leto.

87 781 238 813 Conferas
261 782 391 818 ibidem,
415 792 476 813 ver.
494 786 565 814 278.
590 782 689 813 Hom.
715 782 753 813 11.
771 790 809 814 Ξ.

86 836 156 863 231.
181 832 268 868 Quid
291 833 397 865 enim?
422 834 477 864 An
504 843 567 864 non
592 844 648 864 sua
665 834 809 864 Valerius

82 884 213 915 Flaccus
227 885 300 915 hinc
315 885 461 922 hauserit,
481 886 603 927 Argon.
619 886 680 917 viii.
697 890 748 918 74.
764 887 809 917 ita

87 936 242 967 Somnum
256 936 429 969 allocutus?

99 1009 188 1038 Nunc,
198 1014 259 1041 age,
268 1009 354 1040 major
361 1009 422 1034 ades
430 1018 438 1040 i
447 1010 580 1042 fratrique
590 1010 715 1036 simillime
725 1013 792 1036 Leto.

86 1066 256 1106 Caeterum‚
271 1067 312 1098 ad
327 1068 506 1108 Lucanum,
521 1069 560 1100 vi.
577 1072 648 1101 552.

369 1151 493 1183 perversa
505 1151 598 1178 funera
610 1153 710 1185 pompa

116 1189 220 1214 Retulit
230 1197 246 1215 a
255 1190 380 1215 tumulis:
398 1190 492 1224 fugEre
503 1192 633 1217 cadavera
643 1193 746 1218 lectum.-

84 1260 239 1292 fluctuant
252 1264 443 1294 membranae
454 1264 535 1294 inter
544 1267 636 1296 letum
647 1271 678 1296 et
687 1267 794 1297 lectum
797 1282 808 1303 ;

85 1313 139 1344 sed
153 1315 219 1344 haec
233 1314 329 1345 dictio
344 1315 437 1356 longe
452 1316 582 1347 vividior
596 1324 653 1356 est,
678 1324 709 1348 et
723 1329 806 1349 erec-

86 1364 198 1395 tiorem
213 1376 340 1396 sensum
355 1366 473 1397 reddit:
503 1368 587 1398 unde
605 1379 670 1398 non
694 1370 806 1400 imme-

83 1415 143 1446 rito
165 1416 335 1448 doctissimi
357 1418 490 1449 editores
511 1429 576 1459 prae
604 1420 659 1450 illa
687 1421 806 1451 malue-

81 1474 166 1498 runt.

85 1534 87 1537 ·
128 1519 209 1551 Ibid.
230 1523 276 1552 sic
287 1524 348 1553 eris
363 1525 429 1554 oevz'.

83 1570 118 1600 in
132 1571 289 1609 Petronio,
305 1579 377 1604 sect.
392 1577 443 1605 54.

476 1524 633 1555 Geminus
654 1523 742 1555 locus
764 1529 809 1555 est

114 1657 188 1682 Heu!
207 1657 275 1684 heu!
295 1666 344 1685 nos
354 1660 474 1692 miseros,
485 1667 566 1693 quam
577 1665 650 1687 totus
661 1661 808 1687 homuncio

204 1699 241 1724 nil
257 1700 312 1725 est!

114 1737 156 1762 Sic
165 1738 258 1763 erimus
267 1740 371 1770 cuncti,
389 1744 450 1772 post
470 1747 552 1772 quam
573 1749 621 1767 nos
639 1741 743 1767 auferet
760 1743 808 1766 Or-

207 1785 263 1803 cus.

127 1852 201 1883 Ver.
216 1856 289 1885 918.
316 1855 402 1888 Quod
416 1865 505 1895 super
519 1861 570 1886 est.
610 1854 712 1885 Voces
726 1844 809 1884 soleo

83 1904 274 1945 disjungere.
321 1905 487 1936 Cornelius
511 1906 628 1945 Nepos,
654 1905 718 1937 viii.
735 1909 811 1936 2.—

83 1960 106 1974 “
122 1957 370 1988 Atheniensibus
400 1959 567 1994 exhaustis,
591 1963 702 1997 praeter
722 1968 809 1988 arma

83 2011 106 2027 “
122 2014 152 2039 et
167 2019 270 2046 naves,
286 2009 366 2040 nihil
381 2016 447 2040 erat
462 2009 627 2050 super—,¹⁸

126 2061 206 2092 Ibid.
222 2064 330 2103 aegris:
358 2062 457 2093 vind.
475 2062 516 2092 V.
533 2062 580 2092 ed.
598 2062 640 2093 O.
660 2066 694 2092 A.
713 2068 753 2093 Π.
771 2067 805 2094 Σ.

83 2119 127 2145 Ω..
142 2125 235 2154 oeger:
252 2119 289 2145 ut
299 2115 348 2150 sit,
366 2118 388 2133 ‘⁴
401 2114 463 2150 Tu,
473 2114 527 2155 qui
537 2125 622 2144 nunc
637 2124 719 2155 aeger
734 2113 806 2144 es:'’

81 2167 136 2199 sed
150 2168 208 2198 hoc
224 2167 345 2205 durius,
361 2174 392 2198 et
406 2167 513 2198 minus
527 2167 634 2206 placet.
681 2167 809 2197 Cruciat

82 2227 187 2251 tamen
204 2226 251 2251 tot
265 2221 491 2260 exemplarium
505 2220 636 2251 molesta
650 2220 807 2258 conspira-

81 2273 141 2310 tio;
158 2273 300 2313 quamvis
313 2273 417 2312 phrasi
429 2274 581 2304 doloribus
595 2275 687 2312 oegrz's
701 2272 810 2302 similis

82 2324 122 2353 sit
150 2325 280 2355 luctibus
308 2327 410 2364 aegrz's,
440 2335 502 2354 ver.
532 2328 602 2355 946.
639 2324 699 2354 Sed
724 2324 809 2354 enim

83 2374 218 2405 Ovidius
233 2375 361 2411 interea,
385 2382 459 2405 met.
479 2376 510 2405 ii.
526 2379 599 2407 329.
621 2375 698 2404 mihi
722 2374 807 2406 vide-

84 2433 136 2457 tur
149 2426 193 2457 ita
206 2426 311 2466 potius
324 2426 551 2457 rescribendus:

112 2507 180 2529 Nam
193 2508 279 2536 pater,
290 2504 421 2529 obductos
430 2503 518 2534 luctu,
530 2503 682 2529 miserabilis
693 2509 770 2535 aegros

111 2545 277 2570 Condiderat
290 2545 388 2570 vultus.

83 2609 183 2648 Libri,
205 2620 304 2649 aegro:
330 2615 361 2639 et
387 2609 529 2639 animum
554 2608 651 2639 lector
673 2608 811 2638 advertat

83 2660 252 2691 formulam
268 2660 458 2691 transitionis
472 2670 527 2699 per
543 2661 642 2697 Nam,
658 2670 753 2700 quam
765 2664 809 2689 te-

80 2713 209 2754 tigimus
234 2723 335 2753 nuper
360 2712 400 2743 ad
427 2723 488 2743 ver.
514 2716 586 2744 907.
609 2712 709 2742 Enim
734 2721 807 2742 vero

79 2763 180 2794 facilis
194 2770 225 2794 et
239 2763 408 2804 probabilis
423 2763 600 2794 emendatio
613 2763 765 2802 Lucretii,
779 2768 809 2793 et

82 2814 243 2855 explicatio
258 2816 382 2854 melior,
397 2815 422 2845 si
434 2815 525 2845 malis
535 2826 616 2855 aeger
630 2814 807 2850 lectionem,

80 2866 200 2906 ingenii
213 2868 276 2898 mei
299 2867 546 2898 mediocritatem
562 2873 700 2905 superat:
726 2866 805 2895 lam-

79 2928 132 2957 pas
161 2919 258 2959 igitur
286 2919 546 2960 ingeniosioribus
572 2918 723 2949 tradenda
750 2924 804 2947 cst.

854 725 918 755 His
947 730 1054 755 autem
1077 722 1247 763 perpensis,
1274 733 1338 752 non
1362 722 1469 759 miror,
1499 722 1576 753 inte--

852 789 946 819 grum
961 787 1084 808 versum
1102 777 1206 806 abesse
1230 775 1277 806 M.
1301 775 1379 805 etin
1395 775 1433 806 L.
1458 776 1579 806 rubrica

853 829 962 860 notari.

894 889 969 919 Ver.
987 891 1058 920 919.
1080 888 1282 929 cinefactum:
1303 887 1342 917 V.
1358 886 1406 917 ed.
1423 887 1576 927 cmefactz}

854 947 888 972 Δ.
904 941 1211 982 civemfactum.-—te.·
1238 939 1365 980 quidam
1380 938 1502 969 codices
1518 939 1579 976 Pii,

856 994 897 1024 O.
916 998 951 1023 Δ.
970 999 1011 1023 Π.
1029 999 1074 1023 Ω.
1091 994 1143 1028 de,·
1161 997 1191 1021 et
1206 1001 1300 1030 prope
1311 992 1407 1027 abest,
1423 995 1459 1020 ut
1471 1000 1580 1020 verum

854 1051 973 1084 putem.
1018 1044 1103 1073 Nam
1143 1052 1316 1081 pronomen
1353 1041 1445 1071 facile
1480 1047 1582 1080 potest

855 1096 1063 1136 subintelligi;
1080 1102 1110 1125 et
1121 1094 1239 1134 phrasis
1247 1096 1284 1125 de
1291 1104 1397 1133 prope,
1410 1094 1464 1123 κοτ’
1476 1106 1580 1133 εγγυς,

854 1147 955 1178 vivide
980 1146 1122 1187 depingit
1146 1145 1263 1176 mortui
1286 1145 1402 1174 amicos
1425 1143 1582 1174 adstantes

854 1201 957 1234 busto,
979 1205 1072 1239 atque
1095 1208 1187 1236 super
1213 1198 1351 1227 cinerem
1366 1196 1579 1235 lacrymantes.

855 1251 993 1287 Interea,
1011 1248 1081 1289 quis
1095 1247 1227 1284 dubitet,
1251 1253 1316 1277 tam
1332 1246 1519 1286 exquisitam
1536 1246 1580 1276 lo-

853 1302 1011 1333 cutionem
1026 1299 1200 1330 subituram
1214 1297 1311 1328 fuisse
1326 1297 1456 1327 infestas
1467 1307 1579 1327 manus

850 1352 1067 1384 librariorum?
1095 1351 1140 1381 At
1164 1350 1261 1388 enim,
1284 1350 1494 1390 expergiscere
1520 1349 1577 1380 ali-

851 1404 1040 1446 quantisper,
1056 1403 1152 1434 lector
1158 1414 1167 1440 ;
1189 1398 1224 1432 u't
1239 1401 1384 1441 expedias
1399 1401 1488 1439 mihi,
1504 1401 1581 1441 quid

852 1456 968 1496 polleat
983 1469 1016 1486 «ro
1028 1466 1133 1495 prope,
1157 1454 1197 1484 ad
1212 1453 1374 1494 vulgarem
1396 1452 1581 1492 scripturam

850 1507 926 1545 loci;
950 1513 981 1537 et
995 1517 1057 1547 quo
1072 1506 1202 1536 demum
1218 1510 1307 1544 pacto
1323 1504 1510 1534 constructio
1525 1504 1578 1535 de-

851 1559 961 1590 clarari
993 1558 1110 1588 debeat.
1161 1557 1235 1587 Non
1266 1556 1411 1597 equidem
1441 1556 1577 1594 invenio,

851 1610 927 1652 quid
949 1610 996 1641 liis
1010 1608 1189 1649 responderi
1204 1613 1307 1649 queat.
1355 1607 1467 1648 Igitur,
1485 1618 1517 1637 re
1533 1618 1578 1638 se·

852 1663 962 1695 cundis
977 1662 1216 1703 cogitationibus
1238 1660 1367 1698 versata,
1390 1660 1502 1690 nostris
1527 1670 1577 1690 co-

852 1716 972 1747 dicibus
993 1713 1198 1754 praestabilius
1223 1713 1319 1742 habui
1340 1711 1525 1749 auscultare,
1548 1717 1578 1741 et

853 1770 889 1798 de
904 1776 1062 1806 reponere.
1109 1765 1171 1802 Sic,
1197 1769 1234 1794 ut
1247 1766 1284 1794 de
1294 1774 1402 1803 prope,
1426 1773 1579 1802 usurpan-

852 1825 917 1856 tur,
933 1820 969 1848 de
985 1820 1068 1852 hinc,
1083 1818 1120 1846 (le
1136 1817 1219 1853 inde,
1234 1817 1270 1845 de
1287 1816 1333 1848 in,
1348 1816 1384 1844 de
1399 1815 1464 1851 sub,
1479 1816 1517 1844 de
1528 1825 1579 1844 su-

847 1882 915 1910 per,
931 1872 967 1900 de
982 1871 1116 1909 insuper.
1162 1866 1251 1898 Ordo
1266 1872 1325 1896 est:
1352 1868 1375 1884 “
1392 1866 1438 1895 At
1463 1875 1520 1895 nos
1539 1865 1578 1895 de

854 1925 876 1940 “
892 1931 987 1960 prope
1002 1918 1217 1950 insatiabiliter
1231 1917 1416 1948 deflebimus
1431 1923 1469 1953 te,
1492 1917 1576 1947 cine-

853 1977 875 1991 “
892 1973 1011 2002 factum
1027 1970 1170 2001 horrifico
1184 1968 1316 2000 busw:’'
1333 1968 1352 1998 i.
1365 1978 1392 1998 e.
1409 1967 1449 1997 de
1463 1967 1576 2004 vicino,

850 2025 890 2055 de
905 2024 1090 2064 propinquo,
1117 2022 1157 2052 de
1178 2020 1332 2060 proximo,
1359 2019 1406 2050 uti
1420 2019 1577 2050 multoties

851 2076 970 2107 dictum
986 2080 1042 2111 est,
1058 2073 1250 2105 deflebimus.

896 2126 977 2158 Ibid.
999 2127 1159 2168 horrifico:
1186 2134 1298 2164 nempe
1321 2126 1474 2154 horrorem
1487 2123 1576 2164 faci-

851 2186 930 2217 ente,
953 2185 1046 2220 atque
1068 2178 1238 2208 incutiente
1253 2176 1362 2207 amicis
1376 2175 1439 2206 tuis
1452 2175 1578 2216 aegerri-

852 2243 940 2263 mum
956 2242 1031 2262 sane
1045 2231 1092 2261 tui
1107 2229 1306 2261 desiderium.

897 2283 978 2314 Ibid.
1001 2283 1202 2323 cinefactum:
1229 2281 1248 2311 i.
1265 2291 1290 2311 e.
1313 2281 1346 2310 in
1362 2280 1500 2310 cinerem
1515 2278 1577 2310 dis-

853 2335 1002 2371 solutum,
1018 2334 1065 2364 uti
1081 2333 1206 2363 Nonius
1220 2332 1440 2372 interpretatus
1463 2337 1520 2368 est,
1536 2331 1576 2360 ad

850 2388 881 2418 ii.
901 2391 970 2418 192.
987 2386 1040 2416 ubi
1056 2385 1130 2416 editi
1145 2385 1221 2416 dant
1235 2386 1411 2427 honorifico,
1427 2384 1493 2413 vice
1507 2384 1576 2413 lior-

850 2440 954 2480 rffic‹1;
978 2443 1010 2468 et
1020 2437 1208 2468 confirmant
1223 2436 1386 2476 vulgatum
1401 2434 1469 2464 aliis
1484 2440 1520 2464 te.

897 2489 977 2520 Ibid.
1004 2491 1104 2521 busto:
1130 2489 1163 2518 in
1186 2498 1278 2518 sensu
1301 2487 1417 2516 scilicet
1439 2485 1577 2515 maxime

854 2542 994 2581 proprio3
1017 2551 1073 2580 pro
1098 2540 1178 2578 loco,
1203 2542 1225 2557 “
1242 2540 1274 2568 in
1291 2548 1353 2578 quo
1369 2542 1511 2567 mortuus
1531 2542 1578 2566 est

855 2597 877 2611 “
892 2594 1059 2624 combustus
1074 2597 1105 2622 et
1118 2589 1296 2629 sepultus:''
1320 2598 1389 2629 quae
1405 2587 1488 2618 Festi
1509 2597 1576 2617 ver-

854 2646 893 2675 ba
908 2650 990 2679 sunt,
1014 2643 1184 2674 dictionem
1199 2639 1396 2680 explicantis;
1418 2649 1491 2669 cum
1512 2649 1576 2679 quo

857 2695 1004 2726 Serviana
1027 2693 1227 2730 concordant,
1254 2691 1294 2721 ad
1318 2690 1408 2731 Virg.
1436 2691 1509 2721 AEn.
1537 2690 1578 2720 xi.

853 2752 925 2779 201.

896 2811 969 2842 Ver.
985 2815 1057 2843 920.
1083 2811 1272 2852 deflebimus:
1298 2806 1398 2838 vind.
1424 2813 1463 2837 Π.
1481 2811 1515 2838 Σ.
1533 2812 1578 2836 Ω.

850 2865 1040 2904 daflcvimun
1062 2866 1084 2881 “
1096 2871 1166 2902 quae
1177 2870 1249 2892 vera
1259 2859 1350 2890 lectio
1360 2858 1435 2889 est.'’
1452 2858 1575 2888 ΒεΝτ-

853 2927 870 2946 L
877 2927 908 2946 [1
917 2926 935 2945 U
942 2927 953 2945 S
960 2940 967 2945 .
