1912 3292
508 235 739 285 LIBER
766 231 1138 281 TERTIUS.

1459 243 1552 288 157

200 381 230 401 ⁰³
253 374 375 423 Qum·
391 382 492 418 non,
514 375 575 417 ut,
596 366 739 421 plenus
758 363 873 413 vitae,·
891 363 1077 413 conviva,
1099 362 1272 413 recedis,

199 455 229 474 “
251 447 393 501 AEquo
412 442 631 496 animoque
650 438 760 494 capis
777 452 977 488 securam,
999 436 1132 487 stulte,
1155 437 1356 493 quietem?

49 604 131 634 mihi
147 600 319 641 denegabit.
349 599 445 630 Plura
459 604 576 634 autem,
592 596 631 628 de
645 597 702 627 hac
718 606 774 636 po-

52 661 160 685 testate
181 653 265 683 vocis
287 654 440 691 ingratus,
464 649 569 680 videas
591 648 675 688 apud
697 648 774 678 Pro-

48 706 140 747 pertii
155 705 297 741 editores,
319 703 359 733 ad
371 703 487 743 elegi.
503 705 532 732 5.
549 704 601 732 25.

93 758 167 788 Ver.
184 760 257 789 951.
295 758 390 790 Quur.
424 754 615 789 Priscianus,
637 753 689 783 lib.
706 753 725 783 i.
741 763 772 791 p.

49 813 121 842 560.
144 813 167 828 “
180 808 277 848 Apud
292 808 437 848 antiquos
451 806 710 847 frequentissime,
727 805 773 835 lo-

49 864 72 902 ‘,‘
88 871 126 891 co
145 871 184 891 cu
203 859 341 901 syllabae,
366 870 429 900 qua
453 859 775 898 ponebatur‚—quum

47 915 72 931 “
87 922 144 952 pro
155 923 223 943 cum
234 925 244 941 :
270 922 350 952 quur
364 920 422 950 pro
437 909 523 941 cur.’'
562 909 674 939 Velius
688 909 775 939 Lon-

44 974 116 1005 gus
133 963 172 994 de
187 964 308 1004 orthog.
322 973 352 1002 p.
369 966 461 993 2256.
492 965 514 980 “
532 961 694 997 Quasdam
703 971 775 991 vero

49 1019 72 1033 “
87 1014 268 1054 scriptiones
283 1013 420 1055 antiquis
437 1013 667 1054 relinquamus;
690 1019 726 1042 ut
736 1013 775 1042 in

45 1069 69 1084 “
85 1076 124 1097 eo
137 1066 221 1107 quod
237 1072 282 1096 est
296 1077 367 1102 cur;
391 1064 437 1094 illi
451 1065 538 1095 enim
552 1075 607 1104 per
622 1076 698 1105 quor
719 1066 775 1106 (an

47 1120 71 1136 “
85 1129 166 1158 quur
174 1117 208 1158 ?)
231 1117 496 1154 scribebant;——et
511 1116 614 1155 ipsum
629 1116 690 1153 cui,
717 1126 772 1155 per

45 1171 68 1186 “
89 1168 194 1209 quoi.'’
219 1169 361 1198 Fortasse
375 1173 482 1198 tamen
493 1174 558 1197 tam
574 1178 661 1207 quor,
677 1177 772 1207 quam

34 1232 137 1261 quur,
159 1221 256 1251 fuerit
269 1220 302 1250 in
317 1230 376 1250 usu
382 1231 392 1257 3
415 1225 450 1248 ut
465 1230 553 1259 quom
570 1224 602 1249 et
615 1229 718 1259 quum.

88 1272 168 1303 Ihid.
179 1273 290 1312 plenus
304 1274 374 1302 vitoe
388 1272 510 1302 conviva
519 1284 529 1300 :
552 1276 589 1300 ut
606 1269 769 1309 Corippus,

44 1325 65 1354 i.
83 1327 153 1354 143.

362 1382 452 1412 laetus,
467 1382 612 1413 plenusque
623 1380 732 1405 dierum.

43 1432 166 1462 Verum
189 1431 276 1461 enim
291 1430 448 1461 Venusini
468 1430 546 1460 vatis
568 1429 702 1459 imitatio
724 1428 774 1458 vel

43 1483 147 1524 pueris
162 1483 196 1513 in
210 1482 459 1513 recordationem
480 1481 621 1512 reditura
633 1487 678 1512 est
682 1494 692 1519 3
716 1491 770 1511 cu-

42 1536 96 1576 jus
120 1540 238 1573 tamen,
269 1534 352 1575 quod
377 1533 467 1564 valde
492 1532 624 1569 mireris,
654 1538 772 1562 rectam

40 1587 308 1618 constructionem
330 1596 424 1616 nemo
439 1585 606 1625 perspexit,
628 1584 770 1625 ideoque,

43 1638 91 1669 uti
105 1638 246 1675 arbitror,
271 1637 367 1668 aliam
380 1637 549 1668 lectionem
562 1646 769 1676 praeposuere,

45 1696 100 1722 sat.
115 1690 135 1720 i.
150 1690 170 1722 i.
188 1693 257 1721 118.

108 1764 174 1789 Inde
184 1763 227 1794 fit,
236 1767 268 1788 ut
277 1770 348 1794 raro,
358 1763 404 1795 qui
414 1771 442 1788 se
452 1763 551 1788 vixisse
561 1763 673 1788 beatum

105 1803 196 1833 Dicat,
212 1806 251 1832 et,
266 1807 366 1828 exacto
377 1805 522 1827 contentus
534 1805 668 1831 tempore,
685 1801 754 1825 vite

105 1842 192 1873 Cedat,
202 1842 241 1866 uti
250 1842 383 1871 conviva,
394 1845 476 1872 satur,
487 1842 602 1874 reperire
613 1848 752 1872 queamus.

20 1906 23 1907 ⁷
45 1910 97 1940 Ita
108 1918 213 1939 versus
221 1908 332 1948 optimi
340 1907 583 1948 interpungendi
594 1913 682 1944 sunt;
695 1916 771 1936 nam

44 1960 122 1991 ordo
137 1966 197 1990 est:
225 1964 248 1978 ‘⁶
262 1960 314 1995 Et,
326 1964 492 1989 contentus
504 1964 611 1989 exacto
621 1964 770 1997 tempore,

43 2015 69 2030 “
84 2011 174 2042 cedat
198 2015 284 2041 satur
312 2011 393 2046 vitae,
425 2010 473 2040 uti
502 2009 660 2040 conviva-'³
705 2009 772 2039 Res

0 2098 1 2103 ¹
41 2063 113 2094 loco
127 2062 316 2094 Lucretiano
338 2062 378 2092 ad
401 2061 559 2102 liquidum
577 2060 768 2101 perducitur.

44 2114 190 2154 Appositi
211 2120 286 2144 sunt
308 2113 403 2144 etiam
425 2123 534 2143 suaves
547 2122 653 2143 versus
670 2111 770 2150 Statii,

46 2167 197 2208 Preigero
210 2176 335 2207 quoque
349 2175 413 2196 non
432 2164 589 2205 praeteriti,
613 2164 677 2194 silv.
694 2163 725 2194 ii.
742 2167 770 2196 Ξ.

46 2222 117 2251 127.

207 2287 288 2312 dubio
299 2294 381 2318 quem
392 2293 448 2311 non
462 2286 489 2310 in
500 2285 607 2310 turbine
617 2291 708 2310 rerum

74 2327 230 2359 Deprendet
239 2334 365 2359 suprema
374 2327 445 2358 dies;
463 2326 510 2352 sed
520 2326 592 2350 abire
603 2328 738 2357 paratum,

76 2369 116 2393 Ac
124 2367 228 2400 plenum
236 2367 311 2391 vitei.

46 2424 230 2456 Marklandi
240 2424 491 2455 emendationem
504 2425 630 2454 dubium
643 2431 701 2452 nec
713 2431 770 2451 ne.

49 2475 211 2507 cessariam
225 2481 312 2515 puto,
334 2486 393 2506 nec
408 2477 538 2515 probare
552 2484 695 2514 possum;
717 2473 772 2513 qui

46 2526 93 2556 vir
106 2532 212 2557 tamen
227 2526 403 2557 doctissime
417 2532 510 2567 atque
524 2524 772 2566 ingeniosissime

39 2588 177 2617 semper,
201 2583 238 2608 ·et
266 2577 437 2608 admodum
464 2576 596 2607 feliciter
620 2585 770 2616 persaepe,

43 2640 136 2660 suum
152 2640 270 2660 munus
284 2629 518 2660 administravit.

85 2681 166 2712 Ibid.
197 2683 308 2722 plenus
336 2684 415 2713 vitae.
454 2681 658 2721 Superveniat
689 2681 769 2711 Gen.

42 2742 134 2763 xxxv.
152 2736 202 2765 29.
221 2733 305 2774 vulg
320 2737 465 2764 γεω-(6
481 2739 511 2763 et
543 2732 700 2772 appositus
727 2738 774 2762 est

38 2786 69 2802 ⁴‘
82 2784 198 2823 populo
212 2795 280 2821 suo,
302 2795 407 2821 senex,
434 2790 466 2815 et
475 2786 586 2824 plenus
600 2783 751 2815 dierum.”

85 2834 244 2867 Vei-:952
265 2839 447 2876 animoque.-
476 2842 516 2866 Π.
539 2838 642 2866 animo
659 2841 765 2875 atque;

45 2894 170 2924 nempe,
192 2892 229 2916 ut
241 2897 347 2918 versus
367 2889 427 2918 hoc
441 2892 545 2926 pacto,
569 2896 670 2928 neque
686 2886 771 2915 inve-

36 2943 136 2967 muste
150 2937 286 2978 quidem,
308 2940 553 2971 constituantur:

849 595 926 625 Quur
935 600 1002 623 non,
1018 596 1049 617 ut
1059 592 1153 624 plenus
1163 592 1230 617 vitae
1241 593 1366 623 conviva,
1382 594 1482 618 recedis

849 635 938 665 AEquo
946 633 1038 657 animo
1048 640 1055 656 :
1073 636 1148 664 atque
1158 632 1229 663 capis
1241 638 1374 662 securam,
1384 632 1477 663 stulte,
1487 633 1543 664 qui-

925 673 1015 697 etem?

819 739 899 774 Quae
914 738 1041 768 fortasse
1056 737 1148 767 lautis
1171 736 1352 767 hominibus
1367 747 1431 767 non
1447 742 1545 767 teme-

817 799 850 819 re
863 799 901 820 ac
915 790 1046 828 superbe
1060 787 1229 829 rejicienda
1243 788 1440 819 videbuntur.

864 840 944 871 Ibid.
967 842 1070 880 AEquo
1096 851 1135 870 an
1141 842 1216 870 imo:
1242 840 1263 869 i.
1289 850 1316 870 e.
1339 850 1413 869 cum
1436 840 1545 871 animo

819 891 991 922 conditioni
1013 901 1112 927 novae,
1134 896 1263 921 mutatae
1277 901 1363 921 *cum
1376 890 1439 921 vita
1458 900 1545 922 mm·-

818 943 870 982 tis,
885 943 1106 984 acquiescente.
1131 942 1295 983 Virgilius,
1312 943 1386 973 AEn.
1403 952 1434 973 x,
1451 946 1524 974 450.

847 1020 902 1044 Aut
912 1019 1000 1050 spoliis
1010 1025 1060 1050 ego
1069 1020 1126 1050 jam
1139 1018 1221 1050 raptis
1229 1018 1358 1043 laudabor
1368 1018 1474 1050 opimis,

849 1060 904 1083 Aut
915 1058 970 1083 leto
980 1058 1086 1090 insigni.
1120 1057 1185 1082 Serti
1196 1061 1273 1089 pater
1283 1065 1371 1090 aequus
1382 1057 1482 1089 utrique
1492 1060 1543 1082 est.

817 1133 839 1149 “
856 1130 930 1161 Hoc
942 1136 997 1166 est,
1021 1132 1128 1170 AEquo
1145 1131 1247 1160 animo
1263 1128 1355 1166 feret,
1380 1128 1407 1158 si
1421 1128 1543 1159 occide·

817 1186 839 1200 “
857 1182 929 1212 ro:”
953 1192 1022 1222 quae
1039 1181 1186 1211 Serviana
1205 1187 1252 1210 est
1267 1180 1307 1210 ad
1322 1180 1429 1210 locum
1449 1180 1545 1210 inter-

815 1233 958 1273 pretatio.

858 1283 938 1314 Ibid.
960 1293 1098 1314 securam
1113 1284 1251 1323 quietem.
1285 1280 1336 1311 Sic
1352 1280 1456 1317 Maro,
1472 1290 1541 1322 geo.

815 1334 849 1365 ii.
872 1337 945 1365 467.

862 1411 899 1435 At
909 1417 997 1434 secura
1007 1409 1088 1442 quies,
1103 1413 1131 1434 et
1147 1408 1235 1434 nescia
1245 1408 1338 1434 fallere
1349 1409 1482 1434 vita—2

816 1476 838 1506 i.
855 1486 883 1506 e.
909 1480 932 1494 ‘⁶
947 1476 1022 1514 vita,
1045 1486 1116 1516 quae
1141 1484 1347 1514 possessorem
1361 1484 1456 1505 suum
1473 1484 1545 1505 mu-

816 1533 838 1548 “
855 1529 1006 1560 tabilitate
1020 1538 1086 1559 non
1099 1527 1182 1558 fallit
1203 1538 1240 1558 ac
1258 1526 1437 1558 ludificatur
1443 1526 1474 1564 ;‘'
1497 1527 1547 1557 uti

815 1584 910 1622 probe
941 1581 1066 1612 Servius
1093 1580 1128 1610 in
1156 1579 1254 1610 altera
1279 1577 1545 1618 interpretatione,

814 1644 910 1675 quam
932 1639 1016 1663 recte
1042 1630 1191 1672 Heynius
1214 1630 1377 1670 amplexus
1402 1636 1460 1668 est,
1492 1629 1546 1660 sed

814 1685 980 1716 molimine
994 1694 1068 1714 cum
1081 1681 1297 1713 verbosissime
1312 1681 1463 1720 exposuit.
1497 1682 1547 1711 A-

816 1737 883 1776 pud
907 1735 986 1766 alios
1010 1735 1106 1764 etiam
1136 1733 1300 1772 scriptores
1324 1743 1433 1763 secura
1461 1734 1546 1772 quies

816 1799 881 1818 non
896 1797 966 1818 raro
980 1786 1148 1816 invenitur.

815 1841 904 1872 Hinc
919 1844 1025 1868 autem
1041 1847 1136 1867 suum
1150 1842 1216 1867 tuta
1233 1838 1319 1877 quies
1336 1835 1435 1865 Statio
1450 1834 1541 1865 redo-

814 1891 957 1922 nandum
973 1895 1030 1925 est,
1052 1888 1092 1919 ad
1116 1887 1183 1918 silv.
1210 1887 1230 1917 i.
1255 1891 1285 1918 5.
1313 1890 1363 1917 41.
1387 1897 1484 1927 quem
1497 1886 1544 1917 lo-

814 1953 900 1980 cum,
923 1950 998 1980 pace
1019 1939 1099 1970 tanti
1120 1938 1179 1968 viri
1202 1938 1349 1970 dixerim!
1378 1937 1542 1968 Marklan-

813 1994 874 2024 dus
898 1997 1014 2029 noster,
1045 1990 1153 2020 minus
1177 1995 1320 2019 accurate
1355 1988 1543 2029 intelligens,

815 2044 940 2086 egregie
954 2043 1144 2083 depravavit,
1167 2040 1347 2082 conjectura
1370 2040 1496 2080 propria
1510 2041 1545 2071 in

815 2103 997 2128 contextum
1011 2093 1187 2126 inferenda:

813 2190 1185 2199 -————-
1192 2175 1352 2201 Venerabile
1361 2175 1451 2200 dicam

814 2221 952 2244 Lucerum
961 2218 1083 2243 semum?
1102 2218 1156 2247 Te,
1166 2222 1230 2247 quae
1242 2216 1312 2240 vada
1322 2215 1440 2239 fluminis
1449 2214 1523 2239 infra

811 2259 917 2288 Cern'ss,
928 2265 973 2288 an,
984 2258 1019 2282 ad
1029 2257 1117 2289 sylvas
1127 2263 1190 2287 quae
1198 2256 1314 2288 respicis,
1325 2256 1396 2286 aula,
1406 2256 1544 2281 tacentes?

815 2299 876 2330 Qui
890 2298 941 2323 tibi
950 2301 1006 2322 tuta
1017 2297 1098 2330 quies,
1109 2297 1264 2328 offensaque
1274 2296 1382 2321 turbine
1392 2296 1467 2320 nullo

813 2339 876 2364 Nox
889 2338 958 2368 silet,
969 2341 998 2362 et
1009 2340 1114 2362 teneros
1124 2336 1242 2360 invitant
1254 2342 1395 2360 murmura
1408 2335 1533 2359 somnos?

817 2413 935 2454 Vulgo,
959 2415 982 2431 “
997 2418 1060 2443 tota
1074 2411 1198 2452 quies.”
1234 2410 1369 2448 Nempe,
1387 2407 1480 2447 sylvae
1495 2413 1542 2437 ta-

816 2471 896 2502 ceat,
918 2473 977 2494 nec
998 2462 1128 2493 turbine
1152 2461 1335 2503 inquietant,
1358 2460 1398 2489 ob
1424 2458 1543 2488 distan-

816 2518 912 2556 tiam3
932 2529 1092 2548 mus-mma
1108 2515 1377 2556 autemfluminis,
1401 2512 1484 2541 infra
1498 2511 1548 2541 la-

813 2570 927 2606 bentis,
942 2571 1076 2600 invitant
1088 2578 1224 2600 somnos.
1260 2567 1282 2597 J
1284 2576 1337 2595 am
1351 2574 1424 2595 vero
1438 2564 1546 2595 omnia

806 2633 900 2653 nunc
915 2632 981 2653 esse
995 2621 1044 2652 vel
1059 2634 1208 2664 xgoeroevos,
1230 2617 1314 2659 quod
1323 2617 1423 2654 aiunt,
1448 2617 1544 2657 §systa-

816 2687 895 2716 τεραι,
920 2672 1028 2703 nullus
1049 2670 1255 2703 dubitaverim
1271 2668 1435 2699 affirmare.
1474 2668 1543 2698 Cae-

816 2731 929 2761 terum,
960 2723 1109 2754 vocabula
1136 2729 1216 2754 totus
1241 2727 1273 2751 et
1300 2727 1384 2751 tutus
1413 2719 1545 2750 librariis

817 2783 994 2817 permutata
1007 2781 1082 2807 sunt
1096 2775 1137 2806 ad
1147 2775 1267 2806 Lucan.
1281 2784 1309 2803 v.
1326 2771 1462 2803 lor.·Si1.
1472 2772 1544 2802 Ital.

818 2842 846 2861 x.
862 2833 935 2860 512.
959 2829 1073 2858 Horat.
1088 2827 1139 2858 od.
1157 2827 1177 2857 i.
1195 2829 1232 2857 17
1237 2849 1243 2855 .
1258 2828 1287 2856 5.
1309 2824 1379 2854 Liv.
1394 2822 1497 2855 xxviii.
1514 2827 1543 2852 4.

818 2888 846 2914 7.
872 2880 1002 2913 Anthol.
1027 2880 1096 2911 Lat.
1119 2878 1162 2908 iii.
1187 2880 1239 2908 63.
1264 2880 1292 2908 9.
1316 2881 1352 2905 ut
1374 2874 1442 2904 aliis
1467 2874 1543 2904 loch:

819 2933 997 2972 scrupulose
1012 2928 1232 2971 persequendis
1247 2926 1472 2967 supersedeam,
