<?xml version="1.0" encoding="UTF-8"?>
<!DOCTYPE html PUBLIC "-//W3C//DTD XHTML 1.0 Transitional//EN"
    "http://www.w3.org/TR/xhtml1/DTD/xhtml1-transitional.dtd">
<html xmlns="http://www.w3.org/1999/xhtml" xml:lang="en" lang="en">
 <head>
  <title>
</title>
<meta http-equiv="Content-Type" content="text/html;charset=utf-8" />
  <meta name='ocr-system' content='tesseract 3.04.00' />
  <meta name='ocr-capabilities' content='ocr_page ocr_carea ocr_par ocr_line ocrx_word'/>
</head>
<body>
  <div class='ocr_page' id='page_1' title='image "./tlucretiicarider02lucruoft_0440.png"; bbox 0 0 1912 3292; ppageno 0'>
   <div class='ocr_carea' id='block_1_1' title="bbox 307 222 406 262">
    <p class='ocr_par' dir='ltr' id='par_1_1' title="bbox 307 222 406 262">
     <span class='ocr_line' id='line_1_1' title="bbox 307 222 406 262; baseline 0 0"><span class='ocrx_word' id='word_1_1' title='bbox 307 222 406 262; x_wconf 76' lang='lat'>:358</span> 
     </span>
    </p>
   </div>
   <div class='ocr_carea' id='block_1_2' title="bbox 816 209 1301 261">
    <p class='ocr_par' dir='ltr' id='par_1_2' title="bbox 816 209 1301 261">
     <span class='ocr_line' id='line_1_2' title="bbox 816 209 1301 261; baseline -0.006 0"><span class='ocrx_word' id='word_1_2' title='bbox 816 211 878 261; x_wconf 92' lang='grc' dir='ltr'>Τ.</span> <span class='ocrx_word' id='word_1_3' title='bbox 919 209 1301 261; x_wconf 90' lang='lat' dir='ltr'><strong>LUCRETII</strong></span> 
     </span>
    </p>
   </div>
   <div class='ocr_carea' id='block_1_3' title="bbox 332 341 1660 767">
    <p class='ocr_par' dir='ltr' id='par_1_3' title="bbox 332 341 1430 400">
     <span class='ocr_line' id='line_1_3' title="bbox 332 341 1430 400; baseline -0.002 -14"><span class='ocrx_word' id='word_1_4' title='bbox 332 345 415 386; x_wconf 87' lang='lat'>975</span> <span class='ocrx_word' id='word_1_5' title='bbox 447 343 543 394; x_wconf 61' lang='lat' dir='ltr'>Qua</span> <span class='ocrx_word' id='word_1_6' title='bbox 564 343 722 400; x_wconf 89' lang='lat' dir='ltr'><strong>possint</strong></span> <span class='ocrx_word' id='word_1_7' title='bbox 740 343 884 386; x_wconf 82' lang='lat' dir='ltr'>eadem</span> <span class='ocrx_word' id='word_1_8' title='bbox 904 344 1026 386; x_wconf 90' lang='lat' dir='ltr'>rebus</span> <span class='ocrx_word' id='word_1_9' title='bbox 1046 344 1261 386; x_wconf 81' lang='lat' dir='ltr'>simulacra</span> <span class='ocrx_word' id='word_1_10' title='bbox 1279 341 1430 385; x_wconf 86' lang='lat' dir='ltr'>venire.</span> 
     </span>
    </p>

    <p class='ocr_par' dir='ltr' id='par_1_4' title="bbox 450 418 1505 475">
     <span class='ocr_line' id='line_1_4' title="bbox 450 418 1505 475; baseline -0.001 -15"><span class='ocrx_word' id='word_1_11' title='bbox 450 418 532 460; x_wconf 91' lang='lat' dir='ltr'>Per</span> <span class='ocrx_word' id='word_1_12' title='bbox 551 418 701 460; x_wconf 83' lang='lat' dir='ltr'>multos</span> <span class='ocrx_word' id='word_1_13' title='bbox 719 419 857 475; x_wconf 83' lang='lat' dir='ltr'>itaque</span> <span class='ocrx_word' id='word_1_14' title='bbox 877 419 944 461; x_wconf 87' lang='lat' dir='ltr'>illa</span> <span class='ocrx_word' id='word_1_15' title='bbox 962 419 1050 462; x_wconf 89' lang='lat' dir='ltr'>dies</span> <span class='ocrx_word' id='word_1_16' title='bbox 1069 419 1213 462; x_wconf 84' lang='lat' dir='ltr'>eadem</span> <span class='ocrx_word' id='word_1_17' title='bbox 1232 419 1505 460; x_wconf 83' lang='lat' dir='ltr'><strong>obversantur</strong></span> 
     </span>
    </p>

    <p class='ocr_par' dir='ltr' id='par_1_5' title="bbox 447 492 1416 550">
     <span class='ocr_line' id='line_1_5' title="bbox 447 492 1416 550; baseline -0.001 -16"><span class='ocrx_word' id='word_1_18' title='bbox 447 492 561 534; x_wconf 88' lang='lat' dir='ltr'><strong>Ante</strong></span> <span class='ocrx_word' id='word_1_19' title='bbox 580 492 737 543; x_wconf 81' lang='lat' dir='ltr'>ocuIOS,</span> <span class='ocrx_word' id='word_1_20' title='bbox 759 493 883 534; x_wconf 85' lang='lat' dir='ltr'>etiam</span> <span class='ocrx_word' id='word_1_21' title='bbox 903 493 1115 550; x_wconf 85' lang='lat' dir='ltr'>vigilantes</span> <span class='ocrx_word' id='word_1_22' title='bbox 1134 502 1181 535; x_wconf 91' lang='lat' dir='ltr'>ut</span> <span class='ocrx_word' id='word_1_23' title='bbox 1199 492 1416 534; x_wconf 86' lang='lat' dir='ltr'>videantur</span> 
     </span>
    </p>

    <p class='ocr_par' dir='ltr' id='par_1_6' title="bbox 447 565 1558 617">
     <span class='ocr_line' id='line_1_6' title="bbox 447 565 1558 617; baseline -0.001 -10"><span class='ocrx_word' id='word_1_24' title='bbox 447 566 628 608; x_wconf 86' lang='lat' dir='ltr'>Cernere</span> <span class='ocrx_word' id='word_1_25' title='bbox 649 566 869 617; x_wconf 81' lang='lat' dir='ltr'>saltanteis‚</span> <span class='ocrx_word' id='word_1_26' title='bbox 891 575 932 608; x_wconf 89' lang='lat' dir='ltr'>et</span> <span class='ocrx_word' id='word_1_27' title='bbox 951 567 1089 608; x_wconf 88' lang='lat' dir='ltr'>mollia</span> <span class='ocrx_word' id='word_1_28' title='bbox 1108 567 1294 608; x_wconf 87' lang='lat' dir='ltr'>membra</span> <span class='ocrx_word' id='word_1_29' title='bbox 1313 565 1558 615; x_wconf 87' lang='lat' dir='ltr'>moventeis;</span> 
     </span>
    </p>

    <p class='ocr_par' dir='ltr' id='par_1_7' title="bbox 333 637 1660 767">
     <span class='ocr_line' id='line_1_7' title="bbox 445 637 1660 696; baseline -0.001 -15"><span class='ocrx_word' id='word_1_30' title='bbox 445 640 505 686; x_wconf 88' lang='lat' dir='ltr'>Et</span> <span class='ocrx_word' id='word_1_31' title='bbox 525 640 694 682; x_wconf 85' lang='lat' dir='ltr'>citharae</span> <span class='ocrx_word' id='word_1_32' title='bbox 714 641 914 695; x_wconf 90' lang='lat' dir='ltr'>liquidum</span> <span class='ocrx_word' id='word_1_33' title='bbox 936 655 1118 690; x_wconf 86' lang='lat' dir='ltr'>carmen,</span> <span class='ocrx_word' id='word_1_34' title='bbox 1140 640 1396 696; x_wconf 83' lang='lat' dir='ltr'>chordasque</span> <span class='ocrx_word' id='word_1_35' title='bbox 1417 637 1660 696; x_wconf 82' lang='lat' dir='ltr'>loquenteis,</span> 
     </span>
     <span class='ocr_line' id='line_1_8' title="bbox 333 712 1601 767; baseline -0.002 -12"><span class='ocrx_word' id='word_1_36' title='bbox 333 719 415 756; x_wconf 90' lang='lat'>980</span> <span class='ocrx_word' id='word_1_37' title='bbox 447 714 631 754; x_wconf 88' lang='lat' dir='ltr'>Auribus</span> <span class='ocrx_word' id='word_1_38' title='bbox 651 713 860 767; x_wconf 81' lang='lat' dir='ltr'>adcipere3</span> <span class='ocrx_word' id='word_1_39' title='bbox 893 721 934 753; x_wconf 88' lang='lat' dir='ltr'>et</span> <span class='ocrx_word' id='word_1_40' title='bbox 953 727 1187 754; x_wconf 86' lang='lat' dir='ltr'>consessum</span> <span class='ocrx_word' id='word_1_41' title='bbox 1207 727 1374 754; x_wconf 86' lang='lat' dir='ltr'>cernere</span> <span class='ocrx_word' id='word_1_42' title='bbox 1394 712 1601 763; x_wconf 88' lang='lat' dir='ltr'>eumdem,</span> 
     </span>
    </p>
   </div>
   <div class='ocr_carea' id='block_1_4' title="bbox 299 868 1036 1672">
    <p class='ocr_par' dir='ltr' id='par_1_8' title="bbox 299 868 1034 1423">
     <span class='ocr_line' id='line_1_9' title="bbox 304 868 1033 904; baseline 0 -4"><span class='ocrx_word' id='word_1_43' title='bbox 304 868 650 900; x_wconf 77' lang='lat' dir='ltr'>Permultos.-eadem.·</span> <span class='ocrx_word' id='word_1_44' title='bbox 678 871 713 898; x_wconf 93' lang='grc' dir='ltr'>Δ.</span> <span class='ocrx_word' id='word_1_45' title='bbox 729 870 853 904; x_wconf 82' lang='lat' dir='ltr'>cadere;</span> <span class='ocrx_word' id='word_1_46' title='bbox 876 879 892 900; x_wconf 86' lang='lat' dir='ltr'>e</span> <span class='ocrx_word' id='word_1_47' title='bbox 915 868 1033 900; x_wconf 89' lang='lat' dir='ltr'>scilicet</span> 
     </span>
     <span class='ocr_line' id='line_1_10' title="bbox 301 919 1034 960; baseline 0.001 -10"><span class='ocrx_word' id='word_1_48' title='bbox 301 919 443 960; x_wconf 86' lang='lat' dir='ltr'>primum</span> <span class='ocrx_word' id='word_1_49' title='bbox 457 920 490 950; x_wconf 90' lang='lat' dir='ltr'>in</span> <span class='ocrx_word' id='word_1_50' title='bbox 502 931 518 951; x_wconf 89' lang='lat' dir='ltr'>c</span> <span class='ocrx_word' id='word_1_51' title='bbox 530 919 697 960; x_wconf 83' lang='lat' dir='ltr'>migrante,</span> <span class='ocrx_word' id='word_1_52' title='bbox 710 929 783 950; x_wconf 83' lang='lat' dir='ltr'>mox</span> <span class='ocrx_word' id='word_1_53' title='bbox 795 922 904 952; x_wconf 81' lang='lat' dir='ltr'>cadere</span> <span class='ocrx_word' id='word_1_54' title='bbox 914 920 1034 951; x_wconf 76' lang='lat' dir='ltr'>factum</span> 
     </span>
     <span class='ocr_line' id='line_1_11' title="bbox 302 971 1031 1003; baseline 0.001 -2"><span class='ocrx_word' id='word_1_55' title='bbox 302 976 348 1001; x_wconf 87' lang='lat' dir='ltr'>cst</span> <span class='ocrx_word' id='word_1_56' title='bbox 369 981 408 1001; x_wconf 83' lang='lat' dir='ltr'>ex</span> <span class='ocrx_word' id='word_1_57' title='bbox 433 971 771 1002; x_wconf 61' lang='lat' dir='ltr'>cada-obversantur.-</span> <span class='ocrx_word' id='word_1_58' title='bbox 797 971 837 1002; x_wconf 91' lang='lat' dir='ltr'>P.</span> <span class='ocrx_word' id='word_1_59' title='bbox 861 971 961 1002; x_wconf 90' lang='lat' dir='ltr'>Vind.</span> <span class='ocrx_word' id='word_1_60' title='bbox 990 972 1031 1003; x_wconf 82' lang='lat' dir='ltr'><strong>V.</strong></span> 
     </span>
     <span class='ocr_line' id='line_1_12' title="bbox 300 1022 1031 1054; baseline 0.001 -2"><span class='ocrx_word' id='word_1_61' title='bbox 300 1022 348 1052; x_wconf 88' lang='lat' dir='ltr'>ed.</span> <span class='ocrx_word' id='word_1_62' title='bbox 365 1023 402 1052; x_wconf 85' lang='grc' dir='ltr'><strong>Β.</strong></span> <span class='ocrx_word' id='word_1_63' title='bbox 421 1022 461 1053; x_wconf 92' lang='lat' dir='ltr'><strong>O.</strong></span> <span class='ocrx_word' id='word_1_64' title='bbox 484 1027 519 1053; x_wconf 92' lang='grc' dir='ltr'><strong>Δ.</strong></span> <span class='ocrx_word' id='word_1_65' title='bbox 538 1028 578 1052; x_wconf 89' lang='grc' dir='ltr'>Π.</span> <span class='ocrx_word' id='word_1_66' title='bbox 595 1026 633 1053; x_wconf 81' lang='grc' dir='ltr'><strong>Σ.</strong></span> <span class='ocrx_word' id='word_1_67' title='bbox 657 1023 862 1054; x_wconf 77' lang='lat' dir='ltr'>observantur.</span> <span class='ocrx_word' id='word_1_68' title='bbox 908 1022 1031 1054; x_wconf 87' lang='lat' dir='ltr'>Eadem</span> 
     </span>
     <span class='ocr_line' id='line_1_13' title="bbox 301 1073 1031 1106; baseline 0.003 -2"><span class='ocrx_word' id='word_1_69' title='bbox 301 1073 444 1104; x_wconf 88' lang='lat' dir='ltr'>confusio</span> <span class='ocrx_word' id='word_1_70' title='bbox 458 1079 505 1104; x_wconf 86' lang='lat' dir='ltr'>est</span> <span class='ocrx_word' id='word_1_71' title='bbox 518 1073 559 1104; x_wconf 84' lang='lat' dir='ltr'>ad</span> <span class='ocrx_word' id='word_1_72' title='bbox 574 1073 679 1104; x_wconf 88' lang='lat' dir='ltr'>Valer.</span> <span class='ocrx_word' id='word_1_73' title='bbox 695 1074 782 1105; x_wconf 80' lang='lat' dir='ltr'><strong>Max.</strong></span> <span class='ocrx_word' id='word_1_74' title='bbox 798 1085 826 1104; x_wconf 91' lang='lat' dir='ltr'><strong>v.</strong></span> <span class='ocrx_word' id='word_1_75' title='bbox 844 1078 873 1105; x_wconf 91' lang='lat'>6.</span> <span class='ocrx_word' id='word_1_76' title='bbox 885 1077 914 1105; x_wconf 84' lang='grc'><strong>2.</strong></span> <span class='ocrx_word' id='word_1_77' title='bbox 926 1074 946 1104; x_wconf 92' lang='lat' dir='ltr'>i.</span> <span class='ocrx_word' id='word_1_78' title='bbox 960 1079 988 1106; x_wconf 87' lang='grc'>7.</span> <span class='ocrx_word' id='word_1_79' title='bbox 1003 1078 1031 1106; x_wconf 90' lang='grc'><strong>7.</strong></span> 
     </span>
     <span class='ocr_line' id='line_1_14' title="bbox 299 1124 1033 1166; baseline 0.001 -11"><span class='ocrx_word' id='word_1_80' title='bbox 299 1125 334 1155; x_wconf 91' lang='lat' dir='ltr'>in</span> <span class='ocrx_word' id='word_1_81' title='bbox 345 1124 416 1156; x_wconf 85' lang='lat' dir='ltr'>loco</span> <span class='ocrx_word' id='word_1_82' title='bbox 428 1125 518 1156; x_wconf 90' lang='lat' dir='ltr'>nobis</span> <span class='ocrx_word' id='word_1_83' title='bbox 531 1131 710 1165; x_wconf 86' lang='lat' dir='ltr'>opportuno</span> <span class='ocrx_word' id='word_1_84' title='bbox 718 1128 793 1156; x_wconf 86' lang='lat'>:—“</span> <span class='ocrx_word' id='word_1_85' title='bbox 807 1125 923 1156; x_wconf 85' lang='lat' dir='ltr'>iterum</span> <span class='ocrx_word' id='word_1_86' title='bbox 933 1125 1033 1166; x_wconf 86' lang='lat' dir='ltr'>quieti</span> 
     </span>
     <span class='ocr_line' id='line_1_15' title="bbox 302 1175 1031 1217; baseline 0 -11"><span class='ocrx_word' id='word_1_87' title='bbox 302 1179 324 1194; x_wconf 90' lang='lat'><strong>“</strong></span> <span class='ocrx_word' id='word_1_88' title='bbox 340 1182 372 1207; x_wconf 91' lang='lat' dir='ltr'>et</span> <span class='ocrx_word' id='word_1_89' title='bbox 386 1185 497 1207; x_wconf 90' lang='lat' dir='ltr'>somno</span> <span class='ocrx_word' id='word_1_90' title='bbox 512 1185 544 1206; x_wconf 89' lang='lat' dir='ltr'>se</span> <span class='ocrx_word' id='word_1_91' title='bbox 559 1175 659 1207; x_wconf 84' lang='lat' dir='ltr'>dedit:</span> <span class='ocrx_word' id='word_1_92' title='bbox 685 1182 782 1217; x_wconf 87' lang='lat' dir='ltr'>atque</span> <span class='ocrx_word' id='word_1_93' title='bbox 803 1178 909 1207; x_wconf 76' lang='lat' dir='ltr'>eadem</span> <span class='ocrx_word' id='word_1_94' title='bbox 924 1177 1031 1207; x_wconf 87' lang='lat' dir='ltr'>animo</span> 
     </span>
     <span class='ocr_line' id='line_1_16' title="bbox 302 1228 1031 1268; baseline 0 -10"><span class='ocrx_word' id='word_1_95' title='bbox 302 1231 324 1246; x_wconf 93' lang='lat'>“</span> <span class='ocrx_word' id='word_1_96' title='bbox 341 1228 409 1268; x_wconf 83' lang='lat' dir='ltr'>ejus</span> <span class='ocrx_word' id='word_1_97' title='bbox 436 1230 590 1259; x_wconf 78' lang='lat' dir='ltr'>obversata</span> <span class='ocrx_word' id='word_1_98' title='bbox 611 1234 654 1259; x_wconf 81' lang='lat' dir='ltr'>est</span> <span class='ocrx_word' id='word_1_99' title='bbox 681 1228 829 1267; x_wconf 82' lang='lat' dir='ltr'>species.”</span> <span class='ocrx_word' id='word_1_100' title='bbox 875 1228 1031 1265; x_wconf 85' lang='lat' dir='ltr'>Profecto,</span> 
     </span>
     <span class='ocr_line' id='line_1_17' title="bbox 300 1278 1030 1320; baseline 0 -11"><span class='ocrx_word' id='word_1_101' title='bbox 300 1284 338 1309; x_wconf 89' lang='lat' dir='ltr'>ut</span> <span class='ocrx_word' id='word_1_102' title='bbox 352 1279 536 1310; x_wconf 84' lang='lat' dir='ltr'>summatim</span> <span class='ocrx_word' id='word_1_103' title='bbox 559 1278 679 1320; x_wconf 87' lang='lat' dir='ltr'>loquar,</span> <span class='ocrx_word' id='word_1_104' title='bbox 702 1279 949 1320; x_wconf 88' lang='lat' dir='ltr'>quotiescunque</span> <span class='ocrx_word' id='word_1_105' title='bbox 964 1290 1030 1310; x_wconf 89' lang='lat' dir='ltr'>ver-</span> 
     </span>
     <span class='ocr_line' id='line_1_18' title="bbox 301 1331 1031 1367; baseline 0 -5"><span class='ocrx_word' id='word_1_106' title='bbox 301 1332 379 1362; x_wconf 88' lang='lat' dir='ltr'>bum</span> <span class='ocrx_word' id='word_1_107' title='bbox 394 1332 527 1362; x_wconf 82' lang='lat' dir='ltr'>obversor</span> <span class='ocrx_word' id='word_1_108' title='bbox 541 1331 655 1367; x_wconf 73' lang='lat' dir='ltr'>veniat¹</span> <span class='ocrx_word' id='word_1_109' title='bbox 669 1331 769 1361; x_wconf 84' lang='lat' dir='ltr'>ferme</span> <span class='ocrx_word' id='word_1_110' title='bbox 784 1331 877 1361; x_wconf 80' lang='lat' dir='ltr'>toties</span> <span class='ocrx_word' id='word_1_111' title='bbox 891 1341 967 1362; x_wconf 87' lang='lat' dir='ltr'>cum</span> <span class='ocrx_word' id='word_1_112' title='bbox 981 1332 1031 1362; x_wconf 85' lang='lat' dir='ltr'>ob-</span> 
     </span>
     <span class='ocr_line' id='line_1_19' title="bbox 302 1382 950 1423; baseline 0.002 -10"><span class='ocrx_word' id='word_1_113' title='bbox 302 1393 401 1414; x_wconf 83' lang='lat' dir='ltr'>servor</span> <span class='ocrx_word' id='word_1_114' title='bbox 416 1388 646 1414; x_wconf 85' lang='lat' dir='ltr'>commutatum</span> <span class='ocrx_word' id='word_1_115' title='bbox 662 1382 794 1412; x_wconf 84' lang='lat' dir='ltr'>librariis</span> <span class='ocrx_word' id='word_1_116' title='bbox 809 1383 950 1423; x_wconf 77' lang='lat' dir='ltr'>reperies,</span> 
     </span>
    </p>

    <p class='ocr_par' dir='ltr' id='par_1_9' title="bbox 301 1430 1036 1672">
     <span class='ocr_line' id='line_1_20' title="bbox 345 1430 1036 1466; baseline 0.001 -3"><span class='ocrx_word' id='word_1_117' title='bbox 345 1430 420 1465; x_wconf 80' lang='lat' dir='ltr'>Ver.</span> <span class='ocrx_word' id='word_1_118' title='bbox 435 1437 510 1465; x_wconf 81' lang='lat'><strong>978.</strong></span> <span class='ocrx_word' id='word_1_119' title='bbox 533 1436 635 1464; x_wconf 83' lang='lat' dir='ltr'>mollia</span> <span class='ocrx_word' id='word_1_120' title='bbox 651 1435 801 1465; x_wconf 81' lang='lat' dir='ltr'>membra:</span> <span class='ocrx_word' id='word_1_121' title='bbox 827 1440 863 1465; x_wconf 90' lang='lat' dir='ltr'>ut</span> <span class='ocrx_word' id='word_1_122' title='bbox 884 1445 944 1465; x_wconf 82' lang='lat' dir='ltr'>ver.</span> <span class='ocrx_word' id='word_1_123' title='bbox 965 1437 1036 1466; x_wconf 79' lang='lat'><strong>791.</strong></span> 
     </span>
     <span class='ocr_line' id='line_1_21' title="bbox 301 1487 1031 1524; baseline 0 -7"><span class='ocrx_word' id='word_1_124' title='bbox 301 1488 405 1518; x_wconf 84' lang='lat' dir='ltr'>mollia</span> <span class='ocrx_word' id='word_1_125' title='bbox 419 1488 545 1518; x_wconf 78' lang='lat' dir='ltr'>brachia</span> <span class='ocrx_word' id='word_1_126' title='bbox 552 1503 563 1524; x_wconf 90' lang='lat'>‚-</span> <span class='ocrx_word' id='word_1_127' title='bbox 587 1493 619 1517; x_wconf 88' lang='lat' dir='ltr'>et</span> <span class='ocrx_word' id='word_1_128' title='bbox 641 1497 701 1517; x_wconf 86' lang='lat' dir='ltr'>ver.</span> <span class='ocrx_word' id='word_1_129' title='bbox 722 1491 794 1519; x_wconf 89' lang='lat'><strong>790.</strong></span> <span class='ocrx_word' id='word_1_130' title='bbox 817 1487 934 1518; x_wconf 85' lang='lat' dir='ltr'>eisdem</span> <span class='ocrx_word' id='word_1_131' title='bbox 950 1487 1031 1518; x_wconf 89' lang='lat' dir='ltr'>voci-</span> 
     </span>
     <span class='ocr_line' id='line_1_22' title="bbox 301 1537 1034 1577; baseline -0.001 -9"><span class='ocrx_word' id='word_1_132' title='bbox 301 1539 374 1568; x_wconf 89' lang='lat' dir='ltr'>bus:</span> <span class='ocrx_word' id='word_1_133' title='bbox 400 1538 455 1568; x_wconf 92' lang='lat' dir='ltr'>ubi</span> <span class='ocrx_word' id='word_1_134' title='bbox 471 1543 580 1568; x_wconf 86' lang='lat' dir='ltr'>notam</span> <span class='ocrx_word' id='word_1_135' title='bbox 595 1538 720 1577; x_wconf 86' lang='lat' dir='ltr'>inspice.</span> <span class='ocrx_word' id='word_1_136' title='bbox 767 1537 900 1568; x_wconf 67' lang='lat' dir='ltr'>Ovidius</span> <span class='ocrx_word' id='word_1_137' title='bbox 915 1537 1034 1568; x_wconf 84' lang='lat' dir='ltr'>vocavit</span> 
     </span>
     <span class='ocr_line' id='line_1_23' title="bbox 301 1588 1032 1629; baseline -0.003 -8"><span class='ocrx_word' id='word_1_138' title='bbox 301 1591 427 1622; x_wconf 67' lang='lat' dir='ltr'>facilia</span> <span class='ocrx_word' id='word_1_139' title='bbox 444 1591 588 1627; x_wconf 82' lang='lat' dir='ltr'>membra,</span> <span class='ocrx_word' id='word_1_140' title='bbox 603 1589 639 1619; x_wconf 89' lang='lat' dir='ltr'>in</span> <span class='ocrx_word' id='word_1_141' title='bbox 654 1589 722 1619; x_wconf 91' lang='lat' dir='ltr'>loco</span> <span class='ocrx_word' id='word_1_142' title='bbox 738 1588 828 1620; x_wconf 91' lang='lat' dir='ltr'>nobis</span> <span class='ocrx_word' id='word_1_143' title='bbox 843 1595 1032 1629; x_wconf 88' lang='lat' dir='ltr'>opportuno,</span> 
     </span>
     <span class='ocr_line' id='line_1_24' title="bbox 302 1641 518 1672; baseline 0 0"><span class='ocrx_word' id='word_1_144' title='bbox 302 1641 371 1672; x_wconf 81' lang='lat' dir='ltr'>fast.</span> <span class='ocrx_word' id='word_1_145' title='bbox 386 1641 430 1672; x_wconf 85' lang='lat' dir='ltr'>iii.</span> <span class='ocrx_word' id='word_1_146' title='bbox 446 1644 518 1672; x_wconf 84' lang='lat'><strong>536.</strong></span> 
     </span>
    </p>
   </div>
   <div class='ocr_carea' id='block_1_5' title="bbox 364 1720 983 1793">
    <p class='ocr_par' dir='ltr' id='par_1_10' title="bbox 364 1720 983 1793">
     <span class='ocr_line' id='line_1_25' title="bbox 364 1720 983 1752; baseline -0.005 -4"><span class='ocrx_word' id='word_1_147' title='bbox 364 1722 420 1748; x_wconf 84' lang='lat' dir='ltr'>Illic</span> <span class='ocrx_word' id='word_1_148' title='bbox 431 1725 460 1748; x_wconf 89' lang='lat' dir='ltr'>et</span> <span class='ocrx_word' id='word_1_149' title='bbox 469 1724 582 1746; x_wconf 83' lang='lat' dir='ltr'>cantant</span> <span class='ocrx_word' id='word_1_150' title='bbox 592 1720 723 1752; x_wconf 85' lang='lat' dir='ltr'>quidquid</span> <span class='ocrx_word' id='word_1_151' title='bbox 733 1720 851 1746; x_wconf 81' lang='lat' dir='ltr'>didicere</span> <span class='ocrx_word' id='word_1_152' title='bbox 861 1721 983 1751; x_wconf 78' lang='lat' dir='ltr'>theatris,</span> 
     </span>
     <span class='ocr_line' id='line_1_26' title="bbox 393 1760 951 1793; baseline -0.002 -7"><span class='ocrx_word' id='word_1_153' title='bbox 393 1762 428 1786; x_wconf 84' lang='lat' dir='ltr'>Et</span> <span class='ocrx_word' id='word_1_154' title='bbox 435 1760 637 1793; x_wconf 80' lang='lat' dir='ltr'>jactantfaciles</span> <span class='ocrx_word' id='word_1_155' title='bbox 647 1760 681 1785; x_wconf 86' lang='lat' dir='ltr'>ad</span> <span class='ocrx_word' id='word_1_156' title='bbox 692 1767 739 1785; x_wconf 78' lang='lat' dir='ltr'>sua</span> <span class='ocrx_word' id='word_1_157' title='bbox 749 1761 832 1786; x_wconf 85' lang='lat' dir='ltr'>verba</span> <span class='ocrx_word' id='word_1_158' title='bbox 842 1767 951 1785; x_wconf 88' lang='lat' dir='ltr'>manus.</span> 
     </span>
    </p>
   </div>
   <div class='ocr_carea' id='block_1_6' title="bbox 301 1834 1034 2236">
    <p class='ocr_par' dir='ltr' id='par_1_11' title="bbox 301 1834 1034 2236">
     <span class='ocr_line' id='line_1_27' title="bbox 346 1834 1031 1875; baseline -0.003 -9"><span class='ocrx_word' id='word_1_159' title='bbox 346 1834 420 1866; x_wconf 87' lang='lat' dir='ltr'>Ver.</span> <span class='ocrx_word' id='word_1_160' title='bbox 437 1838 510 1868; x_wconf 89' lang='grc'><strong>979.</strong></span> <span class='ocrx_word' id='word_1_161' title='bbox 525 1836 655 1866; x_wconf 80' lang='lat' dir='ltr'>citharae</span> <span class='ocrx_word' id='word_1_162' title='bbox 668 1835 823 1875; x_wconf 78' lang='lat' dir='ltr'>liquidum</span> <span class='ocrx_word' id='word_1_163' title='bbox 839 1845 963 1866; x_wconf 79' lang='lat' dir='ltr'>carmen</span> <span class='ocrx_word' id='word_1_164' title='bbox 979 1844 1031 1865; x_wconf 88' lang='lat' dir='ltr'>ve-</span> 
     </span>
     <span class='ocr_line' id='line_1_28' title="bbox 301 1885 1033 1927; baseline -0.001 -10"><span class='ocrx_word' id='word_1_165' title='bbox 301 1887 360 1917; x_wconf 87' lang='lat' dir='ltr'>lim</span> <span class='ocrx_word' id='word_1_166' title='bbox 388 1886 422 1917; x_wconf 80' lang='lat' dir='ltr'>id</span> <span class='ocrx_word' id='word_1_167' title='bbox 447 1885 612 1927; x_wconf 79' lang='lat' dir='ltr'>intelligas,</span> <span class='ocrx_word' id='word_1_168' title='bbox 637 1889 659 1905; x_wconf 85' lang='lat'><strong>“</strong></span> <span class='ocrx_word' id='word_1_169' title='bbox 675 1885 761 1927; x_wconf 90' lang='lat' dir='ltr'>quod</span> <span class='ocrx_word' id='word_1_170' title='bbox 789 1886 914 1916; x_wconf 85' lang='lat' dir='ltr'>Musaeo</span> <span class='ocrx_word' id='word_1_171' title='bbox 939 1885 1033 1916; x_wconf 88' lang='lat' dir='ltr'>melle</span> 
     </span>
     <span class='ocr_line' id='line_1_29' title="bbox 304 1937 1033 1978; baseline -0.003 -8"><span class='ocrx_word' id='word_1_172' title='bbox 304 1943 328 1958; x_wconf 87' lang='lat'><strong>“</strong></span> <span class='ocrx_word' id='word_1_173' title='bbox 344 1944 535 1977; x_wconf 81' lang='lat' dir='ltr'>contactum,</span> <span class='ocrx_word' id='word_1_174' title='bbox 566 1948 658 1978; x_wconf 78' lang='lat' dir='ltr'>puras</span> <span class='ocrx_word' id='word_1_175' title='bbox 677 1944 782 1977; x_wconf 78' lang='lat' dir='ltr'>guttas</span> <span class='ocrx_word' id='word_1_176' title='bbox 803 1937 978 1969; x_wconf 85' lang='lat' dir='ltr'>dulcedinis</span> <span class='ocrx_word' id='word_1_177' title='bbox 1000 1938 1033 1968; x_wconf 88' lang='lat' dir='ltr'>in</span> 
     </span>
     <span class='ocr_line' id='line_1_30' title="bbox 303 1989 1030 2031; baseline -0.003 -9"><span class='ocrx_word' id='word_1_178' title='bbox 303 1995 327 2010; x_wconf 88' lang='lat'><strong>“</strong></span> <span class='ocrx_word' id='word_1_179' title='bbox 343 2001 433 2022; x_wconf 85' lang='lat' dir='ltr'>aures</span> <span class='ocrx_word' id='word_1_180' title='bbox 447 1989 570 2022; x_wconf 76' lang='lat' dir='ltr'>stillet.”</span> <span class='ocrx_word' id='word_1_181' title='bbox 616 1990 704 2020; x_wconf 91' lang='lat' dir='ltr'>Eum</span> <span class='ocrx_word' id='word_1_182' title='bbox 719 1989 914 2031; x_wconf 85' lang='lat' dir='ltr'>elegantibus</span> <span class='ocrx_word' id='word_1_183' title='bbox 928 1990 1030 2021; x_wconf 89' lang='lat' dir='ltr'>homi·</span> 
     </span>
     <span class='ocr_line' id='line_1_31' title="bbox 302 2041 1031 2082; baseline -0.004 -8"><span class='ocrx_word' id='word_1_184' title='bbox 302 2043 397 2074; x_wconf 87' lang='lat' dir='ltr'>nibus</span> <span class='ocrx_word' id='word_1_185' title='bbox 421 2042 508 2073; x_wconf 86' lang='lat' dir='ltr'>haud</span> <span class='ocrx_word' id='word_1_186' title='bbox 533 2047 658 2082; x_wconf 87' lang='lat' dir='ltr'>egomet</span> <span class='ocrx_word' id='word_1_187' title='bbox 683 2051 891 2072; x_wconf 83' lang='lat' dir='ltr'>annumerem</span> <span class='ocrx_word' id='word_1_188' title='bbox 905 2041 1031 2078; x_wconf 89' lang='lat' dir='ltr'>scilicet,</span> 
     </span>
     <span class='ocr_line' id='line_1_32' title="bbox 303 2093 1033 2136; baseline 0 -12"><span class='ocrx_word' id='word_1_189' title='bbox 303 2095 359 2136; x_wconf 90' lang='lat' dir='ltr'>qui</span> <span class='ocrx_word' id='word_1_190' title='bbox 373 2094 487 2134; x_wconf 83' lang='lat' dir='ltr'>vulgus</span> <span class='ocrx_word' id='word_1_191' title='bbox 500 2093 707 2133; x_wconf 79' lang='lat' dir='ltr'>interpretum</span> <span class='ocrx_word' id='word_1_192' title='bbox 719 2099 868 2133; x_wconf 88' lang='lat' dir='ltr'>sequatur</span> <span class='ocrx_word' id='word_1_193' title='bbox 877 2093 918 2123; x_wconf 88' lang='lat' dir='ltr'>ad</span> <span class='ocrx_word' id='word_1_194' title='bbox 929 2093 1033 2124; x_wconf 89' lang='lat' dir='ltr'>Theo-</span> 
     </span>
     <span class='ocr_line' id='line_1_33' title="bbox 302 2147 1034 2187; baseline -0.003 -8"><span class='ocrx_word' id='word_1_195' title='bbox 302 2148 428 2183; x_wconf 86' lang='lat' dir='ltr'>critum,</span> <span class='ocrx_word' id='word_1_196' title='bbox 444 2147 463 2177; x_wconf 89' lang='grc' dir='ltr'><strong>ἰ.</strong></span> <span class='ocrx_word' id='word_1_197' title='bbox 481 2149 509 2177; x_wconf 87' lang='lat'><strong>7.</strong></span> <span class='ocrx_word' id='word_1_198' title='bbox 533 2156 591 2176; x_wconf 87' lang='lat' dir='ltr'>nec</span> <span class='ocrx_word' id='word_1_199' title='bbox 604 2148 772 2186; x_wconf 80' lang='lat' dir='ltr'>liquidum,</span> <span class='ocrx_word' id='word_1_200' title='bbox 787 2157 875 2187; x_wconf 84' lang='lat' dir='ltr'>aeque</span> <span class='ocrx_word' id='word_1_201' title='bbox 890 2157 926 2177; x_wconf 89' lang='lat' dir='ltr'>ac</span> <span class='ocrx_word' id='word_1_202' title='bbox 941 2158 1034 2178; x_wconf 85' lang='lat' dir='ltr'>cano-</span> 
     </span>
     <span class='ocr_line' id='line_1_34' title="bbox 303 2198 867 2236; baseline -0.004 -5"><span class='ocrx_word' id='word_1_203' title='bbox 303 2211 385 2236; x_wconf 80' lang='lat' dir='ltr'>rum,</span> <span class='ocrx_word' id='word_1_204' title='bbox 400 2199 523 2230; x_wconf 85' lang='lat' dir='ltr'>fontem</span> <span class='ocrx_word' id='word_1_205' title='bbox 536 2198 649 2229; x_wconf 79' lang='lat' dir='ltr'>sentiat</span> <span class='ocrx_word' id='word_1_206' title='bbox 663 2198 867 2229; x_wconf 72' lang='lat' dir='ltr'>subindioeri:</span> 
     </span>
    </p>
   </div>
   <div class='ocr_carea' id='block_1_7' title="bbox 341 2286 1032 2415">
    <p class='ocr_par' dir='ltr' id='par_1_12' title="bbox 341 2286 1032 2415">
     <span class='ocr_line' id='line_1_35' title="bbox 341 2286 1032 2320; baseline 0 -8"><span class='ocrx_word' id='word_1_207' title='bbox 341 2286 436 2316; x_wconf 74' lang='grc' dir='ltr'><strong><em>Ἀδιον,</em></strong></span> <span class='ocrx_word' id='word_1_208' title='bbox 446 2296 466 2311; x_wconf 80' lang='grc' dir='ltr'><strong><em>ω</em></strong></span> <span class='ocrx_word' id='word_1_209' title='bbox 475 2295 579 2318; x_wconf 57' lang='lat' dir='ltr'>tufam,</span> <span class='ocrx_word' id='word_1_210' title='bbox 591 2295 620 2311; x_wconf 69' lang='lat' dir='ltr'>‘ro</span> <span class='ocrx_word' id='word_1_211' title='bbox 631 2295 681 2311; x_wconf 69' lang='grc' dir='ltr'>τεο»</span> <span class='ocrx_word' id='word_1_212' title='bbox 692 2286 825 2316; x_wconf 81' lang='grc' dir='ltr'>ΜΕΛΟΣ,</span> <span class='ocrx_word' id='word_1_213' title='bbox 840 2297 855 2314; x_wconf 75' lang='grc' dir='ltr'><strong>η</strong></span> <span class='ocrx_word' id='word_1_214' title='bbox 868 2296 897 2312; x_wconf 76' lang='grc' dir='ltr'>το</span> <span class='ocrx_word' id='word_1_215' title='bbox 911 2295 1032 2320; x_wconf 58' lang='lat' dir='ltr'>nara-x&amp;</span> 
     </span>
     <span class='ocr_line' id='line_1_36' title="bbox 342 2332 1032 2367; baseline 0.001 -9"><span class='ocrx_word' id='word_1_216' title='bbox 342 2332 406 2361; x_wconf 71' lang='lat' dir='ltr'>&#39;Tm&#39;</span> <span class='ocrx_word' id='word_1_217' title='bbox 419 2342 470 2358; x_wconf 55' lang='grc' dir='ltr'>ατο</span> <span class='ocrx_word' id='word_1_218' title='bbox 481 2342 530 2361; x_wconf 67' lang='grc' dir='ltr'>τας</span> <span class='ocrx_word' id='word_1_219' title='bbox 542 2341 634 2367; x_wconf 59' lang='lat' dir='ltr'>xes-pm</span> <span class='ocrx_word' id='word_1_220' title='bbox 649 2333 923 2359; x_wconf 76' lang='lat' dir='ltr'>KATAAEIBETAI</span> <span class='ocrx_word' id='word_1_221' title='bbox 943 2332 1032 2366; x_wconf 73' lang='grc' dir='ltr'><strong><em>ὖψοθεν</em></strong></span> 
     </span>
     <span class='ocr_line' id='line_1_37' title="bbox 457 2380 532 2415; baseline 0 -9"><span class='ocrx_word' id='word_1_222' title='bbox 457 2380 532 2415; x_wconf 68' lang='grc' dir='ltr'>ὑδωρέ</span> 
     </span>
    </p>
   </div>
   <div class='ocr_carea' id='block_1_8' title="bbox 302 2455 1034 2719">
    <p class='ocr_par' dir='ltr' id='par_1_13' title="bbox 302 2455 1034 2652">
     <span class='ocr_line' id='line_1_38' title="bbox 303 2455 1032 2488; baseline 0.004 -2"><span class='ocrx_word' id='word_1_223' title='bbox 303 2455 323 2487; x_wconf 92' lang='grc' dir='ltr'><strong>ἰ.</strong></span> <span class='ocrx_word' id='word_1_224' title='bbox 339 2465 367 2486; x_wconf 88' lang='lat' dir='ltr'>e.</span> <span class='ocrx_word' id='word_1_225' title='bbox 393 2458 416 2474; x_wconf 86' lang='lat'><strong>“</strong></span> <span class='ocrx_word' id='word_1_226' title='bbox 432 2460 527 2486; x_wconf 81' lang='lat' dir='ltr'>tuum</span> <span class='ocrx_word' id='word_1_227' title='bbox 541 2465 663 2487; x_wconf 78' lang='lat' dir='ltr'>carmen</span> <span class='ocrx_word' id='word_1_228' title='bbox 680 2456 812 2487; x_wconf 84' lang='lat' dir='ltr'>dulciori</span> <span class='ocrx_word' id='word_1_229' title='bbox 834 2456 966 2488; x_wconf 86' lang='lat' dir='ltr'>flumine</span> <span class='ocrx_word' id='word_1_230' title='bbox 980 2459 1032 2488; x_wconf 85' lang='lat' dir='ltr'>de·</span> 
     </span>
     <span class='ocr_line' id='line_1_39' title="bbox 302 2507 1034 2549; baseline 0.003 -11"><span class='ocrx_word' id='word_1_231' title='bbox 302 2511 326 2527; x_wconf 91' lang='lat'><strong>“</strong></span> <span class='ocrx_word' id='word_1_232' title='bbox 342 2509 448 2544; x_wconf 78' lang='lat' dir='ltr'>stillat,</span> <span class='ocrx_word' id='word_1_233' title='bbox 464 2517 561 2549; x_wconf 88' lang='lat' dir='ltr'>quam</span> <span class='ocrx_word' id='word_1_234' title='bbox 576 2507 649 2539; x_wconf 87' lang='lat' dir='ltr'>fons</span> <span class='ocrx_word' id='word_1_235' title='bbox 663 2518 680 2539; x_wconf 91' lang='lat' dir='ltr'>e</span> <span class='ocrx_word' id='word_1_236' title='bbox 695 2508 857 2548; x_wconf 86' lang='lat' dir='ltr'>scopulo.”</span> <span class='ocrx_word' id='word_1_237' title='bbox 881 2510 932 2540; x_wconf 81' lang='lat' dir='ltr'>Ita</span> <span class='ocrx_word' id='word_1_238' title='bbox 947 2509 1034 2540; x_wconf 90' lang='lat' dir='ltr'>locus</span> 
     </span>
     <span class='ocr_line' id='line_1_40' title="bbox 302 2559 1032 2600; baseline 0.004 -10"><span class='ocrx_word' id='word_1_239' title='bbox 302 2559 474 2600; x_wconf 84' lang='lat' dir='ltr'>capiendus</span> <span class='ocrx_word' id='word_1_240' title='bbox 488 2565 543 2590; x_wconf 85' lang='lat' dir='ltr'>est.</span> <span class='ocrx_word' id='word_1_241' title='bbox 583 2560 722 2591; x_wconf 81' lang='lat' dir='ltr'>Accedat</span> <span class='ocrx_word' id='word_1_242' title='bbox 735 2560 784 2591; x_wconf 90' lang='lat' dir='ltr'>his</span> <span class='ocrx_word' id='word_1_243' title='bbox 800 2561 965 2598; x_wconf 84' lang='lat' dir='ltr'>Horatius,</span> <span class='ocrx_word' id='word_1_244' title='bbox 981 2561 1032 2593; x_wconf 87' lang='lat' dir='ltr'>od.</span> 
     </span>
     <span class='ocr_line' id='line_1_41' title="bbox 304 2611 758 2652; baseline 0.004 -10"><span class='ocrx_word' id='word_1_245' title='bbox 304 2611 325 2642; x_wconf 90' lang='lat' dir='ltr'>i.</span> <span class='ocrx_word' id='word_1_246' title='bbox 341 2616 392 2643; x_wconf 81' lang='lat'><strong>24.</strong></span> <span class='ocrx_word' id='word_1_247' title='bbox 410 2616 439 2642; x_wconf 87' lang='grc'><strong>2.</strong></span> <span class='ocrx_word' id='word_1_248' title='bbox 462 2612 536 2642; x_wconf 85' lang='lat' dir='ltr'>satis</span> <span class='ocrx_word' id='word_1_249' title='bbox 550 2618 758 2652; x_wconf 85' lang='lat' dir='ltr'>opportunus:</span> 
     </span>
    </p>

    <p class='ocr_par' dir='ltr' id='par_1_14' title="bbox 655 2687 903 2719">
     <span class='ocr_line' id='line_1_42' title="bbox 655 2687 903 2719; baseline 0.004 -8"><span class='ocrx_word' id='word_1_250' title='bbox 655 2687 774 2719; x_wconf 82' lang='lat' dir='ltr'>praecipe</span> <span class='ocrx_word' id='word_1_251' title='bbox 782 2687 903 2719; x_wconf 76' lang='lat' dir='ltr'>lugubris</span> 
     </span>
    </p>
   </div>
   <div class='ocr_carea' id='block_1_9' title="bbox 335 2724 932 2792">
    <p class='ocr_par' dir='ltr' id='par_1_15' title="bbox 335 2724 932 2792">
     <span class='ocr_line' id='line_1_43' title="bbox 335 2724 932 2760; baseline 0.007 -12"><span class='ocrx_word' id='word_1_252' title='bbox 335 2724 447 2754; x_wconf 78' lang='lat' dir='ltr'>cantus,</span> <span class='ocrx_word' id='word_1_253' title='bbox 458 2725 645 2758; x_wconf 80' lang='lat' dir='ltr'>Melpomene!</span> <span class='ocrx_word' id='word_1_254' title='bbox 667 2727 711 2752; x_wconf 86' lang='lat' dir='ltr'>cui</span> <span class='ocrx_word' id='word_1_255' title='bbox 721 2727 844 2760; x_wconf 80' lang='lat' dir='ltr'>liquidam</span> <span class='ocrx_word' id='word_1_256' title='bbox 856 2731 932 2760; x_wconf 84' lang='lat' dir='ltr'>pater</span> 
     </span>
     <span class='ocr_line' id='line_1_44' title="bbox 365 2764 734 2792; baseline 0.019 -7"><span class='ocrx_word' id='word_1_257' title='bbox 365 2764 451 2787; x_wconf 82' lang='lat' dir='ltr'>Vocem</span> <span class='ocrx_word' id='word_1_258' title='bbox 462 2771 527 2790; x_wconf 89' lang='lat' dir='ltr'>cum</span> <span class='ocrx_word' id='word_1_259' title='bbox 537 2765 636 2792; x_wconf 61' lang='lat' dir='ltr'>citharri</span> <span class='ocrx_word' id='word_1_260' title='bbox 649 2766 734 2792; x_wconf 85' lang='lat' dir='ltr'>dedit.</span> 
     </span>
    </p>
   </div>
   <div class='ocr_carea' id='block_1_10' title="bbox 304 2832 1032 2934">
    <p class='ocr_par' dir='ltr' id='par_1_16' title="bbox 304 2832 1032 2934">
     <span class='ocr_line' id='line_1_45' title="bbox 304 2832 1032 2880; baseline 0.01 -16"><span class='ocrx_word' id='word_1_261' title='bbox 304 2832 370 2864; x_wconf 86' lang='lat' dir='ltr'>Ubi</span> <span class='ocrx_word' id='word_1_262' title='bbox 385 2843 449 2864; x_wconf 92' lang='lat' dir='ltr'>non</span> <span class='ocrx_word' id='word_1_263' title='bbox 465 2841 538 2865; x_wconf 88' lang='lat' dir='ltr'>sunt</span> <span class='ocrx_word' id='word_1_264' title='bbox 552 2837 682 2875; x_wconf 88' lang='lat' dir='ltr'>ferendi,</span> <span class='ocrx_word' id='word_1_265' title='bbox 698 2839 752 2879; x_wconf 89' lang='lat' dir='ltr'>qui</span> <span class='ocrx_word' id='word_1_266' title='bbox 762 2853 795 2871; x_wconf 73' lang='lat' dir='ltr'>ero</span> <span class='ocrx_word' id='word_1_267' title='bbox 805 2841 944 2880; x_wconf 78' lang='lat' dir='ltr'>lugubris</span> <span class='ocrx_word' id='word_1_268' title='bbox 958 2849 1032 2870; x_wconf 91' lang='lat' dir='ltr'>cum</span> 
     </span>
     <span class='ocr_line' id='line_1_46' title="bbox 306 2887 1031 2934; baseline 0.011 -17"><span class='ocrx_word' id='word_1_269' title='bbox 306 2887 493 2928; x_wconf 68' lang='lat' dir='ltr'>Melpomene</span> <span class='ocrx_word' id='word_1_270' title='bbox 506 2889 605 2921; x_wconf 78' lang='lat' dir='ltr'>velint</span> <span class='ocrx_word' id='word_1_271' title='bbox 620 2892 744 2923; x_wconf 84' lang='lat' dir='ltr'>sociare.</span> <span class='ocrx_word' id='word_1_272' title='bbox 789 2893 844 2933; x_wconf 86' lang='lat' dir='ltr'>Et,</span> <span class='ocrx_word' id='word_1_273' title='bbox 862 2904 918 2934; x_wconf 87' lang='lat' dir='ltr'>per</span> <span class='ocrx_word' id='word_1_274' title='bbox 931 2894 1031 2925; x_wconf 73' lang='lat' dir='ltr'>citha-</span> 
     </span>
    </p>
   </div>
   <div class='ocr_carea' id='block_1_11' title="bbox 1074 867 1807 1208">
    <p class='ocr_par' dir='ltr' id='par_1_17' title="bbox 1074 867 1807 1208">
     <span class='ocr_line' id='line_1_47' title="bbox 1075 867 1804 907; baseline 0 -7"><span class='ocrx_word' id='word_1_275' title='bbox 1075 881 1120 900; x_wconf 75' lang='grc' dir='ltr'>ηε</span> <span class='ocrx_word' id='word_1_276' title='bbox 1149 880 1271 901; x_wconf 80' lang='lat' dir='ltr'>carmen</span> <span class='ocrx_word' id='word_1_277' title='bbox 1295 869 1329 899; x_wconf 90' lang='lat' dir='ltr'>in</span> <span class='ocrx_word' id='word_1_278' title='bbox 1350 868 1511 907; x_wconf 85' lang='lat' dir='ltr'>Lucretio,</span> <span class='ocrx_word' id='word_1_279' title='bbox 1534 871 1557 887; x_wconf 87' lang='lat'><strong>“</strong></span> <span class='ocrx_word' id='word_1_280' title='bbox 1573 874 1733 904; x_wconf 77' lang='lat' dir='ltr'>cantorem</span> <span class='ocrx_word' id='word_1_281' title='bbox 1758 867 1804 900; x_wconf 84' lang='lat' dir='ltr'>ci·</span> 
     </span>
     <span class='ocr_line' id='line_1_48' title="bbox 1077 919 1800 962; baseline 0.001 -11"><span class='ocrx_word' id='word_1_282' title='bbox 1077 925 1098 940; x_wconf 86' lang='lat'><strong>“</strong></span> <span class='ocrx_word' id='word_1_283' title='bbox 1114 922 1211 951; x_wconf 84' lang='lat' dir='ltr'>tharae</span> <span class='ocrx_word' id='word_1_284' title='bbox 1240 920 1454 952; x_wconf 82' lang='lat' dir='ltr'>accinentem’&#39;</span> <span class='ocrx_word' id='word_1_285' title='bbox 1493 919 1578 952; x_wconf 87' lang='lat' dir='ltr'>soleo</span> <span class='ocrx_word' id='word_1_286' title='bbox 1607 919 1800 962; x_wconf 77' lang='lat' dir='ltr'>intelligere:</span> 
     </span>
     <span class='ocr_line' id='line_1_49' title="bbox 1077 970 1803 1011; baseline 0 -9"><span class='ocrx_word' id='word_1_287' title='bbox 1077 978 1184 1002; x_wconf 84' lang='lat' dir='ltr'>notam</span> <span class='ocrx_word' id='word_1_288' title='bbox 1196 972 1340 1011; x_wconf 81' lang='lat' dir='ltr'>inspicias</span> <span class='ocrx_word' id='word_1_289' title='bbox 1353 971 1508 1010; x_wconf 86' lang='lat' dir='ltr'>superius,</span> <span class='ocrx_word' id='word_1_290' title='bbox 1524 970 1565 1001; x_wconf 82' lang='lat' dir='ltr'>ad</span> <span class='ocrx_word' id='word_1_291' title='bbox 1581 981 1641 1002; x_wconf 80' lang='lat' dir='ltr'>ver.</span> <span class='ocrx_word' id='word_1_292' title='bbox 1654 974 1727 1003; x_wconf 86' lang='lat'><strong>589.</strong></span> <span class='ocrx_word' id='word_1_293' title='bbox 1754 970 1803 1002; x_wconf 83' lang='lat' dir='ltr'>Si-</span> 
     </span>
     <span class='ocr_line' id='line_1_50' title="bbox 1074 1021 1805 1061; baseline 0.003 -8"><span class='ocrx_word' id='word_1_294' title='bbox 1074 1022 1135 1053; x_wconf 89' lang='lat' dir='ltr'>lius</span> <span class='ocrx_word' id='word_1_295' title='bbox 1148 1022 1291 1061; x_wconf 78' lang='lat' dir='ltr'>Italicus,</span> <span class='ocrx_word' id='word_1_296' title='bbox 1306 1023 1347 1053; x_wconf 84' lang='lat' dir='ltr'>xi.</span> <span class='ocrx_word' id='word_1_297' title='bbox 1362 1025 1435 1052; x_wconf 79' lang='lat'><strong>416.</strong></span> <span class='ocrx_word' id='word_1_298' title='bbox 1450 1021 1506 1052; x_wconf 92' lang='lat' dir='ltr'>ubi</span> <span class='ocrx_word' id='word_1_299' title='bbox 1528 1021 1805 1055; x_wconf 75' lang='lat' dir='ltr'>Drakenborcffius</span> 
     </span>
     <span class='ocr_line' id='line_1_51' title="bbox 1074 1073 1805 1116; baseline -0.001 -11"><span class='ocrx_word' id='word_1_300' title='bbox 1074 1074 1284 1106; x_wconf 86' lang='lat' dir='ltr'>consulendus</span> <span class='ocrx_word' id='word_1_301' title='bbox 1299 1080 1354 1111; x_wconf 85' lang='lat' dir='ltr'>est,</span> <span class='ocrx_word' id='word_1_302' title='bbox 1373 1074 1565 1104; x_wconf 85' lang='lat' dir='ltr'>locutionem</span> <span class='ocrx_word' id='word_1_303' title='bbox 1579 1073 1676 1110; x_wconf 80' lang='lat' dir='ltr'>illam,</span> <span class='ocrx_word' id='word_1_304' title='bbox 1687 1073 1727 1105; x_wconf 88' lang='lat' dir='ltr'>de</span> <span class='ocrx_word' id='word_1_305' title='bbox 1741 1075 1805 1116; x_wconf 61' lang='lat' dir='ltr'>quii</span> 
     </span>
     <span class='ocr_line' id='line_1_52' title="bbox 1075 1125 1807 1168; baseline -0.003 -11"><span class='ocrx_word' id='word_1_306' title='bbox 1075 1137 1160 1157; x_wconf 90' lang='lat' dir='ltr'>nunc</span> <span class='ocrx_word' id='word_1_307' title='bbox 1174 1127 1290 1168; x_wconf 78' lang='lat' dir='ltr'>agitur,</span> <span class='ocrx_word' id='word_1_308' title='bbox 1303 1125 1521 1166; x_wconf 79' lang='lat' dir='ltr'>exemplorum</span> <span class='ocrx_word' id='word_1_309' title='bbox 1533 1125 1562 1156; x_wconf 88' lang='lat' dir='ltr'>vi</span> <span class='ocrx_word' id='word_1_310' title='bbox 1573 1125 1707 1156; x_wconf 82' lang='lat' dir='ltr'>suaviter</span> <span class='ocrx_word' id='word_1_311' title='bbox 1717 1126 1807 1158; x_wconf 85' lang='lat' dir='ltr'>illus.</span> 
     </span>
     <span class='ocr_line' id='line_1_53' title="bbox 1075 1184 1176 1208; baseline 0 0"><span class='ocrx_word' id='word_1_312' title='bbox 1075 1184 1176 1208; x_wconf 85' lang='lat' dir='ltr'>trans:</span> 
     </span>
    </p>
   </div>
   <div class='ocr_carea' id='block_1_12' title="bbox 1100 1265 1808 1379">
    <p class='ocr_par' dir='ltr' id='par_1_18' title="bbox 1100 1265 1808 1379">
     <span class='ocr_line' id='line_1_54' title="bbox 1100 1265 1808 1299; baseline 0.006 -8"><span class='ocrx_word' id='word_1_313' title='bbox 1100 1266 1199 1292; x_wconf 82' lang='lat' dir='ltr'>Bacchi</span> <span class='ocrx_word' id='word_1_314' title='bbox 1208 1267 1280 1291; x_wconf 86' lang='lat' dir='ltr'>dona</span> <span class='ocrx_word' id='word_1_315' title='bbox 1288 1266 1396 1296; x_wconf 88' lang='lat' dir='ltr'>volunt,</span> <span class='ocrx_word' id='word_1_316' title='bbox 1403 1265 1560 1298; x_wconf 80' lang='lat' dir='ltr'>epulasque,</span> <span class='ocrx_word' id='word_1_317' title='bbox 1570 1270 1599 1292; x_wconf 90' lang='lat' dir='ltr'>et</span> <span class='ocrx_word' id='word_1_318' title='bbox 1609 1267 1737 1299; x_wconf 78' lang='lat' dir='ltr'>carmina,</span> <span class='ocrx_word' id='word_1_319' title='bbox 1747 1274 1808 1295; x_wconf 77' lang='lat' dir='ltr'>rur·</span> 
     </span>
     <span class='ocr_line' id='line_1_55' title="bbox 1198 1313 1241 1331; baseline 0 0"><span class='ocrx_word' id='word_1_320' title='bbox 1198 1313 1241 1331; x_wconf 81' lang='lat' dir='ltr'>sus</span> 
     </span>
     <span class='ocr_line' id='line_1_56' title="bbox 1106 1324 1410 1379; baseline 0 -8"><span class='ocrx_word' id='word_1_321' title='bbox 1106 1346 1187 1372; x_wconf 65' lang='lat' dir='ltr'>Pieria</span> <span class='ocrx_word' id='word_1_322' title='bbox 1196 1324 1333 1379; x_wconf 65' lang='lat' dir='ltr'>quu’qfacta</span> <span class='ocrx_word' id='word_1_323' title='bbox 1344 1346 1410 1378; x_wconf 77' lang='lat' dir='ltr'>Iyrci.</span> 
     </span>
    </p>
   </div>
   <div class='ocr_carea' id='block_1_13' title="bbox 1075 1426 1808 1869">
    <p class='ocr_par' dir='ltr' id='par_1_19' title="bbox 1075 1426 1807 1672">
     <span class='ocr_line' id='line_1_57' title="bbox 1082 1426 1806 1462; baseline 0.01 -7"><span class='ocrx_word' id='word_1_324' title='bbox 1082 1427 1204 1458; x_wconf 92' lang='lat' dir='ltr'>Locum</span> <span class='ocrx_word' id='word_1_325' title='bbox 1230 1426 1385 1457; x_wconf 88' lang='lat' dir='ltr'>Heinsius</span> <span class='ocrx_word' id='word_1_326' title='bbox 1413 1427 1561 1458; x_wconf 80' lang='lat' dir='ltr'>audacter</span> <span class='ocrx_word' id='word_1_327' title='bbox 1585 1433 1618 1458; x_wconf 86' lang='lat' dir='ltr'>et</span> <span class='ocrx_word' id='word_1_328' title='bbox 1638 1429 1806 1462; x_wconf 83' lang='lat' dir='ltr'>infeliciter</span> 
     </span>
     <span class='ocr_line' id='line_1_58' title="bbox 1075 1476 1806 1514; baseline 0.011 -8"><span class='ocrx_word' id='word_1_329' title='bbox 1075 1477 1247 1507; x_wconf 82' lang='lat' dir='ltr'>solicitavit.</span> <span class='ocrx_word' id='word_1_330' title='bbox 1293 1476 1434 1507; x_wconf 84' lang='lat' dir='ltr'>Multam</span> <span class='ocrx_word' id='word_1_331' title='bbox 1452 1477 1623 1509; x_wconf 75' lang='lat' dir='ltr'>efficaciam</span> <span class='ocrx_word' id='word_1_332' title='bbox 1644 1493 1678 1512; x_wconf 67' lang='grc' dir='ltr'>το</span> <span class='ocrx_word' id='word_1_333' title='bbox 1699 1492 1806 1514; x_wconf 69' lang='lat' dir='ltr'>rursus</span> 
     </span>
     <span class='ocr_line' id='line_1_59' title="bbox 1076 1527 1806 1574; baseline 0.008 -15"><span class='ocrx_word' id='word_1_334' title='bbox 1076 1529 1184 1566; x_wconf 87' lang='lat' dir='ltr'>habet;</span> <span class='ocrx_word' id='word_1_335' title='bbox 1199 1527 1283 1569; x_wconf 91' lang='lat' dir='ltr'>quod</span> <span class='ocrx_word' id='word_1_336' title='bbox 1291 1528 1369 1558; x_wconf 86' lang='lat' dir='ltr'>vidit</span> <span class='ocrx_word' id='word_1_337' title='bbox 1377 1528 1477 1559; x_wconf 79' lang='lat' dir='ltr'>editor</span> <span class='ocrx_word' id='word_1_338' title='bbox 1485 1528 1696 1562; x_wconf 59' lang='lat' dir='ltr'>doctissimus:</span> <span class='ocrx_word' id='word_1_339' title='bbox 1713 1538 1806 1574; x_wconf 84' lang='lat' dir='ltr'>atque</span> 
     </span>
     <span class='ocr_line' id='line_1_60' title="bbox 1076 1580 1807 1621; baseline 0.011 -11"><span class='ocrx_word' id='word_1_340' title='bbox 1076 1580 1117 1611; x_wconf 86' lang='lat' dir='ltr'>ad</span> <span class='ocrx_word' id='word_1_341' title='bbox 1131 1589 1389 1621; x_wconf 84' lang='lat' dir='ltr'>unamquamque</span> <span class='ocrx_word' id='word_1_342' title='bbox 1411 1580 1585 1612; x_wconf 81' lang='lat' dir='ltr'>clausulam</span> <span class='ocrx_word' id='word_1_343' title='bbox 1605 1582 1807 1618; x_wconf 79' lang='lat' dir='ltr'>referendum</span> 
     </span>
     <span class='ocr_line' id='line_1_61' title="bbox 1076 1630 1424 1672; baseline -0.003 -10"><span class='ocrx_word' id='word_1_344' title='bbox 1076 1637 1139 1668; x_wconf 86' lang='lat' dir='ltr'>est;</span> <span class='ocrx_word' id='word_1_345' title='bbox 1161 1631 1247 1672; x_wconf 90' lang='lat' dir='ltr'>quod</span> <span class='ocrx_word' id='word_1_346' title='bbox 1261 1641 1325 1661; x_wconf 92' lang='lat' dir='ltr'>non</span> <span class='ocrx_word' id='word_1_347' title='bbox 1340 1630 1424 1662; x_wconf 83' lang='lat' dir='ltr'>vidit.</span> 
     </span>
    </p>

    <p class='ocr_par' dir='ltr' id='par_1_20' title="bbox 1078 1682 1808 1869">
     <span class='ocr_line' id='line_1_62' title="bbox 1079 1682 1805 1724; baseline 0.01 -11"><span class='ocrx_word' id='word_1_348' title='bbox 1079 1682 1168 1713; x_wconf 89' lang='lat' dir='ltr'>Hinc</span> <span class='ocrx_word' id='word_1_349' title='bbox 1182 1687 1300 1719; x_wconf 88' lang='lat' dir='ltr'>autem,</span> <span class='ocrx_word' id='word_1_350' title='bbox 1331 1682 1489 1714; x_wconf 88' lang='lat' dir='ltr'>codicibus</span> <span class='ocrx_word' id='word_1_351' title='bbox 1510 1685 1687 1724; x_wconf 84' lang='lat' dir='ltr'>obsecutus,</span> <span class='ocrx_word' id='word_1_352' title='bbox 1710 1687 1805 1720; x_wconf 82' lang='lat' dir='ltr'>nitori</span> 
     </span>
     <span class='ocr_line' id='line_1_63' title="bbox 1078 1733 1806 1777; baseline 0.007 -14"><span class='ocrx_word' id='word_1_353' title='bbox 1078 1743 1137 1763; x_wconf 93' lang='lat' dir='ltr'>suo</span> <span class='ocrx_word' id='word_1_354' title='bbox 1151 1733 1382 1774; x_wconf 82' lang='lat' dir='ltr'>perelegantem</span> <span class='ocrx_word' id='word_1_355' title='bbox 1399 1733 1506 1766; x_wconf 83' lang='lat' dir='ltr'>ovidii</span> <span class='ocrx_word' id='word_1_356' title='bbox 1520 1735 1638 1777; x_wconf 79' lang='lat' dir='ltr'>locum,</span> <span class='ocrx_word' id='word_1_357' title='bbox 1653 1738 1737 1770; x_wconf 84' lang='lat' dir='ltr'>male</span> <span class='ocrx_word' id='word_1_358' title='bbox 1750 1739 1806 1771; x_wconf 80' lang='lat' dir='ltr'>ad.</span> 
     </span>
     <span class='ocr_line' id='line_1_64' title="bbox 1079 1785 1808 1834; baseline 0.011 -19"><span class='ocrx_word' id='word_1_359' title='bbox 1079 1785 1292 1816; x_wconf 77' lang='lat' dir='ltr'>ministratum</span> <span class='ocrx_word' id='word_1_360' title='bbox 1307 1785 1485 1824; x_wconf 86' lang='lat' dir='ltr'>editoribus,</span> <span class='ocrx_word' id='word_1_361' title='bbox 1496 1788 1667 1821; x_wconf 68' lang='lat' dir='ltr'>restituam.</span> <span class='ocrx_word' id='word_1_362' title='bbox 1711 1790 1808 1834; x_wconf 79' lang='lat' dir='ltr'>Legi-</span> 
     </span>
     <span class='ocr_line' id='line_1_65' title="bbox 1081 1836 1404 1869; baseline 0.009 -3"><span class='ocrx_word' id='word_1_363' title='bbox 1081 1843 1134 1867; x_wconf 85' lang='lat' dir='ltr'>tur</span> <span class='ocrx_word' id='word_1_364' title='bbox 1147 1837 1182 1867; x_wconf 91' lang='lat' dir='ltr'>in</span> <span class='ocrx_word' id='word_1_365' title='bbox 1197 1836 1265 1867; x_wconf 81' lang='lat' dir='ltr'>fast.</span> <span class='ocrx_word' id='word_1_366' title='bbox 1281 1837 1315 1868; x_wconf 88' lang='lat' dir='ltr'>ii.</span> <span class='ocrx_word' id='word_1_367' title='bbox 1333 1841 1404 1869; x_wconf 85' lang='lat'><strong>115.</strong></span> 
     </span>
    </p>
   </div>
   <div class='ocr_carea' id='block_1_14' title="bbox 1077 1919 1809 1997">
    <p class='ocr_par' dir='ltr' id='par_1_21' title="bbox 1077 1919 1809 1997">
     <span class='ocr_line' id='line_1_66' title="bbox 1077 1919 1809 1960; baseline 0.012 -16"><span class='ocrx_word' id='word_1_368' title='bbox 1077 1919 1124 1945; x_wconf 83' lang='lat' dir='ltr'>Ille</span> <span class='ocrx_word' id='word_1_369' title='bbox 1132 1919 1210 1950; x_wconf 77' lang='lat' dir='ltr'>sedet,</span> <span class='ocrx_word' id='word_1_370' title='bbox 1217 1920 1350 1946; x_wconf 82' lang='lat' dir='ltr'>citharam</span> <span class='ocrx_word' id='word_1_371' title='bbox 1358 1922 1487 1954; x_wconf 57' lang='lat' dir='ltr'>quatiens</span> <span class='ocrx_word' id='word_1_372' title='bbox 1499 1923 1671 1957; x_wconf 83' lang='lat' dir='ltr'>pretiumque</span> <span class='ocrx_word' id='word_1_373' title='bbox 1680 1926 1809 1960; x_wconf 79' lang='lat' dir='ltr'>vehendi,</span> 
     </span>
     <span class='ocr_line' id='line_1_67' title="bbox 1109 1960 1740 1997; baseline 0.011 -12"><span class='ocrx_word' id='word_1_374' title='bbox 1109 1960 1220 1991; x_wconf 81' lang='lat' dir='ltr'>Cantat,</span> <span class='ocrx_word' id='word_1_375' title='bbox 1230 1964 1258 1986; x_wconf 90' lang='lat' dir='ltr'>et</span> <span class='ocrx_word' id='word_1_376' title='bbox 1269 1967 1407 1992; x_wconf 83' lang='lat' dir='ltr'>aequoreas</span> <span class='ocrx_word' id='word_1_377' title='bbox 1416 1962 1528 1987; x_wconf 80' lang='lat' dir='ltr'>carmine</span> <span class='ocrx_word' id='word_1_378' title='bbox 1538 1964 1641 1990; x_wconf 89' lang='lat' dir='ltr'>mulcet</span> <span class='ocrx_word' id='word_1_379' title='bbox 1648 1971 1740 1997; x_wconf 79' lang='lat' dir='ltr'>aquas.</span> 
     </span>
    </p>
   </div>
   <div class='ocr_carea' id='block_1_15' title="bbox 1078 2041 1804 2175">
    <p class='ocr_par' dir='ltr' id='par_1_22' title="bbox 1078 2041 1804 2175">
     <span class='ocr_line' id='line_1_68' title="bbox 1081 2041 1803 2084; baseline 0.011 -14"><span class='ocrx_word' id='word_1_380' title='bbox 1081 2041 1240 2071; x_wconf 78' lang='lat' dir='ltr'>Carmine:</span> <span class='ocrx_word' id='word_1_381' title='bbox 1264 2041 1285 2071; x_wconf 93' lang='lat' dir='ltr'>i.</span> <span class='ocrx_word' id='word_1_382' title='bbox 1300 2051 1326 2072; x_wconf 93' lang='lat' dir='ltr'>e.</span> <span class='ocrx_word' id='word_1_383' title='bbox 1349 2047 1415 2072; x_wconf 78' lang='lat' dir='ltr'>tam</span> <span class='ocrx_word' id='word_1_384' title='bbox 1429 2043 1569 2079; x_wconf 78' lang='lat' dir='ltr'>cithara,</span> <span class='ocrx_word' id='word_1_385' title='bbox 1591 2053 1688 2084; x_wconf 82' lang='lat' dir='ltr'>quam</span> <span class='ocrx_word' id='word_1_386' title='bbox 1712 2047 1803 2078; x_wconf 75' lang='lat' dir='ltr'>vocis.</span> 
     </span>
     <span class='ocr_line' id='line_1_69' title="bbox 1080 2091 1804 2134; baseline 0.011 -13"><span class='ocrx_word' id='word_1_387' title='bbox 1080 2091 1169 2122; x_wconf 86' lang='lat' dir='ltr'>Male</span> <span class='ocrx_word' id='word_1_388' title='bbox 1194 2092 1291 2123; x_wconf 87' lang='lat' dir='ltr'>codex</span> <span class='ocrx_word' id='word_1_389' title='bbox 1316 2093 1390 2124; x_wconf 84' lang='lat' dir='ltr'>Vat.</span> <span class='ocrx_word' id='word_1_390' title='bbox 1413 2095 1545 2134; x_wconf 79' lang='lat' dir='ltr'>pectine.</span> <span class='ocrx_word' id='word_1_391' title='bbox 1590 2094 1678 2131; x_wconf 89' lang='lat' dir='ltr'>Quin</span> <span class='ocrx_word' id='word_1_392' title='bbox 1707 2096 1804 2129; x_wconf 67' lang='lat' dir='ltr'>etim</span> 
     </span>
     <span class='ocr_line' id='line_1_70' title="bbox 1078 2144 1346 2175; baseline 0.004 -1"><span class='ocrx_word' id='word_1_393' title='bbox 1078 2153 1119 2174; x_wconf 82' lang='lat' dir='ltr'>vu</span> <span class='ocrx_word' id='word_1_394' title='bbox 1134 2154 1175 2174; x_wconf 83' lang='grc' dir='ltr'>σο</span> <span class='ocrx_word' id='word_1_395' title='bbox 1188 2144 1346 2175; x_wconf 85' lang='lat' dir='ltr'>scribitur:</span> 
     </span>
    </p>
   </div>
   <div class='ocr_carea' id='block_1_16' title="bbox 1171 2219 1621 2253">
    <p class='ocr_par' dir='ltr' id='par_1_23' title="bbox 1171 2219 1621 2253">
     <span class='ocr_line' id='line_1_71' title="bbox 1171 2219 1621 2253; baseline 0.004 -9"><span class='ocrx_word' id='word_1_396' title='bbox 1171 2219 1219 2245; x_wconf 87' lang='lat' dir='ltr'>Ille</span> <span class='ocrx_word' id='word_1_397' title='bbox 1229 2220 1315 2244; x_wconf 80' lang='lat' dir='ltr'>sedens</span> <span class='ocrx_word' id='word_1_398' title='bbox 1325 2220 1504 2253; x_wconf 81' lang='lat' dir='ltr'>citharamque</span> <span class='ocrx_word' id='word_1_399' title='bbox 1514 2224 1621 2246; x_wconf 76' lang='lat' dir='ltr'>tenet-.</span> 
     </span>
    </p>
   </div>
   <div class='ocr_carea' id='block_1_17' title="bbox 1079 2287 1801 2330">
    <p class='ocr_par' dir='ltr' id='par_1_24' title="bbox 1079 2287 1801 2330">
     <span class='ocr_line' id='line_1_72' title="bbox 1079 2287 1801 2330; baseline 0.01 -13"><span class='ocrx_word' id='word_1_400' title='bbox 1079 2287 1159 2324; x_wconf 87' lang='lat' dir='ltr'>Quae</span> <span class='ocrx_word' id='word_1_401' title='bbox 1173 2287 1294 2327; x_wconf 83' lang='lat' dir='ltr'>plebeia</span> <span class='ocrx_word' id='word_1_402' title='bbox 1309 2295 1389 2325; x_wconf 83' lang='lat' dir='ltr'>sunt,</span> <span class='ocrx_word' id='word_1_403' title='bbox 1405 2295 1437 2320; x_wconf 90' lang='lat' dir='ltr'>et</span> <span class='ocrx_word' id='word_1_404' title='bbox 1447 2288 1535 2320; x_wconf 87' lang='lat' dir='ltr'>nullo</span> <span class='ocrx_word' id='word_1_405' title='bbox 1545 2295 1636 2330; x_wconf 79' lang='lat' dir='ltr'>pacto</span> <span class='ocrx_word' id='word_1_406' title='bbox 1644 2300 1719 2322; x_wconf 86' lang='lat' dir='ltr'>cum</span> <span class='ocrx_word' id='word_1_407' title='bbox 1729 2301 1801 2324; x_wconf 77' lang='lat' dir='ltr'>nos-</span> 
     </span>
    </p>
   </div>
   <div class='ocr_carea' id='block_1_18' title="bbox 1075 2339 1804 2481">
    <p class='ocr_par' dir='ltr' id='par_1_25' title="bbox 1075 2339 1804 2481">
     <span class='ocr_line' id='line_1_73' title="bbox 1075 2339 1803 2384; baseline 0.008 -14"><span class='ocrx_word' id='word_1_408' title='bbox 1075 2339 1131 2370; x_wconf 88' lang='lat' dir='ltr'>tris</span> <span class='ocrx_word' id='word_1_409' title='bbox 1144 2339 1366 2380; x_wconf 85' lang='lat' dir='ltr'>comparanda,</span> <span class='ocrx_word' id='word_1_410' title='bbox 1387 2348 1515 2382; x_wconf 70' lang='grc' dir='ltr'>χιλκεαι</span> <span class='ocrx_word' id='word_1_411' title='bbox 1530 2354 1665 2384; x_wconf 67' lang='grc' dir='ltr'>χρυσειυυ</span> <span class='ocrx_word' id='word_1_412' title='bbox 1678 2343 1803 2376; x_wconf 73' lang='lat' dir='ltr'>scilieet.</span> 
     </span>
     <span class='ocr_line' id='line_1_74' title="bbox 1082 2391 1804 2435; baseline 0.011 -15"><span class='ocrx_word' id='word_1_413' title='bbox 1082 2391 1230 2425; x_wconf 78' lang='lat' dir='ltr'>Quotiens</span> <span class='ocrx_word' id='word_1_414' title='bbox 1245 2391 1410 2431; x_wconf 88' lang='lat' dir='ltr'>nimirum,</span> <span class='ocrx_word' id='word_1_415' title='bbox 1431 2405 1527 2435; x_wconf 65' lang='lat' dir='ltr'>xpum,</span> <span class='ocrx_word' id='word_1_416' title='bbox 1544 2406 1688 2426; x_wconf 63' lang='lat' dir='ltr'>wacenr-</span> <span class='ocrx_word' id='word_1_417' title='bbox 1735 2394 1804 2427; x_wconf 65' lang='lat' dir='ltr'>Sta-</span> 
     </span>
     <span class='ocr_line' id='line_1_75' title="bbox 1077 2441 1416 2481; baseline 0.006 -9"><span class='ocrx_word' id='word_1_418' title='bbox 1077 2441 1151 2481; x_wconf 84' lang='lat' dir='ltr'>tius,</span> <span class='ocrx_word' id='word_1_419' title='bbox 1167 2442 1282 2474; x_wconf 87' lang='lat' dir='ltr'>Achill.</span> <span class='ocrx_word' id='word_1_420' title='bbox 1297 2442 1329 2474; x_wconf 87' lang='lat' dir='ltr'>ii.</span> <span class='ocrx_word' id='word_1_421' title='bbox 1345 2447 1416 2474; x_wconf 82' lang='lat'><strong>442.</strong></span> 
     </span>
    </p>
   </div>
   <div class='ocr_carea' id='block_1_19' title="bbox 1518 2531 1772 2562">
    <p class='ocr_par' dir='ltr' id='par_1_26' title="bbox 1518 2531 1772 2562">
     <span class='ocr_line' id='line_1_76' title="bbox 1518 2531 1772 2562; baseline 0.008 -7"><span class='ocrx_word' id='word_1_422' title='bbox 1518 2536 1568 2556; x_wconf 88' lang='lat' dir='ltr'>nec</span> <span class='ocrx_word' id='word_1_423' title='bbox 1579 2531 1666 2562; x_wconf 84' lang='lat' dir='ltr'>major</span> <span class='ocrx_word' id='word_1_424' title='bbox 1676 2531 1705 2556; x_wconf 84' lang='lat' dir='ltr'>in</span> <span class='ocrx_word' id='word_1_425' title='bbox 1715 2531 1772 2557; x_wconf 74' lang='lat' dir='ltr'>istis</span> 
     </span>
    </p>
   </div>
   <div class='ocr_carea' id='block_1_20' title="bbox 1108 2567 1753 2640">
    <p class='ocr_par' dir='ltr' id='par_1_27' title="bbox 1108 2567 1753 2640">
     <span class='ocr_line' id='line_1_77' title="bbox 1109 2567 1753 2603; baseline 0.009 -12"><span class='ocrx_word' id='word_1_426' title='bbox 1109 2567 1204 2596; x_wconf 89' lang='lat' dir='ltr'>Sudor,</span> <span class='ocrx_word' id='word_1_427' title='bbox 1217 2568 1358 2600; x_wconf 83' lang='lat' dir='ltr'>Apollineo</span> <span class='ocrx_word' id='word_1_428' title='bbox 1370 2575 1451 2600; x_wconf 86' lang='lat' dir='ltr'>quam</span> <span class='ocrx_word' id='word_1_429' title='bbox 1461 2569 1506 2594; x_wconf 83' lang='lat' dir='ltr'>fila</span> <span class='ocrx_word' id='word_1_430' title='bbox 1516 2571 1639 2596; x_wconf 81' lang='lat' dir='ltr'>sonantia</span> <span class='ocrx_word' id='word_1_431' title='bbox 1649 2571 1753 2603; x_wconf 83' lang='lat' dir='ltr'>plectro</span> 
     </span>
     <span class='ocr_line' id='line_1_78' title="bbox 1108 2607 1717 2640; baseline 0.01 -9"><span class='ocrx_word' id='word_1_432' title='bbox 1108 2607 1180 2632; x_wconf 88' lang='lat' dir='ltr'>Cum</span> <span class='ocrx_word' id='word_1_433' title='bbox 1189 2611 1357 2640; x_wconf 81' lang='lat' dir='ltr'>quaterem—.</span> <span class='ocrx_word' id='word_1_434' title='bbox 1714 2613 1717 2615; x_wconf 72' lang='grc'><strong>’</strong></span> 
     </span>
    </p>
   </div>
   <div class='ocr_carea' id='block_1_21' title="bbox 1077 2686 1799 2730">
    <p class='ocr_par' dir='ltr' id='par_1_28' title="bbox 1077 2686 1799 2730">
     <span class='ocr_line' id='line_1_79' title="bbox 1077 2686 1799 2730; baseline 0.001 -12"><span class='ocrx_word' id='word_1_435' title='bbox 1077 2686 1172 2718; x_wconf 89' lang='lat' dir='ltr'>Idem</span> <span class='ocrx_word' id='word_1_436' title='bbox 1186 2689 1440 2730; x_wconf 80' lang='lat' dir='ltr'>castigatissimus</span> <span class='ocrx_word' id='word_1_437' title='bbox 1453 2689 1556 2730; x_wconf 81' lang='lat' dir='ltr'>po&#39;e‘ta,</span> <span class='ocrx_word' id='word_1_438' title='bbox 1564 2689 1629 2720; x_wconf 89' lang='lat' dir='ltr'>silv.</span> <span class='ocrx_word' id='word_1_439' title='bbox 1640 2688 1671 2719; x_wconf 86' lang='lat' dir='ltr'>ii.</span> <span class='ocrx_word' id='word_1_440' title='bbox 1683 2692 1712 2720; x_wconf 83' lang='lat'><strong>2.</strong></span> <span class='ocrx_word' id='word_1_441' title='bbox 1727 2691 1799 2720; x_wconf 84' lang='lat'><strong>114.</strong></span> 
     </span>
    </p>
   </div>
   <div class='ocr_carea' id='block_1_22' title="bbox 1096 2771 1802 2835">
    <p class='ocr_par' dir='ltr' id='par_1_29' title="bbox 1096 2771 1802 2835">
     <span class='ocr_line' id='line_1_80' title="bbox 1101 2771 1802 2804; baseline 0.004 -9"><span class='ocrx_word' id='word_1_442' title='bbox 1101 2771 1151 2796; x_wconf 87' lang='lat' dir='ltr'>Seu</span> <span class='ocrx_word' id='word_1_443' title='bbox 1165 2774 1284 2796; x_wconf 82' lang='lat' dir='ltr'>nostram</span> <span class='ocrx_word' id='word_1_444' title='bbox 1293 2772 1376 2804; x_wconf 71' lang='lat' dir='ltr'>quatit</span> <span class='ocrx_word' id='word_1_445' title='bbox 1386 2772 1430 2798; x_wconf 87' lang='lat' dir='ltr'>ille</span> <span class='ocrx_word' id='word_1_446' title='bbox 1439 2772 1533 2804; x_wconf 78' lang='lat' dir='ltr'>chelyn,</span> <span class='ocrx_word' id='word_1_447' title='bbox 1544 2778 1590 2798; x_wconf 81' lang='lat' dir='ltr'>seu</span> <span class='ocrx_word' id='word_1_448' title='bbox 1600 2771 1704 2797; x_wconf 76' lang='lat' dir='ltr'>dissona</span> <span class='ocrx_word' id='word_1_449' title='bbox 1712 2772 1802 2798; x_wconf 85' lang='lat' dir='ltr'>nectit</span> 
     </span>
     <span class='ocr_line' id='line_1_81' title="bbox 1096 2810 1262 2835; baseline 0 -1"><span class='ocrx_word' id='word_1_450' title='bbox 1096 2810 1262 2835; x_wconf 87' lang='lat' dir='ltr'>Carmina—.</span> 
     </span>
    </p>
   </div>
   <div class='ocr_carea' id='block_1_23' title="bbox 1080 2892 1801 2934">
    <p class='ocr_par' dir='ltr' id='par_1_30' title="bbox 1080 2892 1801 2934">
     <span class='ocr_line' id='line_1_82' title="bbox 1080 2892 1801 2934; baseline 0 -10"><span class='ocrx_word' id='word_1_451' title='bbox 1080 2892 1203 2924; x_wconf 87' lang='lat' dir='ltr'>Locum</span> <span class='ocrx_word' id='word_1_452' title='bbox 1220 2892 1353 2924; x_wconf 86' lang='lat' dir='ltr'>Achillis</span> <span class='ocrx_word' id='word_1_453' title='bbox 1367 2893 1461 2930; x_wconf 84' lang='lat' dir='ltr'>Tatii,</span> <span class='ocrx_word' id='word_1_454' title='bbox 1471 2893 1490 2924; x_wconf 89' lang='lat' dir='ltr'>i.</span> <span class='ocrx_word' id='word_1_455' title='bbox 1503 2895 1531 2925; x_wconf 88' lang='lat'>5.</span> <span class='ocrx_word' id='word_1_456' title='bbox 1547 2893 1735 2934; x_wconf 86' lang='lat' dir='ltr'>appositum,</span> <span class='ocrx_word' id='word_1_457' title='bbox 1746 2902 1801 2924; x_wconf 87' lang='lat' dir='ltr'>cu-</span> 
     </span>
    </p>
   </div>
  </div>
 </body>
</html>
