1912 3292
348 253 446 295 354

831 245 893 295 T.
942 245 1324 296 LUCRETII

371 382 456 420 955
487 377 627 428 Quem
646 384 774 429 satur,
804 387 876 420 aut
894 379 1036 430 lassus,
1066 379 1224 435 capias;
1255 378 1353 435 quia
1369 378 1547 434 plurima
1566 386 1654 421 tum
1675 393 1728 422 se-

488 452 680 508 Corpora
698 453 962 504 conturbant,
993 468 1148 511 magno
1168 461 1339 496 contusa
1358 453 1509 495 labore.

485 526 556 569 Fit
574 527 734 569 ratione
753 527 897 570 eadem
917 529 1126 584 conjectus
1145 538 1263 584 parte
1282 529 1439 570 animai

483 601 637 653 Altior,
669 611 791 658 atque
810 602 917 644 foras
938 603 1086 658 ejectus
1106 603 1260 659 largior
1280 603 1385 658 ejus3

489 675 547 717 Et
566 675 734 717 divisior
753 677 861 717 inter
880 691 937 726 se,
969 691 1018 717 ac
1037 676 1284 727 distractior,
1314 676 1436 718 intus.

342 841 433 863 mum
447 839 547 871 quum
562 831 603 861 sit
612 830 818 861 sanctissimae
832 831 980 863 amicitiae
1000 833 1072 875 θρη-

342 884 433 926 νῳδια,
456 883 565 914 lectori
582 883 815 925 gratificabitur.

401 966 513 993 Ablatus
524 965 594 990 mihi
604 965 713 998 Crispus
723 968 774 997 est,
786 966 883 991 amici!

401 1010 452 1033 Pro
463 1015 528 1039 quo,
537 1009 558 1032 si
569 1009 687 1040 pretium
699 1009 757 1033 dari
768 1009 870 1039 liceret,

402 1049 512 1072 Nostros
522 1047 671 1072 dividerem
683 1047 797 1073 libenter
807 1054 902 1073 annos.

401 1087 480 1111 Nunc
491 1093 550 1119 pars
561 1087 666 1119 optima
677 1094 723 1111 me
733 1087 788 1112 mei
800 1087 924 1118 reliquit:

399 1127 518 1158 crispus,
529 1126 685 1158 praesidium
697 1133 803 1157 meum,
814 1127 950 1158 voluptas,

398 1169 493 1197 Decus,
504 1167 608 1192 deliciae
619 1173 626 1191 ε
643 1166 710 1191 nihil
720 1167 776 1191 sine
787 1167 833 1191 illo

399 1207 513 1231 Laetum
525 1213 602 1231 mens
613 1213 675 1231 mea
688 1207 744 1237 jam
757 1206 864 1238 putabit
874 1212 945 1231 esse:

400 1245 542 1270 contunsus
553 1245 635 1275 male,
646 1245 803 1276 debilisque,
819 1245 920 1269 vivam.

402 1287 464 1313 Plus
475 1294 558 1319 quam
569 1288 712 1313 dimidium
724 1287 779 1313 mei
789 1286 912 1312 recessit!

337 1365 381 1397 In
395 1375 485 1396 versu
508 1370 607 1403 sexto,
635 1365 780 1395 scribitur
803 1365 909 1405 vulgo,
938 1366 1050 1395 Pectus
1056 1378 1068 1400 ‚-

337 1427 378 1448 cx
392 1416 633 1456 interpolatione
648 1416 777 1446 fortasse
792 1416 958 1456 cujusdam
967 1415 1070 1447 tenui-

335 1474 385 1499 ter
393 1468 488 1507 docfi,
498 1473 601 1498 metro
616 1468 777 1498 tibicinem
789 1477 965 1506 supponere
976 1477 1070 1507 pravo

334 1519 441 1550 studio
456 1519 641 1550 festinantis.
686 1519 753 1549 Pro
771 1525 936 1550 contunsus
951 1523 1069 1556 autem,

332 1570 418 1610 libri,
449 1578 621 1604 consumtus
627 1587 638 1608 ;
671 1571 867 1611 transpositis
895 1571 1002 1607 literis,
1033 1580 1069 1601 ac

333 1622 443 1654 leviter
462 1623 600 1654 mutatis.
646 1623 698 1652 De
721 1633 795 1652 voce
809 1625 975 1661 contundo,
998 1622 1069 1652 vide

337 1675 492 1711 Cortium,
509 1676 549 1706 ad
566 1674 693 1706 Sallust.
706 1675 729 1705 J
733 1684 784 1714 ug.
800 1678 850 1704 45.
874 1674 927 1704 fin.

375 1735 452 1765 Ver.
482 1737 554 1766 957.
593 1735 762 1775 conjectus:
802 1733 822 1763 i.
854 1743 882 1763 e.
914 1732 1068 1770 collectio,

334 1785 443 1817 anima
457 1796 490 1816 se
505 1785 704 1826 conjiciente,
728 1790 759 1815 et
775 1783 991 1815 abstrudente:
1018 1783 1069 1814 adi

332 1837 415 1868 dicta
430 1837 464 1867 in
483 1837 514 1868 ii.
533 1840 606 1868 960.

376 1888 460 1919 Ibid.
478 1894 587 1929 parte:
613 1887 632 1918 i.
649 1898 677 1918 e.
702 1898 740 1917 ex
768 1892 871 1926 parte:
900 1897 975 1917 nam
996 1897 1066 1926 par-

332 1939 393 1970 tim
407 1940 523 1971 anima:
538 1949 571 1970 se
592 1939 742 1969 membris
767 1938 892 1969 intimis
916 1938 1066 1977 recondit,

332 1991 452 2032 partim
474 1990 558 2021 foras
584 1990 715 2030 ejicitur.
763 1990 849 2025 Pius,
881 2000 938 2029 pro
961 1996 1065 2030 parte,

332 2041 432 2073 edidit
454 2052 546 2082 porro
553 2057 564 2077 ;
594 2051 691 2081 quem
713 2046 820 2071 secuta
841 2046 887 2070 est
909 2040 1066 2070 editorum

332 2094 432 2124 turba.
479 2092 579 2123 Nobis
594 2098 701 2122 autem
723 2102 761 2122 ea
775 2091 868 2121 lectio
882 2091 1065 2122 hodiernam

330 2144 556 2177 correctionem
585 2144 703 2183 resipit,
742 2154 843 2184 neque
871 2142 1066 2174 admittenda

330 2197 464 2233 videtur,
493 2201 602 2227 contra
624 2196 778 2227 librorum
801 2205 875 2226 sane
905 2195 1065 2226 universo-

330 2261 404 2282 rum
419 2251 643 2282 testimonium.
689 2252 781 2290 Mox,
803 2258 844 2283 Π.
856 2251 992 2293 formas,
1008 2261 1065 2291 pro

322 2303 423 2345 ,ἴξιν-ας.

371 2364 447 2395 Ver.
459 2367 532 2396 959.
548 2364 692 2394 divisior:
720 2361 757 2393 P.
772 2364 920 2399 divosior‚·
943 2363 1061 2402 inepte:

329 2415 483 2447 distractis
499 2424 613 2454 nempe
627 2413 846 2453 composituris
861 2413 957 2444 literae
976 2417 1010 2453 d,
1033 2419 1064 2444 et

329 2469 344 2498 a·
357 2477 434 2498 cum
455 2478 470 2498 ο
487 2465 691 2497 mutata—se
706 2466 792 2496 abest
810 2466 849 2495 V.
866 2465 912 2495 ed.

371 2518 453 2550 Ibid.
482 2520 527 2550 Et
548 2520 676 2550 divisior
700 2528 738 2549 ac
753 2519 941 2548 distractior.
987 2516 1063 2547 Tria

327 2570 482 2601 nimirum
504 2570 714 2601 affirmantur:
744 2573 770 2600 1.
795 2569 925 2600 Partem
947 2568 1062 2598 animae

326 2624 410 2654 foras
432 2623 517 2665 ejici;
544 2627 572 2655 2.
597 2624 726 2654 Partem
753 2623 786 2653 in
811 2630 895 2654 artus
923 2622 1062 2663 penitius

325 2681 521 2714 contrusam3
556 2681 587 2706 et
619 2679 650 2706 5.
684 2674 779 2705 Illam
810 2675 910 2714 ipsam
939 2679 1060 2714 partem

326 2727 495 2759 diffusione
532 2728 633 2759 multa
663 2728 774 2769 spargi.
821 2728 874 2758 Ita
907 2726 1058 2768 superius,

328 2787 389 2809 ver.
405 2784 585 2813 942—947.

367 2839 444 2870 Ver.
461 2844 533 2872 960.
553 2842 613 2872 Ει.-
640 2841 688 2871 M.
706 2842 873 2882 Ac.—quo:
894 2840 942 2871 M.
957 2841 1055 2880 (μιαί,-

325 2889 469 2932 vulgares
491 2890 653 2931 editiones,
687 2895 770 2934 quoi,
793 2891 879 2925 libris
907 2889 1059 2925 universis

1117 840 1206 871 aliud
1241 839 1453 878 edicentibu53
1484 849 1549 870 non
1578 844 1689 879 praeter
1717 840 1846 871 solitum

1116 891 1293 922 temerariae
1329 897 1362 922 et
1396 890 1766 933 audaces—definimus.-
1803 892 1850 923 ita

1116 942 1343 978 venustissime,
1363 947 1396 972 et
1407 941 1476 972 loco
1491 951 1615 972 summe
1629 948 1850 984 congruenter,

1117 994 1268 1033 scriptum
1284 999 1444 1032 comparet
1465 993 1498 1022 in
1514 993 1552 1024 P.
1567 993 1666 1024 vind.
1681 994 1726 1025 V.
1742 995 1792 1026 ed.
1810 995 1849 1026 Β.

1118 1052 1162 1076 Π.
1188 1050 1222 1077 Σ.
1253 1045 1273 1075 i.
1295 1054 1322 1075 e.
1353 1047 1375 1062 ‘⁶
1390 1045 1512 1084 quoties
1539 1043 1653 1085 aliquis
1687 1047 1850 1086 negotium

1118 1099 1142 1114 “
1157 1095 1331 1135 perfecerit,
1354 1105 1413 1125 nec
1439 1101 1547 1126 tamen
1573 1097 1613 1126 ab
1634 1095 1690 1126 illo
1711 1103 1851 1129 mentem

1118 1150 1141 1165 “
1157 1146 1261 1177 adhuc
1285 1146 1504 1177 abalienavit?
1549 1146 1635 1182 Quid
1658 1146 1793 1187 planius,
1819 1154 1851 1180 et

1117 1197 1310 1238 appositius?
1335 1197 1455 1238 Vulgo,
1481 1199 1654 1234 devinctus,-
1679 1198 1852 1238 quodcum

1116 1252 1252 1281 adlzaeret
1267 1249 1338 1290 quis
1351 1248 1544 1289 probaverit?
1570 1247 1710 1284 Quidam
1732 1249 1854 1282 codices

1116 1300 1179 1337 Pii,
1195 1302 1339 1332 devictus.
1383 1299 1540 1338 Exempla
1552 1304 1660 1331 autem
1673 1309 1850 1341 congerere,

1115 1352 1202 1382 hunc
1218 1361 1346 1382 sensum
1360 1350 1445 1381 verbi
1467 1350 1630 1392 defunctus
1651 1350 1851 1390 illustrantia,

1115 1414 1167 1434 me
1181 1403 1261 1434 nihil
1277 1403 1400 1442 attinet,
1423 1407 1533 1442 utpote
1554 1402 1669 1442 passim
1684 1413 1848 1434 occurren-

1114 1456 1171 1486 tia:
1197 1461 1235 1492 et,
1251 1456 1306 1496 qui
1326 1454 1400 1485 velit
1422 1454 1541 1485 interea
1560 1464 1689 1485 omnem
1704 1456 1788 1486 hunc
1804 1455 1851 1486 lo.

1113 1516 1187 1537 cum
1212 1505 1366 1543 Lucretii,
1398 1504 1468 1535 fuse
1501 1511 1532 1536 et
1554 1504 1713 1546 eleganter
1733 1516 1847 1546 reprae-

1113 1563 1281 1593 somatum,
1312 1557 1428 1597 legere,
1451 1557 1478 1586 is
1493 1567 1526 1586 se
1541 1557 1669 1596 recipiat
1691 1557 1731 1588 ad
1745 1568 1850 1589 versus

1113 1610 1335 1648 Petronianos,
1358 1610 1391 1640 in
1414 1616 1505 1650 satyr.
1526 1620 1591 1650 cap.
1617 1610 1673 1642 civ.
1696 1617 1729 1642 et
1751 1611 1847 1642 Clau-

1113 1662 1199 1692 diani
1215 1662 1335 1701 praefat.
1352 1661 1386 1691 in
1401 1668 1476 1694 sext.
1492 1672 1575 1694 cons.
1592 1663 1741 1694 Honorii.

1156 1721 1229 1751 Ver.
1257 1724 1330 1752 961.
1363 1723 1492 1752 multum
1515 1729 1587 1753 ante
1608 1725 1752 1760 mov-atet]
1787 1733 1844 1754 nec

1113 1772 1252 1815 defuncti
1266 1779 1388 1811 tamen3
1412 1773 1529 1804 scilicet
1550 1779 1588 1804 ut
1608 1784 1627 1805 a
1642 1773 1845 1814 praecedenti-

1112 1826 1172 1856 bus
1186 1826 1253 1856 haec
1270 1825 1329 1856 rite
1344 1824 1588 1867 distinguantur.

1155 1885 1232 1915 Ver.
1246 1888 1318 1916 962.
1342 1886 1376 1915 ἱη
1398 1883 1444 1915 σᾶ.
1491 1884 1542 1915 Sic
1570 1890 1758 1916 structuram
1781 1895 1844 1916 ser·

1111 1937 1216 1967 monis
1231 1936 1348 1976 passim
1363 1942 1467 1967 noster
1483 1937 1561 1967 solet
1575 1937 1704 1976 variare,
1727 1943 1758 1968 et
1772 1937 1845 1968 arti-

1110 1990 1181 2020 ficio
1195 1990 1376 2020 suavissimo
1390 1990 1526 2021 condire.
1562 1990 1678 2021 Nonne
1687 1996 1733 2021 est
1747 1991 1845 2030 igitur

1109 2041 1239 2072 audacia
1254 2041 1410 2072 editorum
1432 2042 1506 2072 odio
1528 2042 1671 2072 maximo
1687 2042 1844 2081 habenda,

1108 2102 1179 2132 quae
1194 2092 1366 2131 reposuerit
1389 2095 1422 2123 in
1446 2091 1523 2132 qud;
1550 2091 1610 2123 fide
1632 2093 1777 2123 omnium
1791 2103 1845 2123 ve—

1109 2149 1213 2173 terum
1250 2143 1477 2183 exemplarium
1514 2143 1646 2183 pedibus
1681 2142 1841 2184 subjectu?

1110 2194 1177 2225 Hic
1192 2200 1301 2224 autem
1322 2204 1428 2224 versus
1451 2204 1524 2225 cum
1539 2194 1732 2234 praecedente
1752 2194 1842 2224 artis-

1108 2246 1188 2277 sime
1224 2245 1406 2277 devincitur.
1454 2249 1475 2265 “
1493 2246 1534 2276 In
1569 2246 1632 2288 quii
1663 2256 1697 2277 re
1726 2256 1840 2286 nempe

1108 2301 1132 2317 ‘⁴
1148 2298 1287 2328 multum
1302 2298 1414 2328 morati
1437 2308 1558 2337 sumus,
1581 2304 1614 2329 et
1635 2308 1709 2329 cum
1726 2297 1842 2340 magna

1109 2353 1132 2369 “
1149 2351 1249 2381 animi
1263 2350 1496 2381 contentione.’'

1152 2413 1234 2444 Ibid.
1257 2419 1396 2444 contenta
1424 2424 1525 2444 mens:
1564 2413 1585 2443 i.
1611 2423 1636 2444 e.
1659 2423 1689 2444 se
1717 2418 1839 2444 conten-

1106 2468 1191 2501 dens,
1229 2465 1277 2495 vel
1310 2465 1397 2495 omni
1430 2465 1459 2494 vi
1490 2464 1627 2495 connisa.
1673 2464 1838 2502 Nazarius,

1106 2527 1217 2557 paneg.
1238 2516 1398 2547 Constant.
1418 2516 1502 2557 Aug.
1518 2521 1590 2547 sect.
1606 2515 1768 2546 xxvii.—“
1783 2525 1838 2545 ne-

1107 2571 1130 2586 “
1146 2579 1207 2609 que
1229 2577 1372 2598 revocare
1401 2566 1475 2597 inde
1503 2567 1678 2598 orationem
1707 2566 1756 2596 fas
1784 2570 1837 2601 est,

1107 2624 1130 2639 “
1146 2630 1209 2661 quo
1229 2621 1298 2661 jam
1320 2619 1443 2650 dudum
1458 2625 1595 2650 contenta
1613 2615 1834 2649 veniebam—'¹

1105 2681 1198 2712 quem
1222 2671 1329 2702 locum
1351 2670 1506 2711 Jassgerus
1521 2670 1638 2710 optime
1659 2669 1758 2699 tuitus
1780 2672 1840 2705 est,

1103 2729 1196 2764 atque
1211 2723 1340 2759 erudite,
1356 2728 1465 2753 contra
1479 2721 1714 2752 inscitissimum
1729 2729 1837 2750 emen-

1103 2775 1252 2806 datorem.
1297 2773 1382 2804 Vide
1414 2784 1466 2804 me
1498 2773 1530 2802 in
1559 2771 1635 2803 Silv.
1662 2771 1737 2802 Crit.
1761 2775 1836 2801 sect.

1101 2828 1180 2858 cxix.
1203 2832 1234 2857 et
1248 2825 1362 2857 alicubi
1384 2825 1418 2856 in
1436 2825 1484 2855 his
1505 2824 1598 2855 notis.
1645 2822 1696 2854 Sic
1718 2827 1836 2859 noster,

1102 2880 1122 2911 i.
1137 2882 1210 2912 325.
1234 2882 1256 2899 ‘⁶
1273 2883 1412 2911 contenta
1433 2877 1515 2910 acies
1525 2875 1729 2909 oculorum;”
1751 2872 1835 2916 quod

1886 3159 1888 3174 l

1893 2575 1906 2670 1³

1891 2671 1903 2853 l

1897 2870 1902 3022 5
