1912 3292
0 376 7 490 J

67 292 87 307 .
462 255 696 306 LIBER
738 248 1092 300 TERTIUS.

175 395 366 446 Quorum
385 389 488 432 nihil
507 388 597 429 fieri
617 386 704 427 sine
722 390 835 425 tactu
854 395 974 437 posse
992 378 1193 426 videmus,

175 470 264 511 Nec
283 473 437 508 tactum
450 477 583 519 porro
603 461 691 502 sine
710 471 902 513 corpore3
935 468 1075 495 nonne
1094 448 1307 493 fatendum
1334 455 1409 497 est,

176 539 386 597 Corpore&
407 536 554 580 natur-31
576 535 761 577 animum
781 538 983 579 constare,
1006 522 1292 580 animamque?

231 616 452 664 Praeterea,
475 611 629 668 pariter
647 608 766 664 fungi
785 620 881 648 cum
894 616 1090 658 corpore,
1113 607 1154 641 et
1173 597 1255 640 unzi

66 695 142 734 170
174 688 420 733 Consentire
438 686 624 728 animum
644 682 763 723 nobis
782 681 827 720 in
847 691 1021 732 corpore
1034 674 1185 716 cernis.

175 766 220 808 Si
239 765 375 805 minus
395 760 581 803 obfendit
600 759 728 799 vitam
747 756 806 797 vis
827 751 998 794 horrida
1016 749 1101 800 teli,

173 839 345 884 Ossibus
365 852 413 879 ac
433 835 568 877 nervis
588 831 785 881 disclusis,
807 830 917 869 intus
936 825 1100 873 adacta;

174 915 235 956 At
253 922 392 956 tamen
412 909 639 965 insequitur
657 907 848 963 languor,
870 910 1074 956 terraeque
1093 897 1243 953 petitus

108 1080 188 1105 Αλλω
197 1085 308 1111 καμμευ
321 1079 431 1108 γλωσσοι
445 1079 513 1106 εοιγε·
531 1077 618 1099 Mereor

107 1128 212 1152 Aua-mal
223 1136 276 1161 χρω
287 1135 331 1159 erup
343 1123 549 1158 ὑποδεδρομοικεν’

106 1177 269 1205 Oetam-effen«
283 1173 335 1198 εδεν
349 1176 430 1207 ορημι·
449 1167 568 1204 filesta-&eud

263 1223 296 1248 Εν
310 1219 334 1247 δ’
350 1230 429 1246 oezoou
442 1229 493 1253 μοι.

32 1284 95 1315 Sed
107 1294 158 1315 res
173 1289 219 1314 est
239 1281 394 1317 incertior,
421 1285 514 1320 atque
529 1277 685 1308 lectorum
704 1275 757 1315 ju-

31 1337 122 1367 diciis
136 1334 383 1375 intelligentium
398 1329 619 1362 submittenda.

75 1387 157 1418 Ibid.
183 1388 322 1417 Sudores.
371 1383 421 1412 Sic
443 1382 477 1412 in
492 1379 605 1419 plurali
627 1386 760 1408 numero

33 1438 241 1475 Claudianus,
265 1435 411 1466 Valerius
432 1433 575 1470 Flaccus,
599 1431 759 1465 Lucanus,

32 1490 155 1531 aliique.

75 1542 150 1572 Ver.
168 1543 238 1572 156.
262 1539 399 1580 infringi
411 1539 572 1577 linguam:
598 1535 642 1565 ita
662 1540 698 1565 ut
712 1536 761 1564 in-

34 1601 131 1635 tegros
146 1603 238 1624 sonos
261 1600 440 1631 expromere
463 1594 608 1629 nequeat,
632 1587 687 1617 sed
703 1592 763 1616 tre·

34 1646 149 1684 mulos,
173 1645 199 1675 si
217 1655 298 1685 quos
311 1643 455 1680 ediderit,
466 1642 665 1682 fractosque:
691 1648 765 1669 con-

36 1698 83 1729 fer
96 1703 250 1735 nostrum,
266 1706 295 1726 v.
314 1699 384 1726 251.
417 1693 559 1729 Livium,
575 1691 700 1721 xxxviii.
718 1693 764 1720 14.

38 1754 66 1782 9.
89 1755 121 1780 et
135 1747 302 1779 Valerium
318 1745 500 1777 Maximum
514 1743 661 1784 denique,
674 1752 705 1773 1v.
720 1745 766 1772 10.

38 1807 98 1832 ext.
119 1804 145 1831 1.

85 1852 166 1883 [bid.
190 1861 346 1890 vocemque
370 1850 501 1880 aboriri:
527 1848 589 1878 i.-e.
612 1846 660 1877 -ita
674 1845 768 1883 affici,

40 1909 77 1935 ut
90 1909 190 1934 ortum
206 1907 412 1942 etegressum
426 1909 520 1930 suum
535 1909 599 1928 non
616 1896 770 1936 expediat,

42 1954 97 1985 sed
126 1954 228 1984 oriens
251 1953 425 1983 intercidat.
473 1949 596 1986 Statius,
623 1948 689 1979 silv.
706 1948 724 1978 i.
743 1951 769 1978 l.

40 2011 89 2040 49.

75 2082 118 2106 Te
129 2079 207 2104 vultu
219 2078 354 2104 moriente
364 2077 449 2106 videt,
466 2074 611 2107 Hngmique
621 2073 724 2099 cadente

70 2122 233 2145 Murmurat.

45 2183 99 2218 De*
116 2185 300 2226 imperfecto
318 2182 490 2214 mulierum
514 2186 606 2221 partu
630 2178 773 2210 adhibuit

44 2248 152 2269 vocem
169 2238 327 2268 aboriatur
343 2234 445 2264 Varro
459 2231 543 2272 apud
564 2231 718 2266 Nonium,
741 2229 772 2260 ii.

48 2295 97 2322 24.
121 2291 247 2325 aboriri,
261 2286 431 2322 Arnobius,
448 2285 501 2316 lib.
515 2284 559 2315 iii.
575 2294 604 2323 p.
619 2285 688 2314 105.
702 2283 773 2312 abu-

42 2345 183 2379 riantm,
207 2339 340 2377 Gellius,
357 2338 410 2368 xii.
430 2341 456 2367 1.
481 2339 503 2355 “
520 2336 663 2372 Aborz'or,
687 2335 774 2373 εξαμ-

49 2396 125 2426 ξλοω
132 2394 166 2425 :’'
190 2392 376 2434 glossarium
392 2395 487 2420 vetus.

93 2445 166 2475 Ver.
184 2447 255 2476 157.
277 2445 392 2474 oculos:
418 2441 461 2471 V.
479 2439 526 2470 ed.
550 2440 650 2474 παίω,-
675 2435 779 2476 elapsa

50 2509 64 2529 s
80 2501 206 2537 propter
227 2499 409 2536 sequentem
431 2492 774 2522 dictionem—sonere.-

49 2547 148 2579 vind.
164 2547 206 2577 V.
220 2546 269 2576 ed.
284 2546 322 2576 B.
349 2545 388 2575 L.
414 2550 455 2575 Π.
479 2548 514 2575 Σ.
537 2552 660 2577 sonare5
686 2540 777 2570 libra-

51 2599 106 2630 riis
122 2597 255 2629 indoctis
280 2596 381 2626 rarius
394 2594 582 2626 vocabulum
605 2591 778 2632 respuenti-

50 2654 118 2684 bus.

96 2703 180 2735 Ibid.
220 2704 361 2742 Caligare
390 2702 501 2738 oculos,
534 2709 636 2730 sonere
669 2698 781 2728 aureis.

57 2756 136 2787 Vult
161 2769 208 2786 τον
223 2755 420 2795 αμέλυωσμον
442 2758 473 2782 et
497 2764 546 2786 τες
564 2763 639 2792 ηχυς
658 2749 782 2788 Hippo-

943 1056 1060 1081 Tenebrae
1076 1053 1247 1081 oboriuntur,
1264 1054 1350 1082 genua
1369 1044 1458 1072 inedia
1475 1043 1533 1069 sub-

953 1096 1051 1122 cidunt.

846 1155 929 1186 Ibid.
955 1163 1066 1186 sonere.
1111 1149 1248 1186 Nonius,
1278 1157 1307 1177 x.
1335 1149 1364 1176 4.
1393 1141 1533 1182 amplam

799 1214 941 1248 segetem
967 1203 1184 1243 exemplorum
1198 1199 1294 1234 dabit,
1322 1197 1348 1227 si
1373 1197 1454 1226 hanc
1469 1194 1532 1224 for-

802 1272 889 1291 mam
904 1257 1046 1289 vocabuli
1061 1255 1280 1287 confirmatam
1294 1251 1382 1288 velis,
1394 1246 1536 1280 Lucretii

803 1323 868 1342 non
883 1312 1052 1341 immemor
1058 1320 1068 1346 ;
1091 1313 1128 1338 ut
1145 1316 1247 1346 neque
1263 1303 1455 1338 Priscianus,
1479 1299 1535 1329 lib.

803 1364 866 1393 viii.
881 1374 910 1402 p.
927 1365 1000 1392 838.

849 1413 930 1445 Ibid.
957 1414 1100 1452 Caligare
1115 1411 1223 1441 oculos.
1268 1407 1365 1438 Hanc
1382 1405 1539 1436 oculorum

805 1467 1034 1506 caligationem,
1051 1473 1090 1494 ex
1104 1463 1206 1493 animi
1220 1461 1354 1500 deliquio
1370 1458 1539 1490 subortam,

805 1525 930 1559 tyrones
944 1514 1150 1546 meminerint
1166 1513 1311 1543 Homero
1325 1514 1542 1549 saepenumero

808 1571 994 1610 descriptam
1009 1578 1083 1599 esse.
1131 1566 1183 1597 Sic
1200 1564 1241 1595 ad
1257 1563 1296 1595 Il.
1314 1569 1345 1593 E.
1361 1565 1435 1592 510.

957 1650 1024 1677 αμφι
1040 1642 1065 1668 δε
1075 1641 1170 1667 ΟΣΣΕ
1181 1644 1285 1668 κελαινῇ
1298 1639 1372 1663 ΝΥΞ
1388 1634 1513 1667 manuale.

812 1711 1014 1743 Medicorum
1030 1709 1112 1739 filios
1126 1707 1204 1749 quid
1218 1706 1329 1737 attinet
1342 1700 1500 1744 allegare?

854 1763 928 1792 Ver.
947 1764 1018 1792 158.
1041 1761 1218 1791 concidere:
1254 1757 1275 1787 i.
1294 1767 1321 1787 e.
1345 1758 1445 1798 αθροως
1469 1764 1543 1784 πιτ-

814 1827 879 1846 ιτειν-
904 1812 1054 1844 membris
1069 1810 1217 1842 omnibus
1232 1807 1297 1839 una
1312 1803 1539 1837 corruentibus:

813 1867 883 1896 vide
898 1866 981 1896 dicta
996 1863 1086 1894 nobis
1102 1872 1209 1901 supra,
1225 1860 1265 1891 ad
1279 1859 1311 1889 ii.
1327 1861 1400 1890 555.

866 1918 941 1946 Ver.
975 1919 1043 1946 160.
1081 1915 1221 1944 animam
1249 1911 1462 1951 conjunctam:
1505 1912 1547 1936 Π.

814 1971 920 2000 anima
944 1965 1281 2008 conjuncta.-—animi.·
1310 1969 1355 1993 Ω.
1373 1959 1549 1991 animai.—

817 2021 869 2050 Ob
887 2019 1014 2058 apicum
1040 2015 1292 2050 similitudinem,
1316 2011 1434 2043 excidit
1448 2008 1547 2040 Vind.

815 2071 855 2101 V.
873 2070 920 2100 ed.
938 2070 974 2100 L.
993 2069 1040 2099 M.
1057 2068 1097 2104 Q.
1117 2069 1165 2102 ‘02⁸5
1193 2066 1233 2097 O.
1251 2070 1286 2096 Δ.
1302 2066 1355 2095 vis.

861 2122 935 2153 Ver.
954 2124 1024 2152 161.
1045 2122 1196 2152 Percussa
1209 2124 1269 2149 est.-
1295 2117 1336 2147 V.
1352 2114 1401 2145 ed.
1418 2117 1550 2146 Percus-

816 2181 882 2210 sat;
908 2174 1024 2204 omisso
1040 2172 1198 2203 elemento
1212 2182 1226 2201 s
1242 2180 1280 2200 ex
1287 2168 1434 2199 ‘breviore
1456 2165 1552 2204 scrip-

819 2225 889 2256 tura
906 2227 1098 2262 Percussase,
1128 2222 1254 2264 qualem
1271 2220 1348 2252 Pius
1373 2218 1451 2249 solet
1464 2217 1553 2248 exhi-

818 2278 1032 2308 bere—exin:
1060 2274 1158 2305 vind.
1178 2280 1220 2304 Π.
1245 2278 1282 2304 Σ.
1309 2273 1417 2307 erlem,-
1443 2269 1483 2299 V.
1503 2267 1552 2298 ed.

820 2332 858 2362 B.
873 2335 975 2365 exem,-
1002 2328 1042 2364 Q.
1057 2330 1141 2358 eoesin
1149 2342 1159 2363 ;
1189 2332 1223 2357 Δ.
1239 2332 1268 2357 et
1283 2327 1316 2357 in
1324 2339 1334 2360 ;
1362 2322 1553 2357 Priscianus,

820 2383 872 2413 lib.
889 2392 918 2412 x.
939 2392 970 2420 p.
986 2383 1059 2411 886.
1088 2381 1218 2415 eaelzz'nc,-
1241 2378 1368 2409 Nonius
1381 2382 1500 2411 autem,
1523 2373 1554 2403 ii.

822 2437 894 2466 424.
917 2433 961 2464 ita
975 2433 1082 2463 locum
1098 2435 1310 2471 repraesentat:

852 2505 912 2528 Esse
931 2503 1051 2528 animam
1071 2509 1136 2527 cum
1160 2501 1251 2526 animo
1267 2499 1459 2531 conjunctam5
1481 2502 1555 2528 quae,

977 2550 1041 2568 cum
1053 2543 1137 2568 ammi
1148 2542 1175 2566 vi

856 2584 974 2609 Perculsa
986 2587 1036 2613 est,
1047 2582 1141 2607 exinde
1152 2581 1276 2614 propellit
1287 2587 1394 2612 corpus„
1405 2583 1433 2604 et
1444 2578 1501 2603 icit.

828 2648 890 2678 Sed
905 2661 938 2679 ero
955 2649 1102 2678 Perculsa
1126 2656 1192 2676 non
1210 2645 1318 2684 probo,
1345 2642 1559 2684 quamvishas

825 2699 977 2730 dictiones
995 2698 1164 2738 saepissime
1186 2695 1373 2727 commutari
1389 2694 1560 2725 viderimus

827 2751 868 2782 ad
883 2751 902 2782 i.
923 2755 969 2782 15.
985 2753 1025 2781 ob
1042 2759 1174 2790 sequens
1189 2751 1252 2779 icil.
1286 2747 1421 2786 Nempe,
1434 2747 1561 2777 animus

53 2808 155 2844 cratis,
185 2806 322 2847 praedict.
347 2806 378 2836 ii.
406 2810 478 2835 sect.
507 2808 534 2835 2.
564 2814 594 2843 p.
623 2805 692 2833 108.
715 2811 785 2841 quae
826 2804 962 2843 percutit
978 2801 1131 2839 animam,
1157 2805 1188 2831 et
1209 2800 1315 2830 anima
1336 2798 1471 2831 vicissim
1493 2809 1563 2828 cor-

58 2860 139 2891 fiunt
151 2860 260 2890 animo
280 2858 443 2899 caligante.

102 2911 182 2942 Ibid.
212 2912 354 2950 Caligare
378 2910 491 2946 oculos,
516 2909 670 2939 subcidere
692 2911 787 2936 artus.

60 2963 92 2994 N
94 2973 135 2993 on
149 2963 238 2994 aliter
257 2962 402 3001 Plautus,
419 2961 511 2992 Cure.
526 2960 557 2991 ii.
571 2964 601 2992 5.
615 2962 667 2990 50.

831 2865 890 2894 pus
919 2853 1278 2894 percutit—Caeterum,
1308 2852 1443 2892 primam
1470 2850 1562 2891 sylla-

833 2909 907 2937 bam
923 2906 956 2935 in
975 2907 1120 2946 propellit
1138 2905 1239 2937 Carus
1260 2910 1365 2936 noster
1386 2903 1480 2934 semel
1497 2912 1564 2933 cot,

836 2958 919 2998 ripit,
935 2957 974 2989 ad
989 2957 1133 2994 vi.11025.
