1912 3292
356 204 448 243 308

851 188 911 237 T.
971 184 1353 236 LUCRETII

490 323 711 367 Incolomis
731 321 903 364 transire
922 326 1072 375 potest,
1096 317 1312 360 simulacra
1330 322 1541 365 renutant;

374 404 455 442 605
488 396 812 440 Perscinduntur
830 394 958 444 enim,
982 393 1058 434 nisi
1078 399 1189 433 recta
1207 390 1409 431 foramina
1428 396 1608 430 tranant:

488 471 639 522 Qualia
665 478 760 512 sunt
778 469 887 519 vitri,
919 468 1071 523 species
1091 480 1184 521 quae
1205 463 1426 506 transvolat
1445 462 1591 504 omnis.

547 545 768 593 Praeterea,
789 542 940 597 parteis
960 541 1003 580 in
1023 547 1190 581 cunctas
1210 537 1405 578 dividitur
1425 551 1522 586 vox,

489 620 559 661 Ex
579 618 666 660 aliis
686 617 775 658 aliae
796 615 991 671 quoniam
1012 614 1260 670 gignuntur;
1292 610 1386 651 ubei
1406 624 1503 650 nam

487 691 676 734 Dissiluit
696 689 833 738 semel,
854 689 899 728 in
919 686 1081 736 multas,
1104 692 1249 726 exorta
1268 683 1382 739 quasi
1401 682 1508 739 ignis

345 851 384 882 de
399 859 431 879 re
457 845 640 878 consulendi
661 849 784 875 nosmet
804 853 923 879 sumus,
946 842 981 873 in
998 842 1070 873 Silv.

347 901 423 934 erit.
440 904 511 930 sect.
526 897 672 930 clxxxvii.

387 955 462 985 Ver.
477 957 551 986 602.
569 954 778 993 Conloquium:
796 950 894 981 vind.
912 950 1071 989 Conloqui-

345 1008 441 1043 mini;
477 1006 529 1037 Pii
556 1004 685 1046 quidam
709 1003 841 1038 codices,
875 1004 951 1034 Cum
971 1002 1070 1041 loqui-

345 1069 426 1094 mur;
450 1063 486 1088 ut
510 1062 557 1087 est
578 1056 610 1086 in
626 1054 801 1086 editionum
815 1053 923 1095 vulgo,
944 1063 1014 1094 quae
1029 1052 1068 1083 de

346 1121 403 1141 suo
417 1109 601 1150 plerumque
620 1109 736 1138 habent
759 1108 847 1148 quod,
867 1115 924 1145 pro
946 1115 1071 1146 quoque.

346 1161 504 1194 Nonnulli
529 1160 670 1200 spurium
693 1169 758 1190 esse
780 1168 904 1189 versum
927 1162 1069 1188 censent:

347 1224 404 1245 nos
430 1213 493 1244 illis
520 1212 732 1250 dissentimus,
755 1210 836 1241 nihil
861 1209 1070 1249 dispicientes,

345 1265 431 1308 quod
445 1264 629 1304 reprehendi
644 1263 745 1303 possit,
768 1267 824 1293 aut
846 1260 984 1292 indolem
1007 1260 1073 1291 Lu-

347 1318 516 1349 cretianam
534 1327 598 1347 non
613 1316 745 1355 resipiat.
792 1314 984 1353 Scripturam
1010 1312 1072 1352 pri-

347 1379 436 1399 mum
451 1368 524 1398 boni
539 1372 752 1406 corrumpunt,
775 1364 888 1396 deinde
909 1364 1072 1402 damnant,

347 1426 378 1450 et
387 1419 567 1460 abjudicant
576 1419 684 1459 poetae.
702 1422 724 1437 “
737 1416 947 1457 Conloquium
961 1425 1073 1455 nempe

347 1473 467 1514 “fleri,
490 1471 537 1501 vel
551 1481 624 1506 esse,
646 1479 728 1509 saepe
753 1468 865 1499 clausis
879 1468 1004 1503 foribus,
1027 1467 1072 1497 vi-

350 1527 372 1542 “
390 1522 539 1554 demus:'’
562 1523 596 1552 in
619 1521 682 1563 qua
707 1520 862 1551 structura
886 1519 965 1550 nihil
987 1519 1072 1557 duri,

347 1581 441 1616 atque
455 1574 605 1610 inusitati,
627 1573 760 1613 reperire
771 1573 866 1604 valeo.

391 1625 463 1657 Ver.
480 1630 550 1657 603.
567 1637 625 1666 per
624 1627 712 1667 flexa
721 1639 731 1656 .·
750 1625 791 1655 V.
807 1624 854 1655 ed.
872 1623 911 1654 Ο.
927 1623 1073 1654 exhibent

341 1679 486 1719 perflexa.

390 1729 465 1758 Ver.
480 1731 553 1759 604.
584 1734 738 1759 renutant.
773 1727 855 1758 Haec
869 1726 964 1758 dictio
979 1726 1072 1757 veris-

346 1779 424 1810 sime
446 1779 580 1818 reposita
601 1779 736 1817 videtur,
759 1789 794 1809 ac
818 1789 891 1809 sane
913 1778 957 1809 ita
978 1778 1071 1809 corri-

347 1830 487 1872 gendum
503 1831 580 1861 Pius
592 1836 789 1870 praeceperat.
805 1830 843 1860 P.
856 1831 896 1860 V.
909 1829 956 1860 ed.
973 1830 1013 1860 B.
1032 1835 1072 1859 Π.

348 1887 383 1915 Σ.
399 1883 514 1913 habent
527 1884 704 1913 remittant:
730 1881 892 1917 nimirum,
909 1887 1073 1921 postquam

346 1933 491 1964 librarius
512 1943 568 1972 pro
581 1939 727 1964 renutant
743 1932 903 1972 scripserat
916 1934 1073 1969 remitam,

347 1984 432 2025 quod
447 1973 692 2014 iisdem'constat
706 1984 861 2021 ductibus,
888 1984 1022 2013 alterum
1049 1990 1072 2021 t,

347 2041 385 2066 ut
399 2035 540 2076 legitima
554 2046 613 2065 vox
636 2041 826 2076 exsurgeret,
852 2035 942 2065 facile
957 2035 1072 2065 admis-

347 2100 420 2120 sum
435 2095 492 2120 est:
521 2089 618 2120 Vind.
633 2101 728 2125 re—,·
756 2089 792 2120 L.
815 2096 1000 2126 renuntanc;
1027 2090 1074 2120 M.

349 2147 536 2177 rernmtant,·
570 2145 604 2172 Δ.
626 2147 789 2172 remutant.
827 2141 945 2172 Tantas
970 2143 1075 2172 turbas

349 2192 448 2223 rarius
477 2192 663 2223 vocabulum
694 2192 775 2223 ciere
801 2192 916 2231 potuit!
958 2192 999 2222 O.
1030 2198 1073 2223 Ω.

349 2254 431 2281 vere,
447 2250 601 2274 renutant.
635 2243 836 2279 Prudentius,
852 2244 984 2273 hamart.
1003 2245 1074 2274 774.

348 2295 388 2326 de
405 2306 500 2327 uxore
515 2296 622 2327 Lothi:

606 2388 674 2414 alter
683 2395 711 2413 se
722 2389 844 2421 proripit,
854 2389 937 2414 altera
947 2392 1058 2414 mussat:

351 2427 400 2452 Ille
413 2428 526 2459 gradum
538 2428 637 2454 celerat
647 2428 764 2461 fugiens,
780 2432 875 2454 contra
886 2429 930 2454 illa
940 2432 1051 2454 renutat.

351 2517 427 2547 Non
446 2523 561 2549 temere
583 2519 756 2559 suspicatur
780 2520 938 2558 Gifanius,
961 2520 1077 2550 Lucre-

349 2567 472 2598 tianum
502 2577 626 2601 renutat
654 2571 872 2602 redonandum
901 2582 966 2602 esse
995 2572 1077 2611 frag-

351 2625 459 2650 mento
475 2621 614 2659 Afranii,
637 2632 694 2661 pro
714 2625 862 2662 remittat,
887 2622 970 2663 apud
994 2622 1077 2653 Non.

353 2669 451 2701 Marc.
468 2671 488 2701 i.
506 2675 554 2702 70.
569 2683 663 2713 quem
679 2674 756 2705 vide.

397 2720 470 2752 Ver.
486 2726 559 2754 605.
581 2730 726 2756 tranant:
752 2737 866 2766 nempe
885 2737 939 2766 per
953 2727 1024 2757 a’era
1038 2727 1077 2756 li-

353 2772 479 2810 quidum
489 2786 498 2802 :
522 2775 628 2806 redeas
642 2776 682 2807 ad
696 2787 756 2808 ver.
777 2781 845 2809 178.
860 2784 891 2808 et
905 2778 948 2808 ibi
964 2783 1078 2808 notata.

398 2821 472 2852 Ver.
489 2828 561 2855 606.
583 2829 672 2857 vitri:
702 2828 743 2859 V.
770 2828 818 2859 ed.
846 2830 883 2860 B.
910 2835 950 2860 Π.
975 2834 1009 2860 Σ.
1035 2834 1079 2858 Ω·

354 2873 459 2909 υἰίνεὶς
481 2879 515 2904 Δ.
531 2879 735 2918 utri.—quae:
756 2879 795 2910 V.
811 2880 858 2910 ed.
874 2875 912 2911 B'.
931 2880 970 2910 Ο.
987 2883 1022 2910 Δ.
1039 2885 1080 2910 Π.

1117 847 1163 872 Ω.
1180 852 1240 882 qua
1247 856 1258 877 ;
1283 844 1320 871 Σ.
1337 838 1634 880 qum—transvolat.-
1664 836 1707 866 ita
1730 836 1766 867 Β.
1791 835 1841 867 Μ.

1114 898 1156 930 et,
1181 891 1265 932 quod
1279 890 1362 921 idem
1379 895 1434 925 est,
1460 888 1556 919 vind.
1578 888 1617 919 L.
1637 888 1676 918 O.
1694 892 1729 918 Δ.
1748 893 1786 918 Π.
1804 891 1839 918 Σ.

1117 951 1161 975 Ω.
1183 945 1311 974 travolat
1321 956 1332 977 ,·
1360 941 1399 971 V.
1429 940 1475 970 ed.
1502 942 1652 976 tranolat‚·
1675 949 1730 979 per
1756 948 1840 969 erro-

1114 1005 1192 1031 rem,
1209 1001 1244 1025 ut
1258 1001 1375 1034 putem,
1398 992 1581 1032 typographi
1587 1003 1597 1029 ;
1624 991 1659 1022 P.
1675 993 1798 1022 traviat.

1157 1048 1233 1079 Ver.
1248 1050 1321 1079 607.
1344 1052 1486 1078 cunctas:
1514 1043 1610 1075 Vind.
1626 1043 1668 1075 V.
1684 1043 1732 1074 ed.
1748 1053 1840 1075 cunc-

1115 1103 1172 1137 tis;
1198 1101 1235 1131 Β.
1251 1105 1372 1130 cuncta.

1158 1153 1232 1183 Ver.
1248 1154 1321 1182 608.
1346 1151 1415 1181 ubei
1429 1160 1502 1180 nam
1522 1149 1672 1180 Dissiluit
1686 1148 1786 1186 semel,
1808 1148 1845 1178 in

1115 1205 1234 1239 multas,
1255 1208 1357 1233 exorta
1372 1203 1462 1242 quasi
1476 1202 1569 1240 ignis.
1613 1199 1724 1230 Libros
1738 1196 1844 1238 plures

1117 1265 1238 1297 sequor,
1262 1253 1431 1285 editoribus
1444 1252 1590 1289 desertos,
1613 1249 1761 1282 orationis
1775 1256 1841 1282 tex-

1116 1314 1220 1338 turam
1235 1317 1344 1346 parum
1361 1304 1557 1342 callentibus;
1585 1313 1681 1345 quam
1703 1312 1762 1333 nos
1782 1303 1841 1333 hoc

1116 1365 1207 1399 pacto
1219 1358 1345 1398 plenam
1357 1357 1552 1387 exhibemus:
1577 1359 1598 1374 “
1610 1355 1706 1392 Nam,
1721 1353 1775 1384 ubi
1790 1364 1844 1385 vooe

1117 1414 1138 1429 ‘⁶
1155 1415 1262 1440 exona
1276 1407 1409 1439 dissiluit
1431 1406 1537 1442 semel,
1560 1406 1593 1436 in
1616 1404 1732 1435 multas
1753 1413 1844 1434 voces

1117 1465 1139 1481 “
1155 1463 1225 1493 solet
1251 1472 1281 1492 se
1305 1470 1458 1500 spargere,
1490 1457 1577 1499 quasi
1603 1456 1739 1488 scimilla
1759 1456 1843 1496 ignis

1119 1517 1140 1532 “
1157 1522 1237 1552 saepe
1253 1511 1330 1542 solet
1346 1521 1378 1541 se
1393 1519 1536 1550 spargere
1551 1509 1585 1539 in
1600 1509 1708 1539 multos
1722 1505 1842 1548 igneS.”

1119 1564 1223 1599 Ratio,
1246 1573 1315 1603 quae
1331 1561 1485 1592 distulerit
1506 1559 1704 1590 dominantes
1717 1564 1842 1588 senten-

1114 1616 1167 1648 tiae
1182 1614 1331 1645 dictiones
1345 1614 1416 1644 solet
1439 1623 1469 1643 se
1483 1621 1624 1652 spargere
1646 1609 1680 1639 in
1695 1608 1844 1648 posterio-

1115 1677 1181 1698 rem
1197 1664 1378 1699 clausulam,
1402 1672 1459 1693 nec
1482 1671 1643 1693 necessum
1665 1659 1774 1690 habuit
1795 1669 1844 1689 re.

1115 1718 1226 1758 petitas
1242 1716 1316 1747 dare
1331 1716 1364 1745 in
1379 1715 1491 1755 priore,
1507 1712 1728 1744 obscuritatem
1742 1711 1843 1749 illam,

1115 1781 1185 1811 quae
1207 1769 1288 1799 circa
1302 1767 1441 1798 virorum
1463 1765 1626 1796 doctorum
1648 1764 1770 1794 animos
1791 1772 1844 1792 ca-

1116 1821 1234 1863 ligavit,
1251 1819 1371 1850 videtur
1385 1817 1546 1858 peperisse.
1574 1815 1635 1847 Sed
1650 1814 1736 1846 enim
1751 1814 1843 1845 dubi-

1116 1872 1204 1904 tandi
1218 1872 1306 1902 locus
1321 1876 1376 1906 est,
1391 1880 1432 1900 an
1442 1878 1547 1899 versus
1561 1866 1675 1898 melius
1689 1874 1843 1907 processe-

1116 1925 1190 1963 rint,
1214 1925 1274 1954 hoc
1289 1922 1383 1953 modo
1397 1921 1500 1961 potius
1515 1918 1717 1959 interpuncti:

1149 2001 1192 2023 Ex
1203 1997 1257 2022 aliis
1269 1996 1328 2021 aliae
1341 1994 1469 2026 quoniam
1481 1994 1646 2026 gignuntur-5
1663 1990 1727 2016 ubei
1737 1997 1801 2015 nam

1148 2037 1264 2063 Dissiluit
1274 2035 1366 2064 semel,
1383 2034 1410 2058 in
1421 2033 1520 2058 multas
1530 2034 1637 2060 exorta,
1654 2030 1728 2061 quasi
1738 2029 1806 2061 ignis

1149 2079 1226 2108 Saepe
1236 2076 1303 2101 solet
1313 2073 1425 2099 scintilla
1434 2078 1494 2097 suos
1503 2078 1530 2097 se
1540 2076 1662 2102 spargere
1673 2069 1700 2093 in
1711 2069 1804 2100 igneis.

1118 2153 1209 2184 Prior
1223 2152 1273 2182 via
1288 2151 1326 2182 de
1349 2149 1493 2180 secundis
1515 2145 1754 2188 cogitationibus
1776 2144 1843 2184 pla-

1119 2205 1188 2235 nior
1204 2204 1294 2235 nobis
1316 2203 1379 2233 visa
1400 2207 1454 2232 est.
1499 2199 1645 2231 Editores
1672 2207 1710 2228 ex
1735 2206 1843 2227 emen·-

1120 2256 1245 2287 datione
1262 2253 1406 2285 Lambini
1422 2252 1522 2282 solent
1536 2250 1676 2285 scribere,
1692 2249 1745 2279 ubi
1760 2259 1841 2278 una:

1120 2314 1225 2338 nostra
1239 2306 1331 2337 lectio
1346 2305 1458 2335 diserte
1472 2306 1629 2341 comparet
1642 2301 1676 2330 in
1694 2298 1792 2329 Vind.
1803 2298 1846 2328 V.

1120 2359 1167 2390 ed.
1185 2359 1224 2389 Ο.
1247 2363 1280 2389 Δ.
1298 2363 1338 2388 Π.
1363 2361 1397 2387 Σ.
1424 2361 1467 2386 Ω.
1493 2362 1595 2393 neque
1619 2349 1707 2382 aliud
1729 2350 1846 2380 haben-

1119 2411 1197 2442 dum
1211 2416 1258 2440 est
1282 2408 1434 2447 scriptura
1456 2404 1600 2436 codicum
1621 2400 1845 2432 vetustissimo-

1119 2473 1193 2493 rum
1207 2463 1244 2493 L.
1260 2462 1308 2493 M.
1324 2462 1435 2495 ubina;
1462 2458 1481 2489 i.
1503 2468 1531 2488 e.
1558 2458 1610 2487 ubi
1632 2457 1693 2487 nd:
1729 2454 1767 2485 P.
1792 2453 1846 2483 ubi

1111 2515 1192 2556 jam.

1165 2567 1242 2597 Ver.
1258 2570 1330 2598 609.
1353 2565 1519 2595 Dissiluit:
1545 2561 1587 2592 V.
1609 2559 1657 2591 ed.
1679 2558 1845 2592 Dia-solvit,-

1121 2617 1245 2649 literula
1261 2628 1335 2649 cum
1350 2615 1489 2656 simplice
1503 2611 1636 2645 diversa:
1652 2617 1683 2641 et
1694 2609 1740 2639 ita
1755 2608 1794 2639 P.
1812 2608 1846 2638 in

1121 2675 1280 2707 contextu,
1304 2668 1359 2699 sed
1382 2667 1531 2698 Dissiluit
1550 2663 1598 2694 bis
1619 2662 1652 2692 in
1674 2659 1771 2690 notis:
1801 2665 1846 2690 n..

1123 2721 1474 2752 Dissiliunt.—mullas.·
1495 2716 1531 2746 P.
1547 2714 1587 2744 V.
1603 2711 1653 2742 ed.
1671 2711 1709 2742 Β.
1724 2711 1837 2741 multis.

1166 2773 1247 2803 Ibid.
1267 2778 1378 2803 emor-ta.
1402 2766 1600 2799 Vocabulum
1615 2770 1661 2794 est
1675 2762 1787 2793 exilius
1801 2767 1847 2791 at-

1123 2835 1183 2866 que
1208 2823 1375 2861 infirmius,
1399 2830 1494 2862 quam
1519 2827 1576 2859 pro
1601 2815 1709 2849 sensus
1734 2812 1846 2845 indole.
1892 2855 1894 2867 Ι

1126 2876 1287 2908 Rescribo:
