1912 3292
454 263 688 313 LIBER
734 262 1117 319 QUARTUS.

1436 271 1530 318 327

179 398 317 440 Omne
336 410 479 455 genUS‚
502 395 696 449 quoniam
716 393 868 447 passim
893 393 1109 434 simulacra
1127 395 1333 445 feruntur3

66 475 148 513 740
181 473 338 514 Partim
359 478 502 525 sponte
521 467 592 509 sua
613 481 706 522 quae
726 466 835 507 fiunt
853 468 946 507 ae're
966 467 1009 507 in
1029 468 1134 522 ipso,

180 547 336 588 Partim
356 557 449 598 quae
468 541 589 582 variis
609 540 662 581 ab
681 540 803 580 rebus
823 554 1031 595 quomque
1050 542 1264 592 recedunt3

178 621 234 661 Et
254 632 345 674 quae
366 616 601 658 confaciunt
620 630 673 656 ex
692 614 843 655 horum
863 614 971 656 facta
989 615 1144 672 figuris.

177 693 287 734 Nam
307 699 415 733 certe
435 705 488 732 ex
508 691 600 731 vivo
623 689 821 730 Centauri
842 703 928 729 non
948 688 996 730 fit
1014 690 1172 747 imago3

177 766 301 808 Nulla
320 765 397 807 fuit
416 766 612 821 quoniam
633 763 721 805 talis
742 771 890 804 natura
909 764 1077 805 animai:

59 843 139 883 745
170 840 344 890 Verum,
366 840 439 881 ubi
459 840 553 895 equi
573 846 696 895 atque
714 837 894 878 hominis
915 853 1011 879 casu
1031 838 1223 880 convenit
1241 839 1395 895 imago,

28 997 67 1028 de
87 996 298 1027 locutionibus
319 996 515 1027 'Lucretianis
537 1006 593 1035 pro
616 999 639 1014 “
655 994 753 1025 fauci-

22 1052 52 1084 ,“
69 1050 126 1079 bus
148 1059 263 1079 canum
281 1048 538 1084 Cerbereorum,'’
566 1047 615 1078 vel
640 1058 755 1078 canum

28 1110 66 1130 eo
94 1110 208 1141 genere
237 1110 300 1140 quo
332 1100 497 1130 Cerberus:
535 1099 642 1129 redeas
671 1099 712 1129 ad
734 1099 755 1129 i.

29 1155 100 1182 120.
125 1154 198 1183 475.
213 1158 249 1182 ut
263 1151 340 1182 alios
354 1152 438 1182 locos
451 1151 698 1191 praetermittam,
720 1151 755 1180 in

29 1203 142 1244 quibus
156 1205 237 1234 hanc
253 1203 425 1233 formulam
439 1204 511 1232 satis
525 1203 751 1233 ventilavimus

28 1254 168 1295 Elegans
197 1255 354 1294 specimen
391 1255 542 1284 habemus
573 1254 608 1283 in
647 1253 755 1289 Statio,

30 1306 145 1337 Achill.
161 1306 181 1337 i.
202 1311 272 1337 5223.
297 1307 350 1337 sed
371 1308 430 1336 hoc
446 1305 573 1345 perinde
588 1306 694 1344 fuerit,
720 1316 756 1336 ac

26 1364 142 1398 puncta
157 1358 369 1398 disponantur.
415 1357 662 1397 splendidissimi
682 1363 756 1388 sunt

30 1420 144 1445 versus,
167 1415 198 1439 et
219 1409 319 1450 digni,
341 1409 396 1449 qui
419 1409 585 1439 lectoribus
607 1408 685 1438 meis
699 1410 752 1439 ob-

27 1466 202 1492 versentur:

60 1542 136 1567 Elicit
148 1541 210 1567 Inde
220 1541 305 1572 fretis,
322 1545 350 1566 et
360 1541 465 1566 murice
475 1540 564 1565 frenat
575 1543 666 1571 acuto,

59 1582 206 1614 Delphines
215 1582 332 1614 bijuges3
350 1588 417 1613 quos
427 1581 465 1605 illi
475 1581 598 1606 maxima
608 1581 715 1613 Tethys

60 1622 166 1654 Gurgite
176 1622 292 1647 Atlanteo
301 1622 395 1655 pelagi,
410 1622 458 1647 sub
469 1621 539 1647 valle
547 1621 654 1652 sonora,

58 1661 203 1687 Nutrierat.

26 1733 49 1765 J
51 1743 103 1763 am
127 1743 200 1764 vero
223 1733 458 1774 subdistinguas
483 1732 524 1764 ad
540 1734 696 1772 Atlanteo,
722 1739 753 1763 et

27 1784 108 1824 perit
121 1784 212 1814 nobis
225 1784 383 1823 specimen
397 1784 576 1815 locutionis:
605 1784 689 1814 viam
704 1789 751 1814 ta-

29 1847 104 1867 men
116 1836 211 1877 longe
226 1836 419 1872 deteriorem,
443 1836 531 1866 nobis
545 1835 655 1866 saltem
665 1835 752 1877 judi-

28 1889 123 1922 cibus
145 1888 279 1918 iniveris.
323 1888 427 1918 Miror
449 1888 567 1918 interea
591 1888 754 1928 quospiam

29 1941 144 1970 haerere
168 1940 304 1979 potuisse
325 1939 366 1970 ad
386 1940 512 1979 phrasin
534 1942 610 1971 valle
632 1939 755 1978 sonora,

29 2002 99 2032 quae
114 1991 243 2031 Virgilii
259 1991 298 2021 de
312 1991 464 2021 thesauris
474 1991 626 2021 adscitum
638 1997 683 2022 est
694 1992 754 2022 Pa-

29 2043 128 2083 pinio,
151 2053 218 2083 geo.
234 2043 272 2073 iv.
287 2046 362 2074 564.

60 2110 250 2143 Speluncisque
260 2110 333 2135 lacus
344 2111 456 2140 clausos,
482 2117 592 2142 ucosque
601 2111 724 2136 sonantis.

73 2174 148 2204 Ver.
165 2176 235 2204 738.
250 2173 330 2205 obita
346 2173 432 2204 deest
448 2174 685 2205 IL—Conferas
699 2185 754 2204 au-

31 2231 96 2256 tem
110 2234 184 2255 cum
198 2234 304 2255 coram
318 2224 436 2264 positis,
462 2235 532 2265 quae
554 2225 695 2256 venerint
717 2225 756 2256 ad

31 2277 52 2307 i.
69 2279 140 2308 155.
159 2280 228 2308 136.

74 2328 150 2359 Ver.
178 2331 250 2360 759.
276 2330 368 2360 Omne
391 2340 505 2368 genus:
531 2329 567 2360 P.
596 2329 690 2360 Vind.
716 2329 755 2359 V.

29 2379 80 2409 ed.
104 2379 141 2409 Β.
159 2378 198 2409 Ο.
215 2383 249 2410 Σ.
266 2385 311 2410 Ω.
340 2381 557 2420 Omnz'genum;
581 2380 618 2410 L.
645 2380 693 2410 M.
721 2385 756 2411 Δ.

36 2431 229 2469 Omnz'genus.
273 2430 409 2470 Nempe,
430 2431 609 2472 exquisitior
623 2431 759 2462 formula

31 2482 87 2511 has
101 2481 206 2510 turbas
220 2480 374 2518 excitavit,
391 2482 531 2522 quamvis
546 2482 656 2512 eadem
671 2493 757 2522 pror-

32 2542 94 2568 sus,
117 2533 196 2571 quod
218 2543 315 2572 genus
343 2532 422 2569 dico,
449 2533 517 2573 jam
545 2544 759 2573 saepenumero

33 2581 200 2612 occurrerit
212 2581 244 2612 in
260 2583 516 2622 praecedentibus:
536 2595 588 2615 me
602 2585 706 2616 videas
720 2586 760 2617 ad

35 2633 54 2663 i.
72 2636 140 2663 164.
160 2636 250 2665 1025.
282 2634 458 2671 Suetonius,
486 2636 548 2666 Tit.
566 2639 594 2667 7.
619 2639 640 2655 “
657 2637 759 2673 Quin-

36 2687 59 2702 “
75 2695 136 2725 que
164 2684 272 2720 millia,
304 2697 389 2716 omne
415 2698 523 2726 genus,
546 2687 759 2719 ferarum—2³

35 2734 81 2765 Et
109 2735 231 2766 Domit.
258 2740 355 2767 4.—“
370 2737 481 2778 dieque
504 2739 652 2778 proximo,
675 2751 760 2771 omne

37 2789 60 2804 “
73 2798 178 2827 genus,
193 2789 323 2820 missilia
337 2791 476 2830 sparsit.”
495 2792 645 2829 Catullus,
662 2793 719 2824 cxi.
731 2797 760 2824 5.

41 2837 127 2868 haud
140 2839 250 2871 aliter:

70 2920 202 2951 Aucupizu
220 2929 291 2948 omne
304 2928 395 2957 genus,
412 2924 517 2956 puceis,
533 2927 618 2958 prata,
636 2933 710 2957 arva,
724 2926 763 2951 fe-

146 2966 250 2992 fasque.

87 3005 138 3037 Vo
147 3017 175 3039 1..
192 3008 240 3039 ΙΙ.

800 994 842 1025 A.
865 994 1000 1032 Gellius,
1025 994 1085 1024 xix.
1109 998 1138 1025 4.
1162 998 1184 1013 “
1200 993 1526 1034 Libri—lepidissimi,

800 1048 823 1062 “
839 1050 870 1074 et
891 1045 1131 1086 elegantiarum,
1156 1057 1242 1076 omne
1261 1057 1366 1086 genus,
1390 1045 1526 1077 referti.''

802 1097 971 1133 Ausonius,
996 1097 1120 1128 Mosell.
1134 1102 1207 1129 510.

1023 1178 1129 1210 magico
1141 1179 1184 1203 cui
1196 1182 1297 1203 noctua
1306 1178 1402 1210 perlita
1411 1178 1476 1204 fuco

827 1216 928 1246 Allicit,
945 1225 1015 1241 omne
1022 1224 1112 1249 genus,
1128 1218 1320 1243 volucres—-.

802 1287 934 1323 Solinus,
951 1297 1019 1326 cap.
1035 1297 1084 1318 xv.
1101 1291 1124 1306 “
1139 1290 1208 1318 Hoc
1213 1299 1323 1328 genus,
1338 1298 1431 1318 canes
1445 1298 1526 1319 cres-

800 1341 822 1356 “
839 1345 914 1368 cunt
929 1339 969 1369 ad
984 1338 1119 1368 formam
1133 1339 1433 1379 amplissimam—.”
1463 1340 1524 1370 Ca-

798 1394 840 1424 to,
864 1389 902 1419 de
925 1400 957 1419 re
980 1396 1057 1420 rust.
1074 1389 1136 1420 viij.
1160 1394 1183 1408 “
1201 1390 1266 1420 Sub
1287 1391 1364 1420 urbe
1386 1391 1525 1427 hortum,

798 1443 821 1458 “
837 1452 923 1472 omne
943 1452 1055 1481 genus;
1093 1448 1327 1480 coronamenta,
1363 1454 1448 1474 omne
1473 1454 1526 1482 ge-

1011 1494 1119 1530 Varro,
1150 1495 1189 1525 de
1208 1506 1241 1526 re
1266 1501 1340 1526 rust.
1371 1496 1391 1526 i.
1419 1500 1468 1527 14.
1495 1500 1526 1528 5.

798 1548 820 1563 “
838 1547 908 1576 Hoc
928 1557 1037 1586 genus,
1060 1557 1156 1586 saepes
1178 1547 1245 1577 fieri
1267 1547 1441 1577 secundum
1462 1549 1529 1579 vias

798 1599 820 1615 “
837 1597 978 1636 publicas
992 1597 1166 1629 solent—P
1212 1599 1302 1630 Hinc
1313 1605 1395 1630 recte
1410 1600 1527 1630 consti-

797 1653 887 1678 tuam
900 1648 1086 1688 Apuleium,
1109 1650 1142 1680 in
1157 1651 1237 1690 apol.
1251 1662 1282 1690 p.
1302 1655 1349 1683 10.
1365 1651 1438 1683 edit.
1455 1652 1527 1682 Pri-

796 1700 861 1736 caei,
884 1700 1018 1739 purioris
1040 1711 1098 1741 ope
1120 1701 1413 1733 distinctionis:—“
1430 1710 1466 1734 ut
1480 1709 1528 1734 ta-

797 1754 820 1769 “
835 1761 923 1781 ceam
945 1752 1058 1791 scripta
1080 1753 1235 1794 Diogenis
1260 1755 1380 1794 Cynici,
1408 1760 1440 1785 et
1466 1756 1525 1786 Ze-

797 1804 820 1820 “
837 1801 937 1838 nonis,
955 1802 1068 1832 Sto'icae
1085 1810 1174 1834 sectae
1189 1805 1365 1841 conditoris,
1382 1807 1527 1845 z‘dgenus.

797 1854 818 1869 “
835 1851 943 1882 Pluria
968 1853 1096 1883 recitem
1120 1854 1233 1891 denuo,
1265 1856 1342 1886 etc.''
1397 1856 1526 1887 Mireris

797 1903 873 1935 adeo
887 1905 968 1934 hanc
982 1905 1152 1936 formulam
1168 1907 1316 1948 Virgilio,
1337 1908 1527 1939 Lucretiana

797 1957 905 1987 omnia
919 1958 1086 1997 arripienti,
1111 1970 1267 2001 nusquam
1292 1961 1426 2000 positam
1433 1973 1443 1999 ;
1466 1961 1527 1992 nisi

799 2008 929 2038 fortasse
943 2010 1123 2048 versiculus,
1139 2011 1180 2041 ad
1195 2012 1270 2042 AEn.
1286 2012 1324 2042 iv.
1342 2015 1414 2043 622.
1430 2012 1473 2043 ita
1485 2012 1525 2042 sit

799 2058 963 2099 legendus:

797 1496 821 1512 “
837 1493 970 1525 nus—st

799 2141 874 2164 Tum
885 2147 943 2170 vos,
953 2147 969 2165 ο
981 2142 1075 2173 Tyrii!
1089 2142 1212 2174 stirpem,
1222 2150 1303 2175 genus
1316 2151 1397 2174 omne,
1399 2144 1525 2176 suturam

799 2182 931 2206 Exercete
941 2181 1021 2206 odiis:

799 2252 883 2292 quod
898 2259 1006 2292 putem
1021 2263 1094 2283 sane
1149 2254 1200 2284 Ibi
1221 2254 1341 2295 vulgari
1367 2255 1445 2285 solet
1466 2256 1526 2286 hoc

799 2309 901 2342 pacto:

1009 2377 1119 2408 stirpem
1133 2380 1156 2402 et
1168 2384 1252 2409 genus
1263 2385 1344 2403 omne
1346 2378 1473 2409 staturum
1482 2387 1492 2404 .-

800 2439 855 2470 sed
869 2439 948 2470 illud
962 2445 990 2470 et
1004 2440 1062 2470 uni
1083 2439 1162 2471 libro
1183 2441 1276 2472 deest.
1323 2442 1397 2471 Hoc
1419 2447 1527 2472 autem

800 2490 835 2520 in
860 2491 964 2521 medio
988 2491 1206 2532 relinquimus,
1233 2492 1394 2522 admonito
1418 2498 1528 2523 tamen

801 2542 922 2578 lectore,
945 2549 981 2572 nt
997 2543 1186 2581 recordetur,
1208 2554 1302 2584 quam
1325 2542 1442 2573 librarii
1465 2543 1527 2573 ele-

803 2594 977 2635 gantiorem
1003 2595 1175 2635 quamlibet
1188 2595 1378 2626 locutionem
1403 2595 1529 2634 passim,

805 2645 929 2675 summa
954 2646 1042 2686 quasi
1067 2657 1140 2677 cum
1165 2646 1327 2683 industria,
1357 2653 1527 2677 temerave-

803 2697 874 2726 rint.

848 2749 922 2778 Ver.
939 2751 1009 2779 740.
1021 2750 1130 2790 fiunt:
1159 2748 1255 2778 Vind.
1278 2748 1320 2779 V.
1343 2748 1391 2779 ed.
1415 2750 1462 2780 M.
1488 2749 1528 2781 Ο.

807 2804 841 2830 Δ.
867 2804 902 2830 Σ.
928 2801 1107 2840 (afluant.
1152 2799 1325 2838 Nimirum,
1347 2800 1428 2831 illud
1448 2800 1529 2831 mihi

806 2851 911 2881 videor
926 2852 1038 2881 habere
1053 2851 1087 2881 iu
1102 2851 1271 2882 clarissime
1286 2852 1429 2892 cognitis,
1453 2852 1530 2893 quid

807 2903 963 2943 scripserit
977 2903 1156 2942 Lucretius3
1171 2914 1228 2934 nec
1239 2915 1333 2935 ausus
1342 2910 1447 2935 tamen
1459 2915 1531 2936 sum

809 2965 847 2985 ex
873 2955 998 2986 arbitrio
1014 2955 1048 2986 in
1073 2961 1254 2987 contextum
1277 2956 1453 2998 importare.
1498 2956 1534 2987 Si

777 3015 807 3046 Y
