1912 3292
352 234 446 281 272

849 225 909 274 T.
962 224 1341 274 LUCRETII

491 358 634 408 Quom
654 363 807 412 coeptat
825 356 1002 408 Natura,
1023 372 1230 413 supraque
1248 355 1442 399 extollere
1459 359 1654 410 monteis;

491 433 608 482 Quos
629 432 703 473 tibi
722 441 811 474 tum
830 447 953 488 supra
971 432 1031 474 sol
1050 433 1225 474 monteis
1245 447 1329 474 esse
1350 431 1526 484 videtur,

493 506 723 548 Conminus
742 506 828 562 ipse
848 522 922 548 suo
942 508 1185 564 contingens
1204 505 1382 548 fervidus
1402 507 1505 564 igni,

376 586 459 622 410
490 581 578 622 Vix
597 581 744 622 absunt
763 581 882 622 nobis
902 581 1046 622 missus
1065 580 1128 621 bis
1147 580 1242 622 mile
1262 581 1442 636 sagittae-3

346 737 367 768 i.
383 747 409 767 e.
425 736 568 766 emittens
582 735 669 776 quasi
684 734 798 770 radios,
816 735 857 764 ob
871 734 1074 773 purissimum

346 787 551 827 splendorem.
597 785 710 815 Noster
733 784 879 814 Ennium
907 785 1073 816 aemulatus

347 846 400 873 est,
423 838 455 867 in
473 834 667 874 Melanippzi:

347 904 454 930 Lumine
463 904 500 928 sic
507 902 611 928 tremulo
619 906 700 932 terra,
710 905 739 927 et
748 908 814 927 cava
822 902 933 933 caeruia,
943 903 1070 928 candent.

348 955 431 987 Redi
447 955 529 985 dicta
544 953 633 984 nobis
647 953 687 984 ad
701 953 720 983 i.
738 956 830 984 1088.
857 953 1024 984 Pulchr-ius
1041 959 1073 984 et

347 1008 451 1047 aptius
479 1006 663 1047 Cyprianus,
689 1005 728 1036 de
753 1005 904 1036 sideribus
926 1005 1074 1036 nictanti-

346 1061 415 1096 bus,
438 1069 509 1100 gen.
528 1062 576 1090 16.

346 1143 450 1174 Quarta
460 1141 515 1166 dies
525 1143 649 1173 generat,
664 1140 724 1165 solis
735 1146 799 1165 cum
810 1139 945 1172 lampade,
963 1140 1072 1171 lunam3

344 1183 379 1207 Et
391 1181 490 1211 stellas,
501 1179 606 1205 tremulo
618 1179 751 1205 radiantes
762 1179 868 1210 lumine,
879 1179 967 1212 fingit.

345 1262 430 1293 Vide
446 1267 598 1299 nostrum,
614 1271 641 1292 v.
658 1265 729 1293 299.
762 1261 806 1291 Et
821 1271 859 1291 ex
874 1262 932 1291 hoc
947 1267 1073 1292 tremore

345 1315 434 1350 lucis,
460 1314 549 1355 quasi
577 1314 646 1344 face
675 1319 856 1343 coruscante
884 1319 1073 1354 propagatae,

345 1367 461 1408 pendet
476 1367 603 1403 Statius,
627 1367 725 1397 Theb.
741 1377 769 1397 x.
786 1370 859 1397 285.

482 1463 531 1482 nec
544 1463 647 1481 numen
657 1456 747 1486 abest;
765 1460 924 1487 armataque
931 1457 1011 1487 Juno,

345 1500 475 1522 Lutmrem
485 1496 602 1529 quatiens
611 1496 719 1521 exserta
731 1496 850 1528 lampada
861 1495 970 1525 dextra,

345 1538 439 1563 Pandit
450 1538 511 1568 iter,
530 1537 676 1569 firmatque
693 1537 806 1568 animm,
823 1540 851 1562 et
867 1543 980 1569 corpora
996 1543 1072 1562 mon-

452 1580 534 1602 strat:

342 1660 362 1690 i.
378 1670 407 1691 e.
425 1660 552 1691 Lunam
566 1659 729 1696 adhibens,
755 1668 791 1689 ac
805 1668 1015 1694 commovens,
1036 1663 1073 1689 ut

345 1711 516 1752 fulgentior
531 1709 725 1747 enitesceret;
748 1719 783 1740 ac
799 1710 824 1739 si
838 1709 985 1748 lampada
997 1719 1071 1739 con-

345 1767 472 1794 cuteret.
505 1763 659 1793 Veterum
671 1761 905 1792 scholiastasum
920 1761 1071 1801 interpre-

344 1815 488 1852 tationes,
504 1824 569 1845 non
578 1813 670 1844 nauci
683 1813 848 1849 faciendas,
864 1812 983 1844 nollem
994 1813 1073 1844 Bar-

344 1866 411 1897 thio
425 1866 584 1905 placuisse.
628 1866 725 1896 Hanc
753 1864 976 1906 elegantiorem
998 1863 1072 1903 po'e’-

346 1917 416 1948 ticae
427 1917 573 1947 dictionis
585 1917 757 1947 formulam
773 1917 927 1947 Heinsius
940 1921 972 1946 et
984 1915 1073 1956 Hey-

345 1969 427 2004 nius,
458 1969 499 1999 ad
525 1968 654 2008 Virgilii
681 1968 751 1999 Cul.
779 1971 829 1998 42.
854 1974 1075 2007 pervenustum

344 2021 483 2061 profecto
508 2020 624 2056 locum,
648 2030 711 2050 non
736 2019 880 2050 videntur
904 2021 999 2059 probe
1020 2019 1069 2050 in-

345 2072 510 2104 tellexisse:

378 2155 475 2186 lgneus
487 2154 584 2178 Oeteas
593 2153 647 2184 jam
658 2152 695 2177 sol
707 2155 858 2184 penetrarat
869 2152 894 2176 in
906 2152 982 2182 arcis,

377 2194 551 2225 Candidaque
561 2196 655 2218 aurato
666 2193 792 2225 quatiebat
803 2193 901 2217 Iumina
912 2199 1001 2217 curru.

346 2274 439 2305 Idem
455 2274 603 2314 Heynius
624 2283 755 2314 magnas
777 2274 882 2303 turbas
896 2272 957 2303 ciet
970 2272 1009 2303 de
1023 2272 1070 2302 ni-

345 2326 412 2357 hilo
426 2326 466 2357 ad
485 2326 551 2357 Cir.
568 2329 640 2357 550.
685 2325 811 2356 Tullius
829 2325 862 2354 iu
881 2325 987 2361 Arato,
1010 2335 1070 2355 ver.

348 2382 417 2409 117.

378 2444 430 2469 Sed
440 2444 577 2469 mediocre
586 2443 651 2475 Jacit
662 2443 776 2476 quatiens
787 2451 802 2469 e
812 2449 924 2475 corpore
933 2443 1027 2468 lumen.

391 2507 472 2538 Ibid.
491 2508 589 2548 jubar
604 2510 719 2547 erigere
737 2509 797 2538 alec
811 2518 962 2547 supraque
984 2508 1074 2537 erlol-

343 2561 406 2590 Icre
421 2560 556 2589 manicis.
601 2559 655 2589 Ab
669 2559 743 2598 igne
765 2558 969 2597 speculatorio
988 2557 1074 2588 locu-

348 2610 449 2639 tiones
478 2609 633 2645 videutur‚
670 2609 770 2640 multi».
805 2619 880 2640 cum
910 2608 1073 2649 elegantifi‚

346 2660 516 2691 translatae:
544 2671 602 2691 nec
618 2661 771 2701 Virgilius
786 2671 850 2691 non
874 2660 980 2692 locum
995 2659 1072 2691 deli-

347 2711 442 2748 bavit,
465 2711 504 2741 ad
517 2712 590 2742 lEn.
602 2711 665 2742 viii.
680 2715 731 2743 25.

346 2801 400 2831 Sic,
411 2805 443 2825 ut
455 2807 534 2832 aquae
546 2803 681 2827 tremulum
692 2803 770 2828 labris
780 2803 826 2828 ubi
835 2803 920 2827 lumen
930 2802 1004 2828 :senis

348 2843 408 2869 Sole
419 2850 616 2876 repercussum,
630 2850 677 2870 aut
688 2846 815 2871 radiantis
826 2846 943 2878 imagine
953 2847 1052 2876 Lunae,

348 2885 446 2910 Omnia
455 2885 599 2917 pervolitat
609 2886 662 2912 late
675 2887 745 2917 loca,
753 2889 865 2918 jamque
874 2887 920 2912 sub
929 2895 1009 2912 αιιηυ

349 2924 473 2957 Erigitur,
483 2925 636 2956 summique
644 2925 707 2951 serit
719 2926 853 2957 laquearia
864 2926 940 2951 tecti.

1119 733 1311 765 Ammianus
1321 734 1417 765 etiam
1430 734 1636 766 Marcellinus
1650 740 1844 775 opportunus

1115 792 1174 817 est:
1195 786 1267 816 xxii.
1283 789 1329 816 15.
1353 789 1376 805 “
1394 786 1569 818 Volitantes
1583 787 1726 818 scintillae
1740 788 1845 820 adhae-

1116 840 1139 856 “
1155 848 1220 868 sere
1232 837 1368 868 materiis
1379 838 1604 875 vetustissimis,
1614 842 1770 881 ignesque,
1780 838 1842 870 ari-

1116 892 1139 907 “
1153 889 1201 920 dis
1215 889 1416 919 nutrimentis
1439 892 1540 926 erecti,
1562 900 1668 930 omne,
1690 891 1844 932 quidquid

1115 941 1139 957 “
1153 941 1292 978 contingi
1306 940 1732 978 potuit‚-eoncremamnt.’‘
1758 943 1844 974 Con-

1116 990 1164 1020 fer
1180 990 1271 1021 Ovid.
1287 990 1356 1021 fast.
1371 991 1404 1021 ii.
1421 994 1493 1023 149.

1160 1041 1237 1072 Ver.
1254 1044 1328 1072 407.
1352 1048 1478 1082 coeptat:
1502 1049 1543 1073 Π.
1559 1048 1672 1083 captat.
1697 1043 1847 1075 Similiter

1116 1095 1234 1126 librarii
1248 1095 1398 1126 rariorem
1421 1105 1530 1126 vocem
1543 1105 1618 1126 cum
1640 1095 1753 1127 effidem
1773 1107 1848 1137 cap-

1114 1153 1182 1178 tare
1196 1153 1397 1178 mutaverunt
1412 1147 1452 1178 ad
1470 1147 1522 1179 Sil.
1537 1148 1577 1178 It.
1588 1148 1622 1179 ii.
1640 1150 1713 1180 275.
1729 1154 1847 1180 etcum

1116 1198 1390 1238 interpretamento
1405 1205 1534 1236 tentare,
1549 1198 1622 1231 ibid.
1634 1198 1676 1231 ix.
1690 1202 1764 1231 320.
1791 1198 1847 1230 Ad

1119 1249 1239 1280 Auson.
1256 1250 1382 1281 Mosell.
1407 1250 1514 1289 etiam,
1537 1260 1599 1281 ver.
1623 1253 1695 1282 257.
1717 1249 1848 1292 quidam

1116 1301 1186 1331 libri
1202 1308 1317 1341 captat,
1342 1311 1399 1341 pro
1414 1308 1532 1342 coeptat,
1554 1302 1711 1333 exhibent.
1748 1301 1848 1334 Plura

1117 1353 1220 1383 videas
1242 1353 1281 1383 de
1308 1355 1368 1384 hoe
1390 1359 1516 1393 peccato
1542 1353 1743 1385 librariorum
1763 1353 1848 1394 apud

1118 1404 1421 1440 Drakenborchium,
1445 1404 1485 1435 ad
1500 1405 1568 1435 Liv.
1584 1405 1625 1435 vi.
1641 1408 1693 1436 27.
1705 1408 1738 1436 .4.

1161 1455 1241 1486 Ibid.
1260 1456 1335 1486 Non
1350 1456 1456 1487 minus
1470 1463 1598 1488 venuste
1613 1444 1717 1498 legere
1731 1455 1842 1497 possis:

1132 1545 1222 1576 Quom
1235 1548 1340 1577 coeptat
1352 1547 1468 1576 Matuta,
1484 1552 1614 1578 supraque
1625 1545 1758 1572 extollere
1768 1550 1847 1571 mon·

1222 1585 1282 1610 teis.

1116 1665 1191 1696 Non
1206 1664 1295 1696 aliter
1309 1664 1350 1696 ad
1364 1675 1392 1696 v.
1408 1668 1479 1697 655.

1146 1757 1286 1788 Tempore
1297 1755 1362 1780 item
1374 1759 1451 1781 certo
1462 1761 1566 1781 roseam
1579 1757 1684 1781 Matuta
1693 1762 1741 1788 per
1752 1761 1810 1781 oras

1151 1796 1269 1822 AEtheris
1280 1797 1411 1821 Auroram
1424 1794 1524 1825 defert,
1539 1797 1568 1820 et
1577 1795 1681 1820 lumina
1690 1795 1795 1827 pandit.

1120 1884 1183 1916 Sed
1198 1885 1277 1915 nihil
1293 1889 1382 1915 muto
1392 1885 1432 1915 ob
1443 1884 1481 1915 vi.
1497 1884 1667 1915 470.—B1·:
1674 1894 1846 1916 numus.

1118 1936 1265 1978 Iniquior
1278 1942 1324 1967 est
1331 1936 1440 1977 judex,
1466 1935 1538 1967 mezi
1552 1936 1663 1967 saltem
1677 1935 1843 1973 sententia,

1117 1988 1317 2020 divinationis
1352 1998 1418 2019 suae
1446 1988 1492 2019 vir
1521 1987 1783 2028 incomparabilis,
1813 1993 1846 2019 et

1116 2040 1235 2080 ingenii
1265 2040 1430 2080 sagacitate
1462 2039 1713 2078 pollentissimus.
1759 2039 1844 2069 Mihi

1118 2090 1247 2131 quidem
1271 2092 1336 2121 haec
1362 2089 1540 2120 emendatio
1565 2089 1654 2121 valde
1674 2089 1790 2129 placet3
1814 2096 1847 2121 et
1903 2112 1908 2117 ,

1116 2141 1195 2171 nihil
1211 2142 1341 2179 mirum,
1357 2141 1382 2171 si
1398 2141 1499 2176 dictio,
1514 2140 1576 2181 qua
1591 2141 1761 2171 scribarum
1777 2141 1844 2171 Lu-

1120 2193 1329 2224 cretianorum
1341 2203 1430 2223 aures
1441 2203 1562 2232 semper
1570 2192 1843 2229 circumsonarent,

1115 2243 1207 2275 facile
1230 2244 1367 2274 obruerit
1388 2243 1632 2284 exquisitiorem:
1658 2252 1755 2284 quam
1775 2251 1844 2273 cor-

1122 2302 1276 2335 ruperunt
1290 2295 1384 2326 etiam
1400 2294 1449 2325 vel
1473 2294 1507 2324 in
1531 2294 1658 2334 optimis
1678 2293 1845 2331 codicibQ

1114 2347 1155 2378 ad
1171 2358 1197 2377 v.
1214 2349 1285 2379 655.
1333 2346 1366 2376 Si
1384 2345 1425 2377 ad
1447 2356 1556 2376 meum
1571 2345 1736 2376 arbitrium
1756 2355 1846 2386 gere-

1119 2406 1205 2430 retur
1220 2409 1280 2438 res,
1303 2400 1429 2430 Matuta
1452 2398 1486 2428 in
1502 2399 1561 2429 hoc
1575 2407 1666 2428 versu
1681 2396 1847 2428 stationem

1120 2452 1258 2484 debitam
1272 2453 1438 2488 habuisset,
1453 2452 1502 2483 vel
1513 2456 1720 2491 recuperasset
1734 2449 1846 2490 potius.

1161 2506 1234 2535 Ver.
1252 2508 1322 2535 408.
1359 2505 1431 2534 tibi:
1467 2513 1577 2533 omnes
1599 2506 1719 2542 praeter'
1735 2501 1772 2532 L.
1795 2500 1844 2532 M.

1122 2556 1176 2597 (de
1191 2556 1304 2596 quibus
1329 2565 1370 2586 au
1384 2554 1517 2585 fideliter
1531 2553 1630 2595 egerit
1651 2553 1844 2584 Havercam-

1118 2617 1186 2645 pus,
1209 2605 1298 2636 valde
1313 2605 1438 2646 dubito)
1453 2605 1530 2637 dant
1543 2607 1612 2641 ubi‚·
1640 2609 1674 2634 et
1686 2614 1765 2639 cum,
1786 2612 1843 2642 pro

1115 2664 1193 2695 tum,
1217 2663 1345 2697 excepto
1362 2657 1599 2699 11.—-servidus:
1617 2655 1666 2686 M.
1680 2660 1709 2685 et
1723 2655 1844 2684 midias.

1157 2709 1235 2739 Ver.
1251 2713 1323 2741 409.
1341 2711 1522 2741 Conminus.-
1540 2706 1640 2739 v.ed.
1652 2707 1826 2738 Communis
1831 2720 1843 2742 ,-

1119 2760 1161 2790 Ο.
1178 2766 1223 2791 Ω.
1243 2762 1428 2796 Ωιιοηιίπιιες
1451 2760 1498 2790 uti
1512 2762 1675 2798 peccatum
1688 2762 1735 2788 est
1749 2756 1845 2787 etiam

1119 2811 1236 2847 scribae,
1258 2811 1298 2842 ad
1313 2811 1403 2852 Virg.
1420 2811 1494 2841 AEn.
1509 2809 1560 2840 vii.
1575 2811 1647 2840 555.

1163 2861 1245 2893 Ibid.
1265 2864 1443 2902 contingens
1467 2863 1543 2901 igni.
1574 2859 1664 2890 Hinc
1687 2857 1844 2890 emacules

1120 2914 1249 2944 Festum
1264 2913 1298 2944 in
1313 2923 1387 2944 voce
1403 2913 1575 2945 Cimmerii:
1594 2913 1618 2931 “
1730 2909 1765 2940 in
1778 2907 1841 2950 qui
