1912 3292
498 189 731 240 LIBER
779 187 1132 236 TERTIUS.

1496 193 1559 240 79

211 326 505 373 Conturbatur,
527 329 583 372 et,
605 328 652 362 ut
669 319 808 370 docui,
830 318 973 369 divisa,
995 333 1177 359 seorsum

96 410 178 447 500
209 403 472 458 Disjectatur‚
494 396 641 438 eodem
659 395 728 436 illo
751 394 946 436 distracta
965 408 1138 434 veneno.

211 476 330 525 Inde,
351 474 422 515 ubi
435 473 524 528 jam
543 470 679 513 morbi
699 469 858 511 reflexit
877 483 1033 518 caussa,
1055 467 1242 523 reditque

210 551 262 592 In
281 548 568 590 latebrasacer
587 544 778 600 conrupti
799 542 982 599 corporis
1001 541 1172 590 humor3

107 708 182 738 Ver.
197 710 268 739 494.
292 706 505 746 Exprimitur:
541 710 586 734 Ω.
612 704 656 734 Et
674 702 792 742 premi-

65 768 135 797 tnr;
161 758 317 790 mendose.
362 757 521 792 Lucanus,
537 755 578 786 ix.
598 757 687 785 1059.

258 834 401 865 lacrymas,
413 838 468 856 non
477 833 573 862 sponte
585 829 720 859 cadentes,

94 874 206 905 Effudit,
213 873 374 906 gemitusque
383 871 507 904 expressit
515 873 626 902 pectore
636 869 712 894 laeto.

64 938 234 971 Terentius
248 937 344 968 etiam
358 935 399 967 ad
420 940 523 975 partes
538 932 697 965 vocabitur
711 938 791 963 tem-

59 991 212 1032 pestivus,
227 990 312 1021 Eun.
328 989 348 1019 i.
365 991 392 1018 1.
410 991 460 1018 23.

323 1066 378 1092 una
388 1065 524 1092 mehercle
534 1064 599 1090 falsa
610 1062 771 1093 lacmmuIfi,

62 1110 166 1142 Quam,
176 1109 268 1134 ocutos
278 1107 392 1133 terendo
398 1106 508 1136 misere,
518 1105 568 1130 vix
579 1104 607 1128 vi
616 1101 775 1136 expresserit.

106 1174 182 1204 Ver.
207 1176 279 1205 496.
319 1173 511 1203 Eliciuntur.
559 1167 717 1199 Nonnulli
744 1167 791 1197 le-

62 1231 154 1268 gunt,
181 1226 379 1266 Ejicz'uncur,
403 1222 453 1252 hic
476 1221 585 1258 etiam3
618 1219 727 1250 redeas
751 1218 791 1248 ad

62 1287 127 1307 ver.
150 1280 200 1307 58.
224 1276 353 1316 hujusce
378 1273 464 1303 libri:
501 1271 555 1302 sed
580 1271 665 1311 piget
687 1269 790 1300 homi-

61 1338 143 1358 num
164 1326 376 1365 illepidorum,
402 1330 434 1354 et
456 1324 656 1353 membranas
677 1322 790 1351 irreve-

61 1384 166 1410 renter
180 1375 443 1411 conculcantium,
474 1374 685 1404 temeritatem
700 1378 793 1413 atque

61 1430 245 1461 violationes
258 1427 358 1468 po‘etae
373 1426 641 1468 profligatissimas
655 1425 778 1455 referre.

106 1481 189 1512 Ibid.
209 1482 394 1521 glomerata.-
427 1479 447 1508 i.
474 1488 501 1509 e.
526 1481 550 1496 “
565 1477 692 1518 agmine
717 1486 792 1507 con-

63 1539 86 1556 “
101 1533 269 1572 densato;”
297 1533 448 1563 violenter
474 1537 506 1562 et
528 1530 707 1562 confertim:
743 1529 794 1560 cui

64 1588 221 1621 contraria
231 1597 345 1627 nempe
356 1587 469 1622 forent,
486 1585 676 1616 articulatim
684 1590 719 1615 et
730 1583 792 1614 dis-

62 1642 169 1673 tincte.
216 1639 366 1671 Similiter
392 1639 522 1669 verbum
551 1638 592 1668 ad
621 1637 795 1668 orationem

63 1693 234 1724 hominum
249 1691 414 1722 Ausonius
428 1690 595 1726 transtulit,
618 1690 657 1720 de
672 1688 793 1719 actione

64 1744 248 1785 gratiarum,
279 1749 351 1773 sect.
369 1747 417 1774 19.
443 1742 574 1783 loquens
603 1741 642 1772 de
673 1739 795 1780 Ulyssis

65 1795 331 1837 eloquentia:—-“
346 1804 448 1835 neque
462 1793 515 1823 ille
535 1792 719 1830 contortius,
742 1791 797 1832 qui

68 1850 91 1866 ‘⁶
107 1858 182 1878 cum
211 1846 353 1876 sensibus
381 1847 468 1877 verba
498 1843 797 1885 glomeravit.”—Et

68 1899 186 1931 ibidem
199 1908 316 1934 rursus,
339 1903 412 1928 sect.
427 1901 478 1928 68.
503 1900 525 1914 “
542 1897 623 1932 Quis
637 1902 797 1926 oratorum

67 1954 91 1971 “
106 1951 178 1981 laeta
197 1949 380 1990 jucundius,
406 1948 543 1979 facunda
564 1948 689 1986 cultius,
715 1957 796 1988 pug-

67 2005 91 2022 “
106 2001 215 2033 nantia
229 2002 354 2038 tensius,
377 1999 506 2030 densata
516 2001 726 2040 glomeratius,
743 2003 798 2028 aut

67 2056 91 2074 “
107 2055 196 2090 dixit,
211 2058 275 2088 aut,
292 2051 377 2093 quod
392 2056 438 2081 est
452 2050 597 2086 liberum,
613 2049 760 2091 cogitavit
770 2048 798 2080 ?'’

70 2105 121 2137 Sic
134 2104 380 2136 rescribendum:
406 2103 488 2140 libri,
503 2105 636 2135 densius.

109 2166 186 2197 Ver.
200 2168 274 2198 497.
295 2166 416 2195 munita
437 2166 520 2195 via'z':
546 2170 582 2194 ut
607 2170 705 2195 strata
731 2166 797 2195 via-

68 2228 149 2254 rum,
165 2217 185 2247 i.
200 2220 274 2248 516.
315 2215 378 2246 Sed
391 2221 474 2246 recte
490 2215 728 2255 Havercampus
743 2217 797 2246 ob-

68 2268 210 2305 servavit,
226 2267 413 2298 Lucretium
430 2272 652 2306 repraesentare
666 2266 799 2297 voluisse

64 2319 265 2351 notissimam
280 2319 416 2350 Homeri
430 2319 579 2358 phrasim,
597 2319 670 2358 ἒρκας
687 2318 800 2350 &arms

67 2371 198 2409 scilicet,
222 2373 420 2411 sepimentum
441 2372 596 2401 dentium.-
622 2380 716 2411 quam
746 2369 800 2399 alii

69 2429 212 2454 veterum
242 2422 281 2453 de
305 2424 444 2454 dentibus
472 2425 547 2463 ipsis
576 2422 712 2462 capiunt,
745 2423 799 2453 alii

69 2480 178 2506 autem
204 2474 244 2505 de
268 2476 377 2512 labris,·
401 2485 536 2515 quorum
557 2474 719 2505 sententiae
741 2485 800 2505 nos

68 2527 300 2559 subscribimus.
356 2527 536 2557 Audiamus
564 2537 658 2566 snper
682 2528 740 2557 hac
766 2538 800 2558 re

68 2578 286 2610 doctissimum
309 2578 520 2619 Hesychium:
545 2580 798 2622 Ἕριος-περῶν

66 2639 131 2669 λος,
155 2640 351 2675 περιφραγμα·
375 2633 410 2667 ὦς
428 2647 483 2663 των
499 2632 612 2664 οδοντων
635 2647 676 2664 τα
695 2640 798 2674 χειλη.

70 2682 124 2714 Sic
142 2683 239 2713 etiam
253 2682 430 2713 scholiastes
444 2683 485 2713 ad
510 2682 548 2714 ΙΙ.
566 2690 602 2714 Δ.
618 2687 690 2715 550.
722 2686 797 2716 Mu·

69 2745 138 2765 rum
164 2737 299 2766 dentium
326 2735 482 2774 Apuleius
505 2741 604 2774 vocat,
627 2736 706 2776 apol.
723 2747 751 2776 p.
769 2741 797 2767 8.

69 2785 125 2815 ubi
138 2785 315 2816 doctissima
331 2786 441 2816 Pricaei
456 2792 531 2817 nota
545 2787 728 2828 dignissima
742 2794 797 2824 est,

64 2845 141 2876 -quae
169 2837 353 2878 perlegatur.
397 2837 640 2879 Elegantissime
671 2839 798 2870 Plutar-

68 2888 160 2927 chus,
189 2888 228 2920 de
253 2889 447 2931 garrulitate,
476 2901 506 2930 p.
522 2894 593 2922 505.
619 2891 655 2923 C.
685 2897 799 2923 Kana-01

837 711 873 740 ’γε
888 697 946 729 aba
969 697 1056 731 οὕτως
1085 697 1102 730 ᾖ
1125 703 1205 737 φυσις
1233 708 1345 738 ευερκως
1372 708 1566 739 κεχαρακωκε

837 764 892 780 των
915 750 980 791 παρ’
1006 750 1082 788 ἧμιν,
1107 748 1143 782 ὡς
1172 761 1223 780 την
1239 755 1390 787 γλωσσαν,
1417 751 1564 788 βαλομενη

836 810 936 845 φρεραν
952 814 1003 843 orpo
1021 814 1111 834 uva-m
1130 812 1180 834 τες
1198 799 1366 834 οδοντας-.
1414 801 1566 831 Conferas

836 853 926 884 nobis
940 852 1034 889 dicta,
1054 851 1094 882 ad
1108 851 1140 881 ii.
1160 853 1233 882 558.
1256 851 1346 881 Hinc
1362 850 1489 881 Philoni
1503 852 1525 883 J
1527 862 1565 882 u-

836 905 916 943 daeo‚
941 905 961 934 i.
989 915 1019 944 p.
1036 907 1107 936 695.
1129 904 1216 933 labra
1238 902 1456 940 nominantur,
1482 916 1569 945 ερυμει

836 970 886 987 και
903 963 1036 998 φραγμος
1060 968 1245 997 οχυρωτατος
1262 961 1360 995 φωνῆς.
1406 954 1567 995 Denique,

836 1008 978 1039 salutifer
995 1007 1142 1047 Oppiano
1156 1007 1292 1045 veniam,
1307 1017 1414 1048 cyneg.
1430 1007 1475 1038 iii.
1491 1010 1565 1038 571.

836 1059 892 1090 ubi
901 1059 1093 1099 hyperbaton
1109 1059 1240 1088 minime
1250 1065 1446 1098 perspectum
1457 1058 1566 1088 omnia

835 1111 868 1142 in
884 1112 969 1142 hunc
985 1110 1069 1141 diem
1083 1109 1294 1141 conturbavit:

835 1193 914 1227 Δφρον
929 1195 1089 1217 κετοσταλοιϋ
1103 1198 1130 1215 τε
1142 1199 1220 1215 καιτοι
1232 1188 1330 1222 χθονος
1345 1186 1440 1223 (worp
1453 1188 1552 1214 οδοντω

833 1240 960 1266 ὈΛΚΟΝ
990 1238 1226 1263 ’ΥΠΟΚΡΟΤΕΕΙ
1259 1237 1418 1271 lancos-(poor)
1450 1236 1568 1270 ασθμοκτι

997 1285 1094 1320 &enca-

836 1353 956 1394 Vulg0‚
988 1359 1108 1383 Πολλον
1139 1363 1299 1394 rumpas-sss.
1359 1352 1479 1391 Aprum
1511 1351 1564 1381 de-

836 1405 949 1435 scribit.
996 1404 1049 1434 De
1078 1403 1126 1433 his
1163 1408 1271 1433 autem
1299 1402 1476 1442 hyperbatis
1512 1412 1570 1432 nos

837 1456 971 1496 paucula
988 1454 1143 1496 quaedam,
1168 1454 1254 1484 haud
1276 1453 1464 1493 poenitenda‚
1487 1453 1569 1483 dixi-

838 1519 911 1539 mus
925 1509 966 1538 ad
982 1508 1077 1547 Soph.
1095 1506 1242 1537 Trachin.
1261 1510 1353 1538 1159.

880 1561 957 1592 Ver.
972 1564 1046 1592 498.
1069 1562 1162 1600 quia:
1198 1560 1234 1590 P.
1257 1570 1341 1595 (Ἴωνι,-
1365 1558 1450 1599 quod
1471 1557 1570 1588 voluit

839 1613 967 1643 fortasse
983 1626 1017 1643 ‘ro
1031 1623 1083 1652 qu,
1100 1612 1140 1641 V.
1156 1610 1206 1641 ed.
1225 1610 1353 1646 Contra,
1369 1610 1409 1640 Ο.
1426 1615 1461 1640 Δ.
1479 1616 1520 1640 Π.
1534 1614 1569 1641 Σ.

841 1679 913 1708 qua,
935 1666 1026 1697 nobis
1039 1671 1214 1705 receptum:
1240 1664 1310 1694 vide
1326 1664 1366 1694 ad
1380 1674 1441 1694 ver.
1457 1667 1530 1695 491.

879 1719 957 1749 Ver.
975 1721 1047 1749 500.
1069 1727 1198 1747 veneno:
1224 1715 1244 1746 i.
1260 1726 1286 1745 e.
1310 1715 1385 1750 viro,
1412 1714 1478 1756 (adi
1501 1724 1568 1750 neS,

839 1770 858 1800 i.
872 1771 959 1810 720.)
978 1769 1027 1799 vel
1044 1768 1073 1798 vi
1089 1766 1239 1808 maligna,
1252 1766 1353 1797 morbi
1359 1778 1368 1804 ;
1386 1776 1481 1806 quam
1495 1776 1570 1796 mox

840 1820 974 1860 appellat
988 1819 1123 1861 gemello
1138 1818 1277 1854 nomine,
1292 1829 1393 1849 acrem
1405 1821 1570 1850 humorem.

882 1873 960 1903 Ver.
978 1875 1049 1903 501.
1079 1873 1204 1913 ressexit.
1252 1871 1302 1900 Sic
1325 1870 1365 1900 ad
1390 1880 1493 1900 unum
1519 1880 1571 1899 ve-

840 1931 922 1955 tusta
937 1923 1141 1963 exemplaria3
1164 1928 1256 1963 atque
1272 1921 1428 1952 editorum
1440 1921 1571 1952 inscitiae

841 1977 1024 2015 obstupesco
1041 1974 1198 2015 equidem,
1221 1979 1288 2004 tam
1303 1972 1383 2002 nihil
1399 1972 1437 2003 de
1452 1973 1571 2003 Lucre-

842 2028 920 2058 tiani
935 2028 1087 2058 sermonis
1109 2026 1216 2057 indole
1240 2025 1459 2066 cogitantium,
1484 2031 1519 2055 ut
1535 2025 1574 2055 de

843 2091 901 2111 suo
931 2090 1080 2120 reponere
1109 2091 1139 2110 se
1160 2081 1253 2121 flexit
1286 2088 1350 2108 non
1380 2078 1572 2109 erubuerint.

845 2133 909 2163 His
938 2131 1142 2163 intransitivis
1172 2141 1267 2161 nemo
1296 2129 1444 2161 libentius
1469 2136 1575 2161 nostro

841 2195 918 2215 usus
933 2191 988 2215 est.
1033 2183 1136 2214 Haud
1150 2183 1239 2213 aliter
1253 2182 1425 2213 dictionem
1452 2182 1570 2222 simpli-

843 2246 913 2267 cem
929 2235 1087 2276 Virgilius
1102 2234 1257 2273 adhibuit,
1275 2234 1352 2264 AEn.
1369 2233 1412 2264 ix.
1429 2237 1504 2265 572.

1054 2311 1104 2336 hos
1113 2311 1185 2336 Iaevo
1193 2310 1322 2341 flectentes
1333 2311 1421 2336 limite
1430 2314 1556 2335 cernunt.

846 2376 897 2406 Ita
923 2385 998 2406 sane
1018 2374 1188 2415 saepissime
1212 2384 1286 2405 cum
1311 2374 1511 2412 dictionibus,
1535 2384 1573 2404 ex

841 2428 900 2457 hac
928 2426 1032 2457 radice
1061 2426 1300 2466 pullulantibus,
1335 2435 1367 2454 se
1395 2435 1444 2455 res
1474 2427 1575 2457 habet.

844 2478 907 2508 Par
928 2477 1062 2508 absoluti
1085 2477 1169 2508 verbi
1193 2476 1329 2507 formula
1351 2475 1440 2506 valde
1455 2475 1572 2507 discru-

843 2529 948 2565 ciatos,
971 2534 1002 2559 et
1020 2528 1146 2566 frustra,
1170 2526 1364 2558 doctissimos
1385 2527 1467 2557 viros
1489 2527 1574 2559 dedit

845 2580 885 2610 ad
902 2580 1083 2617 Phaedrum,
1107 2580 1126 2610 i.
1141 2583 1171 2610 5.
1188 2582 1216 2610 7.
1239 2578 1282 2608 sic
1304 2578 1338 2607 in
1352 2578 1473 2618 scriptis
1487 2589 1573 2609 com-

843 2638 1017 2671 parentem:

872 2706 996 2731 Tumens
1008 2705 1081 2730 inani
1091 2704 1214 2738 graculus
1224 2703 1346 2736 superbia

872 2746 981 2775 Pennas,
992 2744 1092 2776 pavoni
1101 2750 1163 2775 quae
1175 2744 1341 2774 deciderant,
1351 2742 1479 2773 substulit,

874 2786 959 2816 Seque
969 2784 1130 2812 exornavit;
1148 2784 1255 2814 deinde,
1268 2788 1446 2809 contemnens
1457 2789 1530 2813 suos,

874 2823 1013 2848 Immiscuit
1025 2831 1052 2849 se
1062 2830 1200 2856 pavonum
1211 2823 1330 2848 formoso
1341 2823 1426 2856 gregi.

843 2892 866 2924 J
869 2898 972 2923 ustam
991 2903 1171 2924 mensuram
1196 2903 1300 2923 versus
1321 2897 1497 2932 postremus
1518 2900 1570 2920 su·
