1912 3292
417 259 651 307 LIBER
699 253 1080 312 QUARTUS.

1415 263 1501 302 301

214 391 325 432 Haec
344 390 433 431 loca
451 386 688 441 capripedes
710 385 892 438 Satyros,
916 372 1227 438 Nymphasque,
1249 391 1387 426 tenere

43 469 124 505 585
158 463 380 506 Finitumei
399 461 580 516 fingunt3
613 466 653 499 et
675 457 840 498 Faunos
861 471 946 497 esse
965 456 1204 511 loquuntur,

155 538 346 587 Quorum
365 534 582 589 noctivago
602 531 788 586 strepitu,
809 529 988 585 ludoque
1001 529 1173 584 jocanti‚

153 611 390 653 Adfirmant
409 607 530 665 volgo
550 606 754 648 taciturna
773 604 933 645 silentia
953 603 1110 658 rumpi;

268 764 350 797 pulsa?
361 764 474 796 referunt
484 764 519 788 ad
528 763 612 789 sidera
624 762 713 788 valles.

507 808 536 838 Β
541 817 558 836 E
566 817 586 837 N
593 817 614 836 T
620 817 638 836 L
644 817 660 836 ε
666 817 676 836 1
682 817 702 836 u
710 816 722 836 s
729 828 736 836 .

14 892 60 922 At
79 891 166 922 enim
187 890 266 921 illud
288 892 349 922 icta
379 900 451 920 cum
475 892 669 930 repulsantes,
692 889 739 919 vir

12 944 141 984 magne!
165 943 242 984 quiS‚
257 943 306 972 vel
320 948 445 973 auctore
459 948 497 976 te,
513 940 704 980 probaverit?

57 995 131 1025 Ver.
148 998 218 1025 584.
242 996 377 1034 Satyros:
405 993 445 1023 Ο.
464 995 736 1033 Satyri.-—tenere.-

14 1045 56 1076 V.
72 1046 119 1076 ed.
135 1053 270 1086 teneque.

58 1098 139 1128 Ibid.
155 1101 332 1138 capripedes
348 1101 487 1138 Satyros:
505 1097 594 1128 sicin
613 1095 741 1126 Anthol.

18 1150 119 1180 Graec.
135 1151 284 1180 babemus
301 1152 313 1181 ὃ
331 1163 490 1192 τρωγοπες,
517 1156 547 1180 et
573 1149 742 1189 ωιγοπσδης,

16 1205 162 1242 Σατυρος.·
189 1208 220 1231 et
234 1202 267 1232 in
284 1201 420 1242 Meleag.
436 1201 516 1241 epig.
532 1203 585 1231 27.
601 1201 743 1242 αιγιὲατῃ

19 1258 115 1287 Ham
142 1262 237 1292 quam
253 1263 362 1282 vocem
377 1263 450 1282 cum
472 1252 540 1282 aliis
562 1257 672 1291 sponte
695 1261 743 1280 re·

18 1303 182 1333 stitueram
198 1304 374 1339 Theocrito,
388 1304 421 1333 in
437 1304 515 1343 epig.
533 1306 561 1334 5.·
583 1313 639 1341 pro
648 1303 743 1340 scrip-

16 1353 88 1384 tura
103 1354 253 1384 librorum
269 1354 377 1384 vitiosa
399 1355 561 1394 αιγιέαταν-
588 1353 642 1383 sed
664 1353 744 1382 forte

19 1414 59 1434 an
75 1415 182 1434 verum
198 1405 305 1435 fuerit:

77 1476 157 1500 Πκνυι
171 1485 210 1500 ‘rov
224 1474 422 1500 AII'IHOAAN
433 1482 596 1509 ορφανισωμες
607 1474 675 1500 timu.

20 1540 195 1577 Homerus,
210 1540 316 1579 hymn.
332 1538 366 1568 in
379 1539 456 1569 Pan.
473 1542 503 1569 2.

81 1610 300 1640 ΑΙΓΟΠΟΔΗΝ,
314 1610 445 1645 δικερωτοι,
458 1614 644 1645 φιλοκροτον-.

24 1678 62 1704 To
77 1674 273 1712 capripedum
290 1674 468 1712 Satyrorum
491 1671 596 1702 Flacci
611 1671 750 1710 puerulis

23 1729 146 1754 notum.
191 1722 346 1754 Mendam
375 1723 540 1752 abluamus
569 1723 686 1752 interea
713 1731 751 1752 ex

25 1775 220 1806 nitidissimis
231 1775 421 1806 carminibus
432 1775 603 1811 Theocriti,
614 1774 700 1815 idyu.
712 1774 751 1805 iv.

28 1831 77 1858 65.

370 1917 398 1933 το
409 1916 445 1932 τοι
458 1915 523 1938 γενος
538 1917 553 1935 ν,
569 1906 735 1940 zamam-2015

48 1954 167 1986 Εγγυθεν,
181 1966 196 1984 ν,
207 1956 317 1980 Harsa-0⁷1
330 1955 650 1980 ΤΡΑΓΟΚΝΑΜΟῙΣΙΝ
665 1953 753 1988 ερισδει.

28 2029 120 2060 Effiti
148 2028 350 2068 ineptissime,
389 2041 620 2068 κακοκναμωσιν.
669 2028 755 2068 Aga-

30 2080 119 2117 thias‚
128 2080 208 2121 epig.
220 2084 269 2111 28.
279 2079 420 2110 similiter
431 2082 520 2110 Pana
534 2079 646 2110 vocitat
658 2093 758 2119 atym-

32 2146 125 2172 ναμον.

73 2184 148 2214 Ver.
164 2185 236 2215 585.
260 2185 452 2215 Finitumei:
473 2190 513 2214 Π.
531 2185 674 2214 Fz'nz'tum
684 2198 695 2219 ,·
711 2181 761 2212 vel

35 2244 160 2265 servans
174 2235 284 2265 veteris
299 2235 528 2274 orthographiae
548 2234 687 2274 vestigia,
713 2232 762 2263 vel

40 2299 73 2317 το
82 2297 142 2321 um,
154 2296 210 2325 pro
223 2287 287 2321 imi,
299 2286 417 2316 eisdem
428 2296 502 2315 sane
514 2286 665 2321 ductibus,
681 2285 764 2315 male

39 2337 182 2367 oculatus
195 2337 294 2367 scriba
308 2337 419 2375 posuit.
463 2336 583 2376 Vulgo,
600 2338 746 2366 Finitimi
750 2351 761 2372 ;

42 2394 78 2418 ut
92 2388 126 2418 in
141 2388 228 2418 libris
236 2388 394 2426 omnibus,
408 2394 514 2418 contra
525 2398 645 2417 morem
656 2387 766 2426 seculi,

42 2445 74 2470 et
95 2440 129 2469 in
158 2439 267 2479 primis
290 2441 399 2479 poetae,
422 2439 562 2478 priorum
590 2445 768 2478 temporum

42 2491 250 2522 venerabilem
284 2491 537 2531 orthographiam
573 2491 770 2521 sectantis.—

45 2544 187 2574 Faunos,-
216 2542 310 2572 Vind.
332 2542 460 2583 ΙῘὶιιιηεε.
506 2543 675 2579 Caeterum,
705 2543 771 2572 haec

44 2593 178 2624 numina
192 2600 330 2624 recenset
344 2604 477 2624 numero
492 2594 694 2630 Prudentius,
716 2603 769 2632 pe-

45 2646 109 2676 rist.
125 2655 154 2676 x,
172 2648 243 2676 241.
266 2645 340 2676 hinc
356 2646 473 2685 optime
488 2645 702 2685 explicandus:

77 2726 150 2758 Quid
161 2726 323 2751 rusticorum
335 2730 458 2751 monstra
468 2728 586 2752 detester
597 2726 697 2752 deum?

79 2766 194 2796 Faunos,
204 2766 319 2797 Priapos,
331 2765 480 2790 fistularum
492 2766 628 2798 praesides,

81 2804 219 2836 Nymphas
230 2808 365 2835 natantes,
376 2805 530 2836 incolasque
540 2804 683 2836 aquatiles:

54 2884 205 2922 sylvarum
231 2885 369 2924 profecto
395 2885 480 2923 deos,
502 2887 666 2921 hortorum,
693 2896 777 2916 mon-

56 2935 205 2977 tiumque,
233 2936 282 2967 vel
302 2939 407 2969 Panas
432 2936 552 2978 utique:
581 2937 636 2978 qui
661 2943 779 2974 tamen,

782 767 817 792 ut
831 772 869 792 ex
884 761 972 792 nulla
988 766 1074 801 parte
1088 758 1277 791 recensionis
1288 758 1382 799 justae
1398 763 1503 793 cesset,

781 814 826 844 ita
841 813 1052 843 rescribendus
1064 817 1120 842 est:

828 880 975 913 Nymphas,
986 882 1106 911 Napaeas‚
1115 878 1269 909 incolasque
1280 875 1422 908 aquatiles:

782 956 846 980 tam
857 951 1018 990 Dryadas,
1029 958 1123 989 quam
1136 948 1302 983 Nere'z'clas,
1314 945 1357 974 sic
1369 943 1507 982 amplex-

783 1011 820 1030 us
839 1000 962 1030 scilicet.
1007 998 1178 1039 Egregiam
1202 1006 1273 1026 vero
1299 994 1507 1034 phantasiam,

783 1051 858 1082 hinc
877 1057 1026 1086 exortam,
1043 1050 1132 1079 nobis
1147 1048 1267 1079 extudit
1282 1046 1426 1085 praeclara
1441 1045 1508 1075 Va-

784 1103 852 1133 lerii
869 1103 970 1133 Flacci
982 1101 1131 1138 inventio,
1146 1101 1167 1130 i.
1180 1104 1249 1130 105.
1265 1109 1334 1139 quae
1345 1096 1509 1138 jucundis-

785 1155 865 1184 sima
880 1153 1022 1183 obveniet
1036 1152 1215 1182 lectoribus:

818 1228 864 1256 At,
874 1226 968 1256 quibus
977 1232 1104 1249 arvorum
1115 1223 1288 1252 studiumque
1300 1220 1411 1245 insontis
1419 1219 1511 1248 aratri,

818 1267 871 1290 Hos
881 1262 1197 1294 stimulant,;magnaque
1207 1264 1304 1289 ratem,
1316 1266 1363 1290 per
1373 1259 1456 1282 lustra
1476 1257 1513 1281 vi-

911 1310 992 1334 asque

818 1343 881 1373 Visi,
892 1343 970 1367 laude
981 1345 1082 1367 canunt
1097 1339 1241 1365 manifesto
1253 1338 1279 1362 in
1292 1337 1394 1361 lumine
1405 1335 1500 1365 Fauni,

819 1383 1014 1416 sylvarumque
1023 1383 1099 1411 Deae,
1106 1384 1187 1412 atque
1195 1379 1269 1404 elatis
1275 1377 1399 1402 cornibus
1405 1377 1514 1401 Amnes.

791 1464 882 1493 Dum
898 1472 968 1492 vero
983 1462 1017 1491 in
1032 1462 1091 1491 hoc
1113 1469 1230 1494 sumus,
1254 1467 1355 1497 operae
1381 1455 1517 1495 pretium

789 1514 885 1544 fuerit
913 1513 1059 1544 resarcire
1095 1517 1127 1542 et
1151 1509 1317 1542 emendare
1355 1508 1518 1543 Senecam,

792 1564 923 1605 Hippol.
942 1567 1012 1595 784.

839 1641 872 1664 Et
882 1640 981 1664 somnis
991 1639 1094 1664 facient
1104 1637 1209 1662 insidias
1217 1636 1272 1661 tuis

840 1679 960 1704 Lascivae
972 1685 1114 1703 nemorum
1119 1675 1297 1709 frondiferum
1313 1676 1396 1704 Deae;

840 1721 979 1750 Panesque,
990 1722 1012 1742 et
1024 1718 1144 1749 Dryades
1154 1715 1324 1746 montivagos,
1333 1715 1426 1746 petent.

797 1794 879 1824 Haec
905 1803 977 1824 vero
1000 1792 1144 1823 videntur
1170 1789 1260 1820 nobis
1283 1788 1408 1818 similia.
1459 1786 1523 1816 Lo-

797 1859 872 1879 cum
889 1847 988 1883 adeas,
1012 1853 1043 1877 et
1067 1843 1239 1886 perpendas
1260 1841 1379 1872 ibidem
1393 1839 1528 1870 varieta-

798 1907 863 1930 tem
878 1899 1027 1929 lectionis.

802 1961 968 1995 Caeterum,
998 1960 1031 1988 in
1058 1957 1258 1998 sequentibus
1286 1963 1377 1984 voces
1401 1953 1528 1990 strepitu

800 2018 928 2056 ludoque
966 2013 1164 2053 potissimum
1200 2008 1370 2048 respiciunt
1406 2008 1531 2044 Satyros

806 2068 1027 2108 Iffymplzasque
1043 2063 1157 2093 lascivo
1168 2062 1240 2091 lusu
1255 2060 1473 2094 discurrentes,
1501 2060 1533 2085 et

805 2129 890 2149 sonos
905 2117 1100 2157 querelasque
1115 2114 1198 2144 tibiae
1220 2111 1377 2151 pertinent
1393 2108 1433 2138 ad
1449 2108 1533 2137 Fau-

804 2181 872 2208 nos,
888 2168 1024 2199 musicos
1039 2166 1113 2197 deos
1128 2175 1163 2195 ac
1179 2162 1329 2194 facundos
1344 2167 1443 2191 vates:
1462 2158 1534 2188 vide

805 2223 896 2263 Virg.
924 2221 998 2251 AEn.
1023 2219 1073 2248 vii.
1100 2221 1150 2248 81.
1174 2217 1258 2247 Hor.
1274 2221 1329 2244 art.
1355 2213 1436 2252 po'e't.
1463 2213 1535 2240 244.

809 2275 957 2313 Calpurn.
973 2271 1028 2301 ecl.
1045 2271 1064 2300 i.
1082 2273 1131 2302 91.
1156 2267 1266 2299 Isidor.
1291 2266 1389 2305 origg.
1406 2263 1468 2293 viii.
1487 2265 1535 2292 11.

853 2325 932 2356 Ibid.
948 2325 1110 2364 Nymphas
1119 2328 1146 2352 et
1158 2323 1290 2351 Faunos.
1315 2314 1537 2354 Inscriptiones

813 2375 950 2411 Gruteri,
969 2384 999 2413 p.
1014 2377 1087 2404 576.
1103 2372 1177 2402 inse.
1194 2375 1223 2400 27.

828 2458 987 2485 Plaudebant
997 2456 1103 2481 nemoris
1115 2455 1205 2485 Fauni,
1217 2452 1390 2486 Nymphaeque
1400 2447 1536 2473 sonabant.-

859 2497 1000 2523 Laetitiam
1010 2496 1106 2521 divum
1118 2495 1198 2520 sensit
1207 2496 1234 2518 et
1246 2492 1301 2523 ipse
1312 2491 1394 2514 locus.

818 2571 868 2600 Ita
883 2567 1116 2599 rescribendum
1131 2564 1288 2596 existimo:
1315 2562 1349 2591 in
1373 2558 1460 2589 libris
1474 2566 1540 2588 cor-

814 2629 905 2662 rupte
919 2621 1044 2662 legitur,
1061 2624 1084 2639 “
1102 2620 1235 2650 Parebat
1249 2627 1334 2647 ‘nemo
1351 2611 1484 2644 Fauni.”

857 2674 932 2703 Ver.
964 2675 1036 2703 586.
1072 2672 1229 2708 noctivago
1255 2668 1395 2705 strepitu:
1431 2671 1545 2701 nempe

819 2730 910 2756 noctu
926 2723 1018 2754 ferias
1029 2720 1194 2753 amatorias
1203 2718 1396 2752 exercebant,
1409 2725 1449 2744 ne
1460 2723 1545 2744 mor-

820 2776 932 2807 talium
957 2774 1056 2805 oculis
1081 2772 1346 2812 contingerentur.
1394 2768 1435 2797 In
1464 2766 1547 2795 hanc

820 2839 887 2859 rem
902 2826 1064 2858 cultissimi
1079 2823 1208 2865 quidam
1223 2819 1460 2859 mollissimique
1480 2827 1547 2847 ver-

820 2892 873 2913 sus
885 2879 1050 2915 Martialis,
1065 2879 1106 2908 ix.
1122 2881 1171 2908 62.
1192 2880 1241 2907 ll.
1257 2873 1421 2907 lectoribus
1436 2880 1549 2902 venus-

823 2935 863 2965 tis
879 2943 968 2966 aures
983 2930 1219 2965 demulcebunt:
