1912 3292
448 245 682 294 LIBER
730 241 1123 301 QUARTUS.
1440 251 1527 295 371

192 379 275 420 Seu
294 377 453 426 mulier,
475 381 563 415 toto
576 375 735 429 jactans
755 387 778 413 e
798 385 971 426 corpore
990 385 1190 422 amorem3

191 453 316 495 Unde
335 451 491 498 feritur,
515 462 564 488 eo
578 446 725 495 tendit,
747 445 950 502 gestitque
969 444 1095 494 coire,

190 527 246 568 Et
258 528 394 582 jacere
413 522 630 564 humorem
650 521 694 561 in
709 534 858 575 corpus
878 518 930 559 de
950 533 1124 574 corpore
1144 519 1330 560 ductum:

53 605 158 642 1050
191 600 382 655 Namque
401 597 652 653 voluptatem
671 595 867 651 praesagit
886 593 1015 635 multa
1035 593 1198 648 cupido.

192 673 303 715 Haec
323 673 465 714 Venus
486 680 546 713 est
565 671 702 720 nobis3
735 669 832 710 hinc
853 669 1025 710 ductum
1046 676 1105 709 est
1124 682 1279 708 nomen
1300 667 1480 709 Amoris:

191 747 309 790 Hinc
328 747 396 788 illa
416 754 456 789 et
475 747 658 802 primum
680 745 853 786 Veneris
873 743 1100 785 dulcedinis
1119 743 1162 783 in
1183 757 1255 783 cor

47 905 110 937 Sed
133 915 198 935 non
221 908 276 940 est,
298 903 353 944 qui
375 902 487 933 Flacco
501 901 685 933 illustrando
699 901 769 941 pul-

47 958 149 988 chrius
170 956 324 992 inserviat,
351 966 445 996 quam
467 955 641 993 Juvenalis,
668 954 708 985 ad
722 964 770 985 xv.

49 1013 121 1041 156.
146 1009 261 1040 ibidem
277 1008 422 1039 admotus
436 1008 585 1039 Baxtero:

334 1101 419 1132 cujuS,
429 1100 567 1125 manantia
577 1099 654 1129 fletu,

140 1141 194 1165 Ora
203 1140 331 1172 puellares
342 1139 446 1164 faciunt
456 1139 559 1164 incerta
569 1138 665 1170 capilli.

49 1224 113 1254 Ubi
129 1223 410 1254 animadversiones
427 1222 576 1263 Grangaei
592 1222 632 1252 ad
653 1222 770 1252 Lucre-

48 1275 83 1306 tii
109 1275 232 1306 versum
257 1286 321 1306 non
351 1275 547 1306 mediocriter
571 1274 699 1316 quidem
724 1274 770 1304 fa·

49 1326 145 1357 ciunt.

92 1377 175 1408 Ibid.
206 1379 345 1408 membris
370 1380 452 1409 hunc
470 1378 648 1418 jaculatur.
695 1377 771 1408 Per-

47 1439 144 1471 quam
157 1435 286 1460 venuste
301 1429 445 1468 Plautus,
461 1429 548 1459 Trin.
564 1429 595 1459 ii.
613 1432 639 1459 1.
659 1432 707 1460 16.

63 1513 152 1545 Quam
163 1520 200 1538 ex
210 1512 314 1545 templo
324 1512 410 1538 saviis
421 1512 545 1544 sagittatis
552 1516 684 1545 percussus
695 1515 747 1538 est!

49 1587 128 1618 Huc
142 1588 236 1618 etiam
250 1588 331 1618 refer
345 1588 526 1626 Maronem,
548 1598 615 1629 geo.
630 1588 663 1618 ii.
680 1591 752 1620 476.

80 1676 201 1707 Quarum
212 1682 286 1700 sacra
296 1675 365 1706 fero,
381 1675 484 1707 ingenti
492 1678 624 1707 percussus
634 1681 726 1699 amore.

51 1747 150 1778 Varia
163 1747 255 1778 lect10
264 1749 423 1788 perculsus
438 1747 478 1778 ad
492 1747 586 1777 istum
596 1746 702 1777 locum
716 1751 776 1776 sta-

51 1798 110 1828 tim
132 1804 197 1828 erat
218 1797 421 1838 explodenda.
468 1798 554 1834 Quid
576 1798 692 1828 distent
710 1808 776 1828 ver-

50 1851 100 1887 ba,
116 1849 216 1879 discas
231 1850 269 1879 ab
284 1850 502 1880 commentatis
516 1860 619 1889 supra,
637 1849 677 1879 ad
692 1849 711 1880 i.
729 1853 777 1880 15.

96 1908 170 1939 Ver.
187 1912 278 1939 1047.
302 1920 317 1939 e
342 1920 480 1949 corpore:
509 1916 549 1940 Π.
576 1911 612 1940 (le
634 1915 754 1949 pectore
763 1924 774 1946 ;

50 1960 98 1990 uti
120 1960 302 2000 saepiuscule
323 1960 440 1991 librarii
461 1966 680 2000 peccaverunt:
707 1960 777 1991 vide

53 2023 110 2043 nos
125 2013 164 2043 ad
178 2014 198 2044 i.
213 2018 264 2046 59.
290 2014 397 2045 Codex
415 2015 503 2045 Statii
518 2015 550 2045 in
565 2016 637 2045 MS.
649 2016 682 2044 in
699 2016 775 2045 Mu-

53 2074 114 2094 saeo
130 2064 325 2103 Britannico,
349 2066 444 2096 seculi
459 2066 560 2097 dictus
574 2066 638 2096 xiii.
654 2066 707 2096 sed
722 2077 778 2097 no-

53 2115 100 2145 bis
115 2126 153 2145 ex
168 2115 330 2147 literarum
346 2116 456 2147 formis
471 2118 626 2158 antiquior
642 2118 776 2155 habitus,

52 2166 91 2197 ad
106 2167 205 2198 Theb.
221 2168 252 2198 ii.
267 2172 340 2200 327.
363 2179 418 2208 pro
435 2177 572 2210 pectora,
599 2169 652 2200 dat
675 2181 777 2210 corpo-

52 2231 106 2251 ra:
133 2227 225 2261 atque
240 2221 280 2252 ad
294 2232 354 2253 ver.
371 2226 444 2253 484.
468 2223 541 2254 ibid.
559 2233 616 2262 pro
633 2225 776 2263 Corpora,

54 2271 188 2301 vicissim
202 2272 296 2302 habet
311 2275 450 2304 Pectora.

98 2321 179 2352 Ibid.
191 2323 321 2363 jactans
342 2335 357 2354 e
378 2335 500 2364 corpore
522 2336 651 2355 amorem
657 2341 668 2361 ,·
692 2326 781 2365 quasi

55 2375 133 2406 lucis
147 2377 279 2414 spicula,
305 2375 353 2405 vel
378 2387 487 2406 auram
516 2383 546 2406 et
572 2377 778 2416 splendorem,

56 2426 185 2456 scilicet:
223 2428 398 2458 committas
423 2428 518 2458 modo
546 2430 712 2465 observata,
743 2429 783 2459 ad

57 2486 118 2506 ver.
142 2479 234 2508 1027.
258 2483 289 2508 et
310 2489 337 2509 V.
364 2482 438 2510 576.
460 2489 534 2509 cum
556 2481 669 2510 notatis
691 2480 730 2510 ad
752 2481 782 2512 ii.

57 2531 129 2559 850.

101 2587 176 2618 Ver.
195 2591 285 2620 1049.
307 2591 360 2619 de:
387 2589 428 2620 V.
445 2590 492 2620 ed.
510 2590 546 2620 B.
568 2593 779 2622 e.—ductum:

61 2638 156 2669 Vind.
173 2639 214 2669 V.
230 2639 279 2670 ed.
301 2645 334 2671 Σ.
353 2647 396 2671 Ω.
419 2643 569 2672 eductum.

103 2690 183 2721 Ibid.
197 2692 305 2731 jacere
319 2694 489 2723 humorem:
516 2704 636 2733 nempe,
661 2709 782 2734 ryowpcov·

61 2744 100 2775 de
114 2744 176 2786 qua
189 2756 222 2775 re
244 2747 445 2778 usitatissima
466 2754 511 2778 est
531 2749 669 2778 Lucretii
696 2749 782 2779 locu-

57 2795 111 2831 tio,
127 2796 207 2827 sicut
221 2807 277 2827 nos
291 2798 432 2837 pluribus
445 2800 638 2830 ostendimus
654 2799 783 2836 dudum,

60 2848 94 2878 in
113 2848 183 2878 Silv.
201 2849 278 2881 Crit.
295 2858 366 2881 sect.
382 2851 441 2882 clii.
465 2860 495 2882 et
510 2859 584 2883 tom.
602 2863 628 2883 v.
647 2864 675 2892 p.
694 2857 762 2883 148.

103 2908 177 2938 Ver.
197 2911 286 2940 1050.
300 2913 498 2951 voluptatem:
525 2913 562 2944 B.
585 2915 782 2949 voluntatem,-

815 904 850 931 Δ.
866 900 1234 939 cupz'dz'tatem.——multa.-
1263 897 1357 928 Vind.
1373 898 1414 928 V.
1437 897 1484 929 ed.
1501 898 1538 929 L.

816 952 855 982 O.
873 957 908 982 Δ.
924 956 959 983 Σ.
978 957 1022 981 Ω.
1046 956 1140 980 muta.

856 1003 932 1033 Ver.
959 1005 1048 1034 1051.
1073 1003 1171 1033 Hcec:
1210 1002 1251 1032 O.
1278 1008 1322 1032 Π.
1347 1003 1543 1033 Nea—duc-

814 1061 896 1085 tum:
922 1055 966 1084 ita
988 1053 1138 1092 scriptum
1160 1053 1261 1091 reperi
1284 1053 1317 1082 in
1339 1053 1482 1093 margine
1501 1059 1543 1083 Π.

813 1117 870 1145 pro
884 1105 968 1136 varia
984 1105 1128 1142 lectione,
1151 1110 1182 1134 et
1199 1104 1332 1144 dignum
1351 1105 1465 1144 putavi,
1481 1114 1544 1145 quo

814 1160 980 1190 Lucretius
997 1159 1066 1199 jam
1089 1158 1216 1189 tandem
1240 1158 1432 1197 postliminio
1454 1158 1543 1189 redo-

814 1218 955 1242 naretur:
999 1212 1040 1242 0.
1071 1213 1157 1247 vitae;
1197 1211 1317 1241 codices
1349 1211 1453 1240 nescio
1490 1211 1546 1251 qui

814 1263 975 1300 Lambini,
995 1264 1084 1298 mite;
1115 1261 1199 1302 quod
1228 1272 1293 1292 non
1317 1261 1540 1301 spernendum:

815 1315 921 1355 vulgo,
945 1320 1062 1350 autem;
1087 1324 1157 1354 quae
1179 1313 1330 1353 scriptura
1345 1323 1544 1354 summopere

816 1367 905 1398 nobis
919 1366 1020 1408 friget.
1065 1365 1230 1406 Virgilius,
1251 1367 1326 1396 AEn.
1343 1375 1371 1396 x.
1390 1369 1460 1397 145.

979 1442 1041 1467 hinc
1053 1449 1142 1466 nomen
1155 1443 1304 1473 Campanae
1317 1441 1420 1466 ducitur
1430 1441 1499 1465 urbi.

817 1512 880 1542 Pro
893 1523 1002 1542 nomen
1018 1517 1133 1547 autem,
1153 1512 1322 1542 Creechius
1341 1521 1406 1541 non
1420 1510 1546 1550 illepide

816 1564 976 1603 proposuit
996 1575 1124 1594 numen:
1151 1569 1181 1593 et
1203 1574 1277 1594 sane
1298 1564 1411 1603 passim
1427 1563 1475 1593 his
1494 1573 1547 1592 vo-

817 1615 905 1645 cibus
926 1614 1043 1645 librarii
1066 1615 1226 1651 oberrant;
1260 1615 1314 1645 sed
1336 1624 1394 1644 nec
1423 1624 1547 1644 necesse

818 1671 864 1695 est
879 1675 992 1695 novare
1006 1667 1065 1694 hoc
1074 1670 1224 1703 tempore,
1241 1676 1299 1695 nee
1307 1665 1416 1696 sinunt
1427 1665 1548 1695 codices

820 1717 916 1747 MSS.
943 1717 993 1746 vel
1018 1716 1207 1755 exemplaria
1236 1717 1316 1756 typis
1345 1717 1548 1747 conformata.

822 1768 958 1806 Interea,
981 1767 1020 1798 ad
1034 1767 1114 1797 iilud
1129 1769 1200 1798 mite
1217 1778 1281 1797 non
1296 1767 1403 1798 leviter
1416 1767 1545 1798 inclinat

822 1819 955 1849 animus.
1002 1818 1053 1849 Sic
1069 1818 1226 1855 Tibullus,
1249 1819 1268 1849 i.
1288 1822 1334 1849 10.
1350 1818 1403 1849 fin.

1076 1887 1130 1912 miti
1141 1888 1174 1912 sit
1184 1887 1278 1920 procul
1289 1895 1304 1912 a
1314 1890 1413 1913 Venere.

822 1951 914 1982 Idem
929 1962 1046 1989 rursus,
1069 1951 1100 1981 ii.
1119 1955 1148 1981 5.
1167 1954 1217 1982 71.

821 2030 906 2060 Tum,
918 2030 1013 2061 quibus
1022 2030 1172 2061 adspirabat
1184 2031 1272 2059 Amor,
1293 2029 1432 2061 praebebat
1442 2032 1535 2062 aperte

853 2070 926 2095 Mitis
938 2070 964 2094 in
978 2070 1103 2095 umbrosa
1116 2070 1212 2102 gaudia
1223 2070 1292 2095 valle
1302 2072 1393 2095 Venus.

821 2139 865 2169 Et
879 2138 1044 2179 ingenium
1058 2139 1119 2169 loci
1142 2139 1309 2169 manifesto
1330 2141 1448 2178 probat,
1472 2139 1546 2179 po'e'-

820 2196 885 2220 tam
910 2191 1016 2220 omnia
1031 2191 1164 2222 voluisse
1184 2191 1338 2222 coloribus
1352 2192 1430 2221 laetis
1445 2191 1549 2231 depic—

821 2248 861 2273 ta.
908 2242 968 2273 Sed
988 2244 1021 2272 in
1037 2243 1143 2274 medio
1165 2254 1232 2274 rem
1247 2244 1462 2284 relinquimus,
1486 2243 1547 2274 lec—

822 2294 942 2324 toribus
956 2294 1086 2324 eruditis
1097 2295 1293 2335 venustisque
1308 2294 1551 2335 dijudicandam.

867 2345 940 2375 Ver.
966 2349 1054 2377 1052.
1078 2348 1133 2376 illa
1156 2353 1202 2377 et:
1237 2346 1256 2375 i.
1272 2356 1298 2376 e.
1326 2349 1347 2364 “
1364 2345 1438 2376 hinc
1459 2350 1553 2376 etiam

826 2400 848 2415 “
864 2396 919 2426 illa
933 2403 1023 2437 gutta
1037 2394 1245 2428 Veneris-.''
1292 2397 1373 2426 Satis
1387 2398 1482 2427 bene:
1509 2396 1554 2426 sic

826 2453 931 2477 autem
955 2448 1105 2487 scriptum
1129 2455 1174 2479 est
1196 2449 1228 2477 in
1258 2447 1352 2478 Vind.
1380 2448 1419 2478 Ο.
1446 2452 1481 2478 Δ.
1506 2454 1552 2479 Ω.

827 2500 880 2530 sed
902 2501 937 2530 P.
965 2500 1003 2530 V.
1029 2501 1076 2532 ed.
1104 2502 1140 2532 B.
1168 2503 1272 2536 ittam
1299 2501 1345 2530 M.
1370 2502 1423 2530 illa
1451 2512 1486 2536 α,-
1512 2506 1554 2530 Π.

827 2555 929 2590 z'llate;
956 2559 988 2584 Σ.
1005 2556 1059 2584 illa
1076 2561 1109 2585 ut
1116 2570 1126 2590 ,·
1153 2554 1189 2584 L.
1206 2555 1259 2583 illa
1275 2564 1323 2589 er,
1341 2552 1393 2582 sed
1409 2552 1554 2582 secundae

827 2604 951 2642 mansis,
967 2604 1054 2635 erasa
1074 2612 1174 2635 vetere
1191 2602 1351 2643 scriptura.
1376 2604 1413 2634 P.
1428 2604 1554 2642 insuper

827 2657 919 2685 habet
928 2658 1028 2695 prius,
1053 2666 1108 2695 pro
1125 2658 1278 2695 primum;
1303 2655 1387 2695 quod
1402 2660 1551 2685 correcto-

827 2706 868 2736 ris
882 2706 1019 2747 digitum
1034 2706 1213 2746 planissime
1229 2706 1372 2737 declarat.

872 2758 952 2788 Ibid.
983 2760 1103 2789 Veneris
1117 2761 1296 2789 dulcedinis.
1333 2758 1488 2794 Jusfinus,
1501 2757 1553 2788 xli.

827 2814 856 2840 5.
877 2814 904 2840 l.
930 2813 952 2829 “
971 2811 1104 2849 Uxores,
1123 2813 1283 2842 dulcedine
1298 2810 1390 2841 variae
1403 2812 1554 2847 libidinis,

830 2866 852 2880 ‘⁶
869 2862 985 2903 singuli
1014 2862 1118 2902 plures
1146 2864 1292 2894 habent.”
1337 2864 1422 2894 Item
1451 2863 1552 2897 Maro,

829 2914 904 2944 AEn.
921 2913 961 2944 xi.
978 2917 1048 2945 558.
