1912 3292
501 249 735 300 LIBER
788 247 1172 305 QUARTUS.

1484 257 1577 302 207

233 387 357 428 Nunc
377 397 497 441 agere
516 381 712 436 incipiam
731 377 822 429 tibi,
854 377 967 434 quod
986 377 1250 420 vehementer
1270 378 1324 420 ad
1342 378 1416 421 has
1435 395 1499 422 res

231 460 419 509 Adtinet,
442 470 526 497 esse
546 470 608 505 ea,
631 468 725 510 quae
745 466 885 495 rerum
905 451 1121 493 simulacra
1142 467 1354 503 vocamus3

146 538 198 576 35
231 534 354 583 Quae,
385 530 501 587 quasi
521 529 774 571 membranae
795 541 956 569 summo
977 526 1029 568 de
1049 541 1224 582 corpore
1243 541 1383 568 rerum

228 607 443 661 Dereptae‚
465 605 638 646 volitant
656 604 781 654 ultro,
804 603 1004 658 citroque,
1026 616 1102 657 per
1121 616 1240 643 auras
1247 619 1260 651 ;

228 682 368 736 Atque
388 679 547 730 eadem,
569 678 689 720 nobis
708 676 971 735 vigilantibus
991 675 1128 726 obvia,
1150 676 1323 716 menteis

229 754 494 805 Terrificant‚
517 763 639 810 atque
658 753 702 793 in
723 752 888 800 somnis,
912 765 1039 807 quom
1060 765 1168 806 saepe
1187 749 1342 807 figuras

232 829 484 872 Contuimur
504 829 644 879 miras,
668 827 964 882 simulacraque
983 825 1073 867 luce
1092 833 1328 874 carentum;

141 908 196 945 40
228 903 338 953 Quae
358 919 434 945 nos
453 902 662 953 horrifice,
683 901 938 958 languenteis
959 914 1068 955 saepe
1089 913 1250 954 sopore,

86 1060 259 1091 Videamus
273 1059 382 1100 igitur,
405 1070 446 1090 an
472 1061 529 1090 has
552 1069 644 1091 voces
668 1059 712 1089 ita
738 1058 814 1090 defi-

85 1114 154 1145 nire
167 1125 204 1145 ac
218 1114 413 1155 distinguere
424 1125 481 1144 nos
495 1114 684 1151 evaleamus,
699 1119 736 1144 ut
747 1124 813 1144 om-

85 1165 135 1196 nis
149 1165 331 1205 disceptatio
345 1165 486 1204 tollatur,
510 1171 541 1196 et
562 1165 602 1195 de
625 1164 816 1206 quibuslibet

85 1216 171 1254 locis,
194 1217 229 1247 in
243 1217 356 1258 quibus
377 1217 450 1247 libri
464 1218 602 1255 turbant,
625 1216 676 1246 vel
691 1222 815 1256 tyrones

83 1268 279 1298 tutissimum
298 1267 457 1308 judicium
472 1268 591 1308 possint
605 1268 813 1306 interponere.

87 1318 152 1350 Aio
166 1319 280 1359 igitur;
303 1321 441 1359 deripere
454 1318 584 1359 aliquid,
609 1324 655 1348 est
680 1317 814 1348 “detra-

85 1373 108 1389 “
125 1371 198 1400 here
221 1370 260 1400 de
285 1380 412 1408 corpore
434 1375 555 1409 partem
578 1368 749 1409 quandam,
772 1368 817 1398 ita

85 1425 108 1441 “
124 1428 161 1452 ut
174 1432 298 1461 corpus,
321 1421 406 1452 unde
429 1421 485 1451 illa
509 1431 580 1460 pars
605 1420 743 1451 detracta
764 1420 815 1459 sit,

88 1479 110 1495 “
126 1476 160 1506 in
174 1475 244 1506 loco
259 1486 317 1506 suo
331 1482 459 1506 maneat
473 1475 718 1516 imperditum:”
735 1477 815 1506 diri-

81 1539 154 1568 pere
169 1534 283 1564 autem,
307 1534 353 1558 est
375 1532 397 1547 ‘⁴
413 1539 512 1569 usque
538 1528 616 1558 adeo
639 1529 765 1558 turbare
787 1533 818 1557 et

86 1583 109 1598 “
126 1590 178 1610 sus
207 1580 308 1620 deque
337 1580 450 1610 habere
479 1590 554 1616 rem,
588 1585 624 1610 ut
653 1579 820 1619 dissipetur

87 1633 110 1649 “
125 1630 278 1672 undique,
299 1641 336 1661 ac
351 1631 553 1671 disjiciatur.”
590 1631 719 1671 Optime
733 1631 818 1672 glos-

87 1688 168 1713 sator
182 1689 283 1713 vetus:
312 1686 334 1700 “
350 1684 514 1723 Deripere,
538 1691 721 1725 αφαρπασαι.
751 1685 817 1714 De-

87 1737 110 1752 “
126 1736 220 1774 ripio,
256 1742 424 1776 αφαιρεμαι.
469 1735 609 1774 Deripit,
648 1735 819 1776 ὑφαρπαζει.

88 1788 111 1803 “
127 1786 266 1825 Diripio,
289 1784 468 1827 διαρπαζω.”
517 1785 687 1825 Subjungit
712 1791 819 1815 tamen

89 1835 276 1876 glossemata
297 1836 404 1866 minus
426 1837 519 1874 bona,
542 1846 578 1866 ac
599 1835 733 1866 minime
746 1846 818 1875 pro-

88 1887 203 1918 banda:
239 1891 261 1905 “
277 1889 416 1927 Dirz‘pit,
440 1888 616 1930 αφαρπαζει.
660 1889 818 1928 Diripuit,

89 1942 112 1957 “
129 1939 325 1980 amnpaeoeaevss’
367 1938 487 1968 Similis
502 1938 645 1968 confusio
657 1944 702 1968 est
717 1938 750 1968 in
766 1948 817 1968 co·

88 1990 209 2021 dicibus
228 1991 268 2020 ad
284 1990 411 2030 Virgilii
430 1991 505 2020 AEn.
520 1990 539 2021 i.
557 1994 629 2021 211.
653 1990 708 2021 sed
724 1991 817 2020 veris-

88 2044 167 2075 sime
181 2043 264 2074 docti
279 2043 335 2072 viri
350 2043 501 2073 scribunt:

180 2115 302 2146 Tergora
313 2113 441 2146 deripiunt
451 2113 594 2139 costis—.

90 2171 204 2212 Neque
222 2172 344 2202 minore
363 2182 436 2202 cum
459 2172 579 2212 judicio
601 2173 683 2202 inter
705 2172 819 2203 discre-

91 2222 196 2261 pantia
220 2223 410 2262 exemplaria
433 2234 499 2253 rem
526 2224 658 2254 editores
683 2224 818 2254 admini-

91 2280 266 2304 straverunt
283 2274 323 2304 ad
344 2274 419 2304 AEn.
433 2275 472 2305 iv.
489 2278 561 2306 595.

182 2340 367 2372 Deripimtque
378 2346 448 2366 rates
459 2341 503 2365 alii
513 2341 651 2366 navalibus
658 2343 731 2366 ,3-

90 2400 188 2430 Hanc
204 2410 310 2430 vocem
323 2411 379 2440 pro
389 2403 537 2442 dirempta
551 2402 720 2433 certissime
731 2403 818 2433 resti-

90 2452 151 2482 tuit
180 2453 386 2483 Burmannus
411 2454 526 2484 Sereno
555 2454 730 2491 Samonico‚
757 2466 818 2487 ver.

90 2506 163 2534 553.
185 2504 238 2544 qui
254 2504 439 2534 Lucretium
455 2511 608 2543 nostrum,
633 2506 673 2536 ad
686 2516 748 2538 ver.
762 2510 817 2538 48.

90 2555 220 2595 hujusce
235 2555 317 2591 libri,
335 2555 501 2587 illustrabit
516 2557 693 2588 commode:

153 2637 257 2662 Arbore
266 2638 395 2670 Pyramea
406 2642 504 2664 cortex
515 2639 616 2672 derepta
626 2643 759 2672 coquetur

153 2677 215 2702 Axe
224 2677 273 2702 sub
285 2677 413 2704 aetherio:

96 2747 151 2778 ubi
166 2748 392 2780 Burmannum
407 2750 562 2789 consulas,
588 2757 628 2788 et,
644 2762 739 2794 quem
753 2763 819 2785 me-

94 2798 155 2828 rito
168 2798 286 2838 laudat,
303 2801 484 2837 Heinsium,
512 2802 551 2833 ad
573 2802 664 2834 ovid.
689 2810 762 2836 met.
776 2805 820 2837 iii.

94 2849 143 2878 52.
186 2849 276 2881 Hinc
307 2852 348 2888 Q.
380 2853 510 2883 Curtius
536 2854 739 2895 corrigendus
761 2862 818 2895 est,

92 2898 143 2929 vii.
159 2902 187 2930 5.
203 2905 253 2932 24.
281 2903 361 2934 “At
384 2903 441 2942 illi,
468 2905 668 2937 simulatione
692 2907 817 2944 omissa,

95 2953 119 2969 ⁸<
135 2950 364 2985 circumsistunt
388 2965 473 2992 eum,
503 2962 534 2986 et
562 2957 678 2988 frustra
703 2968 818 3001 repug-

861 1060 882 1076 “
899 1062 1030 1087 nantem
1046 1055 1206 1092 vinciunt3
1222 1057 1342 1094 derepto
1355 1064 1393 1085 ex
1409 1053 1588 1097 capitereg-

860 1112 883 1127 “
899 1109 934 1138 ni
958 1108 1083 1149 insigni,
1113 1106 1309 1147 laceratzique
1334 1111 1425 1141 veste,
1452 1116 1547 1146 quam
1573 1118 1590 1137 e

860 1163 882 1177 “
897 1159 1004 1198 spoliis
1030 1159 1124 1189 occisi
1148 1158 1230 1198 regis
1253 1158 1428 1188 induerat.”
1475 1158 1589 1200 Vulgo,

858 1212 985 1250 direpto.
1004 1209 1218 1250 Corrigendus
1230 1209 1326 1239 etiam
1340 1209 1510 1245 Ausonius,
1521 1210 1588 1249 epi·

857 1261 940 1300 taph.
962 1260 1050 1290 xxiii.
1067 1263 1095 1290 2.

875 1322 923 1346 Hic
935 1321 1032 1346 Priami
1041 1327 1096 1346 non
1108 1324 1147 1347 est
1159 1321 1292 1352 tumulus,
1309 1328 1358 1347 nec
1370 1323 1473 1347 condor
1484 1323 1511 1347 in
1523 1322 1572 1347 ista

906 1362 984 1386 sede:
1006 1364 1089 1394 caput
1100 1361 1186 1386 Danai
1195 1361 1325 1393 deripuere
1337 1368 1447 1386 meum:

859 1410 879 1441 i.
894 1421 920 1442 e.
943 1421 962 1441 a
976 1421 1103 1450 corpore
1118 1410 1286 1441 detraxere.
1332 1411 1589 1451 Vulgo,<‹iz'·rz‘pu-

859 1473 908 1494 ere
913 1479 924 1499 ;
949 1462 1034 1502 quod
1048 1473 1123 1493 cum
1137 1473 1254 1503 corpus,
1280 1473 1337 1502 pro
1354 1469 1456 1503 caput,
1480 1473 1590 1502 appro-

859 1515 1022 1545 bavissem.
1067 1515 1152 1545 Item
1167 1515 1276 1546 Plinio
1292 1525 1356 1545 non
1372 1515 1433 1545 alia
1448 1514 1592 1545 facienda

862 1573 908 1597 est
922 1567 1088 1603 medicina,
1112 1572 1174 1597 nat.
1198 1567 1268 1597 hist.
1295 1567 1378 1597 xviii.
1395 1571 1446 1598 72.
1473 1570 1495 1585 “
1515 1566 1592 1597 Gal-

863 1623 885 1639 “
902 1620 1017 1650 liarum
1052 1620 1239 1656 latifundiis,
1280 1620 1353 1650 valli
1383 1620 1593 1660 praegrandes,

863 1675 885 1690 “
903 1671 1051 1702 dentibus
1075 1672 1108 1702 in
1135 1673 1279 1713 margine
1310 1672 1439 1708 infestis,
1473 1672 1595 1702 duabus

863 1726 886 1741 ‘⁴
902 1723 979 1752 rotis
992 1733 1048 1762 per
1063 1730 1201 1763 segetem
1217 1723 1430 1762 impelluntur,
1447 1723 1594 1763 jumento

864 1774 935 1803 “in
964 1774 1156 1804 contrarium
1176 1774 1301 1814 juncto:
1333 1775 1378 1804 ita
1403 1777 1534 1814 dereptae
1560 1774 1594 1804 in

865 1828 887 1842 “
903 1825 1022 1855 vallum
1052 1825 1170 1856 cadunt
1201 1825 1335 1865 spicae:''
1375 1825 1395 1855 i.
1420 1835 1446 1856 e.
1481 1825 1595 1856 culmis

863 1876 986 1907 avulsae.
1033 1877 1150 1918 Vulgo,
1166 1880 1312 1918 direptae;
1339 1877 1478 1907 multum
1492 1877 1593 1908 diver-

862 1939 897 1958 so
911 1939 1013 1964 sensu,
1030 1935 1060 1959 et
1075 1929 1229 1959 occasioni
1245 1939 1371 1968 prorsus
1386 1928 1500 1959 alieno.
1528 1929 1596 1959 Nec

862 1979 968 2010 minus
982 1979 1056 2010 ibid.
1072 1979 1134 2010 xix.
1149 1983 1201 2010 56.
1239 1983 1260 1998 “
1278 1981 1353 2010 Hoc
1377 1986 1408 2010 et
1432 1981 1466 2010 in
1497 1981 1595 2021 rapis:

865 2034 887 2049 “
903 2040 977 2060 nam
993 2036 1024 2060 et
1039 2030 1162 2068 eadem,
1185 2033 1317 2070 dereptis
1332 2031 1428 2069 foliis,
1452 2038 1596 2072 cooperta

864 2086 887 2101 “
904 2082 995 2118 terra,
1023 2088 1179 2120 crescunt,
1204 2082 1382 2123 durantque
1407 2083 1441 2113 in
1456 2086 1596 2114 aestate-.“

863 2134 882 2165 i.
913 2145 940 2165 e.
969 2136 1116 2166 detractis
1145 2134 1239 2164 soliis.
1287 2134 1408 2175 Vulgo,
1448 2137 1576 2175 direptis
1582 2150 1594 2170 ;

863 2185 949 2227 quod
975 2192 1064 2216 sonat
1087 2188 1284 2218 dilaceratis:
1309 2186 1400 2217 male.
1447 2186 1598 2218 Similiter

863 2238 984 2272 scribas,
1007 2237 1082 2268 ibid.
1102 2248 1153 2268 xx.
1168 2240 1295 2269 59.—-“
1311 2237 1386 2268 huic
1401 2237 1495 2268 aridis
1510 2239 1595 2268 tuni-

864 2292 886 2307 “
903 2289 947 2319 cis
972 2288 1144 2328 dereptis:”
1179 2299 1236 2328 pro
1261 2288 1413 2319 mendose
1441 2289 1597 2329 evulgato,

863 2342 1000 2379 direptis.
1041 2340 1174 2376 Iterum,
1191 2350 1220 2370 x.
1237 2343 1267 2370 4.
1286 2343 1309 2358 “
1329 2340 1390 2370 Sed
1404 2339 1450 2369 vis
1464 2339 1518 2369 illa
1529 2349 1597 2369 me-

864 2394 886 2410 “
902 2391 972 2421 dica
995 2401 1059 2421 non
1080 2391 1141 2421 nisi
1160 2391 1235 2421 nido
1264 2391 1429 2431 dereptis.’'
1473 2390 1596 2420 Pariter

865 2441 935 2472 libri
951 2441 1003 2472 hic
1022 2442 1123 2472 vitiosi
1148 2448 1230 2478 sunt,
1253 2444 1380 2482 direptis
1407 2441 1596 2472 exhibentes

866 2492 1013 2523 Eandem
1023 2493 1159 2534 denique
1167 2493 1316 2524 mendam
1331 2503 1368 2524 ex
1378 2492 1488 2523 eodem
1501 2492 1596 2532 scrip-

864 2548 933 2573 tore
957 2543 1074 2580 tollam,
1105 2545 1179 2575 ibid.
1203 2545 1264 2575 viii.
1291 2547 1412 2575 54.-“
1429 2554 1488 2574 nec
1511 2543 1598 2574 idem

865 2597 889 2613 ‘⁴
903 2595 1027 2634 pollere,
1050 2597 1113 2626 nisi
1133 2597 1247 2626 viventi
1263 2596 1449 2636 dereptum.”
1494 2597 1597 2633 Editi‚

865 2648 1243 2686 direptum—Caeterum,
1271 2647 1311 2678 O.
1332 2648 1427 2678 habet
1440 2649 1598 2688 Εὐταίας

866 2698 953 2738 quasi
969 2700 1135 2736 Dierectae,
1163 2709 1219 2738 pro
1244 2699 1400 2739 Diruptae,
1427 2700 1596 2743 διαρρηιιτοι-

863 2760 933 2792 quae
955 2760 1014 2781 vox
1030 2751 1181 2782 Plautina
1202 2757 1256 2782 est.
1303 2751 1469 2784 Dictiones
1489 2759 1597 2785 autem

865 2805 1000 2844 direptus
1016 2809 1046 2833 et
1060 2806 1194 2835 directus
1210 2804 1373 2835 interdum
1388 2812 1597 2837 commutatas

865 2865 941 2892 esse,
970 2865 1029 2885 nos
1054 2855 1161 2886 docuit
1189 2855 1242 2886 ille
1274 2855 1544 2897 diligentissimus,
1567 2864 1599 2888 et

860 2907 981 2949 judicio
994 2908 1238 2946 subactissimus,
1255 2908 1542 2946 Drakenborchius,
1557 2909 1598 2940 ad

866 2960 933 2992 Liv.
949 2960 1063 2991 xxxvii.
1079 2963 1130 2991 51.
1147 2963 1174 2991 5.
