1912 3292
371 213 466 259 370

877 211 936 260 Τ.
975 212 1356 266 LUCRETII

519 337 651 395 quue
669 340 772 395 petit
791 355 939 398 corpus
958 360 1089 397 mens,
1111 349 1222 390 unde
1241 356 1301 392 est
1320 351 1456 394 saucia
1475 367 1626 397 amore.

507 413 698 470 Namque
718 430 859 459 omnes
878 419 1118 477 plerumque
1138 424 1286 469 cadunt
1307 426 1349 466 in
1370 426 1532 478 volnus;
1564 437 1604 470 et
1624 428 1732 472 illam

505 486 667 530 Emicat
688 489 731 531 in
750 500 910 546 partem
931 497 1110 552 sanguis,
1142 498 1254 540 unde
1272 499 1419 542 icimur
1438 502 1539 544 ictu:

504 560 575 612 Et,
598 563 629 604 si
652 565 866 607 conminus
887 576 961 617 est,
983 568 1142 611 hostem
1163 573 1287 614 ruber
1306 575 1485 631 obcupat
1506 576 1668 620 humor.

364 638 468 675 1045

559 637 627 678 Sic
648 638 787 693 igitur,
811 639 983 681 Veneris
1003 643 1074 697 qui
1094 644 1182 685 telis
1202 645 1355 701 adcipit
1374 649 1492 700 ictus,

498 709 592 750 Sive
611 724 714 764 puer
732 711 926 754 membris
946 714 1212 758 muliebribus
1232 717 1342 760 hunc
1356 721 1575 776 jaculatur,

348 861 380 892 ta
395 871 468 892 cum
490 864 630 894 ubertate
648 864 823 904 Lucretius,
846 873 878 898 et
899 868 1072 907 aptissima-

346 923 416 944 rum
447 924 506 953 ope
535 914 720 955 figurarum,
752 917 1002 960 decentiumque,
1039 921 1073 951 in

344 966 413 1002 hoc,
457 972 487 996 et
524 969 724 1008 sequentibus
760 970 882 1001 duobus
918 972 1072 1011 versibu53

342 1027 420 1057 quos
448 1027 605 1049 summam
638 1030 693 1059 per
721 1021 889 1061 inscitiam,
922 1033 958 1053 ac
987 1024 1073 1055 libris

342 1068 488 1099 omnibus
503 1071 716 1108 renuentibus,
737 1072 912 1104 Lambinus
926 1081 957 1105 et
972 1075 1073 1106 Faber

340 1119 534 1151 inducendos
549 1132 614 1153 esse
629 1129 813 1156 statuerunt.

383 1170 464 1202 Ibid.
497 1183 615 1204 omnes:
652 1174 750 1214 prisca
784 1176 836 1206 Pii
869 1178 1066 1218 exemplaria,

337 1222 470 1254 homines
476 1237 486 1258 ,-
514 1234 577 1254 non
592 1227 847 1264 proba—illam.-
876 1235 916 1259 n.
933 1231 996 1261 illa.

382 1272 463 1304 Ibid.
491 1278 605 1306 cadunt
633 1279 666 1307 in
687 1280 800 1309 volnus.
848 1279 901 1310 Ad
928 1281 1065 1313 eundem

334 1324 465 1356 modum
482 1327 686 1366 Mantuanus,
711 1340 739 1360 x.
756 1334 826 1361 488.

349 1406 451 1432 Conruit
462 1407 489 1432 in
501 1409 610 1435 volnus:
629 1411 747 1436 sonitum
761 1418 840 1444 super
850 1419 925 1438 arma
936 1414 1042 1441 dedere.

333 1481 398 1512 Ubi
428 1482 545 1513 codicis
572 1484 741 1525 singularis
762 1486 889 1518 lectioni
921 1491 1058 1520 Concidit

328 1533 468 1564 favorem
489 1535 576 1566 locus
591 1537 731 1568 Lucretii
753 1539 906 1575 conciliat,
929 1547 960 1570 et
981 1541 1058 1571 alter

328 1585 511 1624 Ennianus;
542 1593 578 1617 ut
601 1601 642 1628 τῳ
672 1591 797 1630 insuper
821 1591 916 1621 etiam
942 1592 1057 1623 codicis

327 1635 416 1675 alim,
433 1648 489 1677 pro
503 1649 610 1678 super:

355 1710 474 1739 concidit,
493 1714 521 1735 et
539 1712 658 1736 sonitum
677 1712 757 1737 simul
774 1713 876 1746 insuper
886 1721 961 1741 arma
972 1716 1049 1742 dede·

479 1754 552 1774 runt.

366 1823 439 1854 Ver.
459 1827 548 1855 1045.
573 1826 704 1856 icimur:
734 1826 772 1856 O.
791 1831 825 1857 Δ.
840 1830 973 1866 utimum
1001 1837 1046 1862 Ω.

321 1876 449 1910 tuimur,
466 1885 520 1914 per
535 1877 806 1915 transpositionem
825 1878 994 1911 literarum.

363 1927 445 1958 Ibid.
469 1930 581 1959 icimur
604 1932 684 1960 ictu:
719 1937 755 1961 ut
779 1932 984 1972 Novafianus,
1008 1935 1048 1965 de

318 1988 380 2018 reg.
408 1978 460 2008 fid.
490 1989 555 2018 cap.
571 1990 618 2010 xv.
642 1980 730 2017 dixit,
758 1986 781 2000 “
797 1994 943 2014 saxorum
968 1988 1047 2018 ictus

319 2032 341 2047 “
357 2031 553 2070 injicere—.”
613 2033 745 2063 Phi-asin
782 2044 854 2065 vero
882 2037 1042 2068 Lucretia-

315 2090 402 2119 nam,
426 2084 552 2121 sanguis
567 2085 690 2122 emicat,
716 2084 858 2122 Ovidius,
882 2087 1042 2128 Lucanus,

313 2131 376 2168 alii,
393 2133 532 2164 hausere.

353 2184 428 2214 Ver.
446 2187 535 2215 1044.
553 2188 727 2217 conminus:
748 2187 787 2217 V.
799 2188 845 2218 ed.
863 2193 1039 2222 communis.

311 2237 462 2267 —ruber.·
501 2243 545 2268 Ω..
569 2239 826 2278 ruben—Porro,
851 2241 892 2272 V.
918 2243 965 2273 ed.
992 2254 1039 2273 os-

308 2294 377 2323 tem,
403 2298 460 2327 pro
474 2290 605 2326 lcostem;
629 2290 714 2321 unde
741 2302 804 2322 non
831 2299 1035 2325 contemnen-

307 2339 381 2369 dam
395 2350 521 2378 prorsus
542 2347 706 2373 autumem
730 2344 957 2376 nonnullorum
973 2346 1034 2377 lec-

308 2390 440 2421 tionem:

333 2475 378 2505 Et,
394 2475 416 2499 si
431 2476 573 2501 conminus
584 2481 635 2508 est,
651 2485 676 2502 os
694 2481 749 2503 tum
766 2480 844 2505 ruber
855 2481 972 2513 obcupat
984 2480 1032 2506 hu-

457 2525 528 2544 mor.

300 2590 466 2633 Virgilius,
486 2595 558 2625 AEn.
574 2595 628 2627 xii.
646 2600 719 2628 800.

391 2669 502 2702 Occupat
514 2679 538 2695 os
553 2671 743 2698 flammis-—z

297 2734 329 2759 et
355 2730 428 2761 alibi
455 2733 609 2766 similiter:
647 2735 718 2766 vide
744 2736 777 2767 in
807 2738 888 2769 banc
918 2746 1024 2771 antem

295 2790 363 2811 rem
388 2782 460 2813 silv.
486 2785 560 2816 Crit.
583 2787 602 2816 i.
627 2797 676 2826 pp.
696 2791 764 2819 104.
784 2792 853 2821 105.
877 2791 1024 2822 Valerius

296 2832 470 2873 Maximus,
502 2836 522 2866 i.
546 2842 576 2868 6.
603 2842 719 2869 ll.—“
745 2841 872 2880 optimae
908 2843 1023 2874 indolis

293 2884 390 2916 “filii
419 2897 524 2919 cruore
553 2891 673 2928 paterni
702 2896 830 2933 respersi
864 2895 1020 2926 oculi—W

1119 871 1239 910 Florus,
1255 874 1300 905 iii.
1319 879 1368 906 21.
1389 880 1435 908 16.
1459 881 1481 896 “
1501 879 1634 918 Merula,
1650 882 1765 914 flamen
1779 884 1844 916 dia-

1118 926 1140 942 “
1157 924 1203 960 lis,
1227 925 1260 955 in
1278 927 1443 967 Capitolio,
1466 932 1549 962 ιῙουίε
1569 932 1666 972 ipsius
1679 938 1778 968 oculos
1794 947 1846 968 v&

1118 977 1140 992 ‘⁶
1156 985 1270 1006 narum
1285 988 1390 1009 cruore
1405 982 1580 1019 respersit.”
1626 984 1715 1017 Hinc
1737 994 1844 1019 autem

1118 1025 1235 1058 Seneca
1263 1029 1342 1059 mihi
1370 1029 1492 1062 videtur
1516 1035 1715 1072 probabiliter
1736 1049 1843 1075 emen-

1115 1075 1249 1116 dandus,
1269 1079 1383 1120 Agam.
1403 1085 1475 1114 949.

1142 1171 1225 1196 Adest
1236 1176 1348 1198 cruenta
1359 1175 1480 1207 conjugis
1491 1176 1592 1202 victrix
1601 1179 1652 1209 sui,

1142 1210 1174 1234 Et
1185 1210 1260 1242 signa
1270 1212 1353 1237 caedis
1364 1218 1440 1239 veste
1448 1216 1584 1242 maculata
1601 1219 1681 1249 gerit.

1139 1249 1244 1279 Manus,
1256 1252 1357 1276 recenti
1368 1254 1497 1285 sanguine
1507 1256 1658 1283 etiamnum
1669 1259 1785 1292 madens,

1140 1288 1288 1321 Vultusque
1299 1297 1356 1322 prae
1367 1299 1395 1317 se
1405 1293 1504 1319 scelera
1515 1296 1662 1322 truculenti
1670 1298 1780 1325 ferunt:

1106 1374 1142 1399 ut
1156 1381 1265 1402 munus
1287 1372 1383 1403 etiam
1405 1375 1569 1415 adferunt
1592 1378 1710 1418 redeat;
1735 1382 1834 1423 magis

1102 1419 1166 1450 una
1182 1424 1422 1456 constructione:
1450 1426 1490 1457 de
1504 1437 1567 1468 quo
1582 1429 1702 1468 doctus,
1726 1438 1757 1463 et
1771 1433 1832 1464 lec-

1103 1471 1188 1502 tione
1203 1474 1398 1512 Lucretianfi,
1419 1479 1606 1511 sententiam
1620 1481 1710 1514 dicat.
1752 1484 1831 1515 Vul-

1101 1533 1153 1564 go,
1170 1528 1301 1557 madent.

1144 1574 1224 1607 Ibid.
1248 1579 1338 1608 ruber
1353 1581 1479 1619 obcupat
1495 1583 1620 1613 humor:
1646 1589 1738 1625 atque
1753 1586 1830 1618 adeo

1100 1634 1241 1658 cruentat
1257 1629 1382 1669 scilicet,
1408 1637 1444 1661 ut
1458 1641 1518 1663 ver.
1538 1637 1628 1666 1050.
1656 1637 1710 1667 ubi
1725 1638 1829 1670 videas

1096 1677 1311 1710 animadversa
1326 1681 1421 1713 modo
1436 1684 1534 1715 nobis.
1808 1710 1811 1713 κ

1139 1730 1214 1761 Ver.
1233 1735 1322 1764 1045.
1345 1736 1441 1766 ictus:
1475 1737 1519 1767 ita
1545 1737 1580 1769 P.
1596 1738 1693 1771 vind.
1721 1741 1760 1773 0.
1788 1747 1822 1774 Δ.

1096 1787 1138 1820 et,
1154 1783 1239 1822 quod
1254 1786 1440 1817 tantundem
1455 1788 1588 1828 videtur,
1606 1789 1645 1821 V.
1660 1791 1707 1823 ed.
1723 1793 1762 1825 L.
1782 1801 1819 1826 Π.

1094 1837 1127 1863 Σ.
1143 1834 1230 1864 ictis:
1256 1835 1367 1876 legunt
1382 1838 1486 1879 vulgo,
1502 1842 1607 1872 ictum.

1137 1883 1208 1915 Ver.
1226 1888 1318 1918 1046.
1346 1899 1427 1928 puer
1451 1892 1590 1924 membris
1616 1896 1818 1930 muliebribus.

1093 1934 1268 1976 Ausonius,
1287 1938 1367 1980 epig.
1385 1943 1456 1972 107.

1089 2016 1162 2040 Dum
1174 2017 1279 2043 dubitat
1290 2021 1401 2051 Natura,
1412 2028 1527 2053 marem,
1539 2024 1675 2052 faceretne
1686 2028 1815 2059 puellam.

1119 2055 1214 2080 Factus
1226 2064 1263 2087 es,
1280 2059 1302 2082 O
1314 2059 1320 2083 l
1339 2060 1461 2092 pulcher,
1473 2069 1541 2093 pene
1553 2065 1650 2096 puella,
1661 2073 1736 2098 puer.

1086 2127 1242 2160 Horatius
1256 2130 1295 2162 de
1315 2134 1410 2174 Gyge,
1427 2135 1476 2167 od.
1494 2137 1524 2168 ii.
1541 2141 1572 2169 5.
1589 2143 1640 2171 521.

1145 2225 1233 2255 Quem
1245 2227 1264 2250 si
1276 2228 1424 2259 puellarum
1436 2231 1562 2259 insereres
1573 2234 1667 2266 choro,

1142 2265 1209 2290 Mire
1220 2274 1325 2299 sagaces
1335 2269 1440 2296 falleret
1453 2272 1569 2305 hospites

1174 2305 1333 2338 Discfimen,
1347 2311 1491 2336 obscurum
1502 2313 1594 2339 solutis

1202 2345 1335 2379 Crinibus,
1345 2351 1526 2384 ambiguoque
1537 2354 1626 2380 vultu.

1553 2396 1782 2432 Βεκτιειυε.

1077 2474 1130 2505 Ad
1153 2485 1249 2516 quem
1274 2476 1380 2508 locum
1403 2479 1508 2512 doctas
1521 2481 1600 2514 Jani
1623 2483 1801 2518 illustratio-

1073 2537 1128 2558 nes
1143 2529 1254 2562 videas.
1301 2531 1368 2562 Nos
1389 2540 1496 2565 autem
1518 2535 1575 2566 soli
1598 2544 1680 2568 recte
1705 2539 1800 2571 inter·

1071 2583 1258 2621 punximus;
1297 2595 1371 2616 nam
1399 2597 1502 2619 veram
1530 2581 1695 2622 verborum
1715 2595 1798 2623 *con-

1070 2634 1273 2666 structionem
1296 2637 1428 2670 editores
1455 2640 1538 2671 docti
1566 2652 1629 2672 non
1654 2643 1797 2675 animad-

1069 2691 1240 2726 verterunt,
1277 2692 1418 2729 quamvis
1455 2692 1630 2733 Porphyrio
1674 2694 1798 2727 dudum

1067 2743 1149 2768 recta
1165 2739 1372 2772 admonuerit.
1418 2743 1480 2774 Par
1495 2745 1634 2785 regimen
1655 2746 1726 2785 plus
1747 2759 1795 2778 se-

1067 2788 1130 2818 mel
1149 2789 1324 2822 adhibitum
1347 2800 1393 2823 est
1409 2793 1556 2835 Virgilio.
1604 2795 1654 2826 sic
1675 2797 1709 2828 in
1724 2808 1792 2840 geo.

1065 2838 1104 2868 iv.
1121 2843 1191 2871 424.

1093 2923 1216 2934 -—-—
1225 2914 1280 2947 ipsa
1291 2917 1395 2948 procul,
1405 2917 1500 2943 nebulis
1511 2918 1626 2951 obscura,
1636 2921 1746 2949 resistit.
