1912 3292
343 210 436 251 318

819 200 881 248 Τ.
928 197 1306 249 LUCRETII

489 332 573 384 Fit,
603 332 717 388 prius
735 331 789 375 ad
808 346 971 374 sensum
991 346 1084 388 quae
1103 346 1279 388 corpora
1298 331 1611 382 conveniebant,

486 407 611 449 Nunc
631 421 718 448 non
737 407 999 457 conveniant,
1021 414 1062 448 et
1081 414 1230 448 caetera
1249 406 1330 446 sint
1350 405 1479 462 magis
1499 413 1610 460 apta,

489 482 598 532 Quae
617 489 829 537 penetrata
848 489 1004 537 queunt
1024 494 1187 522 sensum
1206 479 1454 537 progignere
1473 479 1680 521 acerbum.

375 560 456 598 675
490 556 678 612 Utraque
697 556 808 597 enim
828 563 923 596 sunt
943 555 987 595 in
1007 553 1134 595 mellis
1161 554 1372 595 conmixta
1391 568 1535 608 sapore
1542 571 1555 603 ς

491 630 558 681 Id,
580 629 691 685 quod
709 631 797 684 jam
818 628 963 683 supera
984 628 1059 669 tibi
1079 642 1189 682 saepe
1207 627 1487 668 obstendimus
1507 635 1614 669 ante.

551 704 674 744 Nunc
694 717 785 759 age,
807 717 891 757 quo
909 709 1033 756 pacto
1052 701 1186 742 nareis
1206 701 1385 756 adjectus
1405 701 1544 742 odoris

352 858 500 889 nimirum
526 856 722 892 dictionibus,
745 862 778 887 et
801 868 815 887 s
842 856 932 887 litera
953 856 992 887 de
1015 858 1076 887 ali-

349 910 482 950 quastvis
498 907 623 945 extritzi;
648 913 682 938 Σ.
705 906 810 948 aliqud
826 910 862 938 si.

394 969 466 1000 Ver.
486 972 558 1000 670.
583 969 803 998 Per-turbatur:
838 973 879 998 Π.
905 969 1080 999 Perturbat.

350 1022 469 1051 —ibei.·
510 1020 547 1050 B.
581 1019 744 1058 ubi.-jam
779 1025 891 1049 totum.-
934 1018 1080 1057 editores,

351 1072 495 1104 omnium
516 1070 698 1101 mortalium
721 1070 866 1100 levissimi
889 1076 920 1100 et
942 1070 1079 1100 insulsis-

350 1125 432 1160 simi,
456 1123 602 1154 Lucretio
622 1122 731 1152 saltem
755 1128 860 1160 tenus,
882 1128 976 1153 totum
990 1122 1060 1162 jam
1067 1138 1078 1158 ,-

352 1182 461 1207 contra
475 1175 618 1205 universa
633 1174 828 1213 exemplaria.

395 1228 468 1259 Ver.
483 1232 556 1260 671.
600 1230 838 1259 Conmutantur:
879 1228 922 1257 V.
961 1226 1008 1257 cd.
1042 1226 1079 1256 B.

354 1284 596 1316 Commutencur;
621 1280 668 1310 his
683 1289 758 1320 ergo
773 1279 859 1310 libris
873 1279 1080 1318 sponsoribus,

352 1330 588 1363 rescribendum
603 1330 683 1360 foret
697 1330 736 1360 ad
751 1331 836 1360 hunc
851 1330 994 1369 modum,
1016 1341 1082 1362 non

355 1385 472 1424 inepte:

384 1472 559 1497 Perturbatur
570 1471 622 1496 ibei
631 1472 690 1502 jam
702 1474 793 1495 totum
803 1477 911 1502 corpuS,
921 1473 950 1494 ut
960 1476 1053 1495 omnes

386 1513 567 1536 Conmutentur
577 1511 629 1536 ibei
641 1511 768 1543 positura:
780 1510 972 1543 principiorum
983 1518 989 1534 :

356 1582 409 1613 sed
430 1582 551 1612 levibus
573 1582 612 1612 de
634 1581 750 1612 caussis
771 1591 884 1612 novare
909 1581 1084 1611 infructuo-

356 1645 428 1665 sum
442 1640 534 1672 esset,
559 1640 663 1674 atque,
690 1635 832 1664 obstante
857 1634 975 1673 majore
1001 1633 1085 1663 codi-

355 1696 429 1716 cum
444 1695 585 1720 numero,
601 1684 697 1714 etiam
713 1684 923 1714 temerarium.

398 1737 473 1766 Ver.
500 1739 572 1767 672.
605 1746 691 1776 quae:
726 1735 764 1766 P.
791 1734 885 1765 Vind.
915 1734 954 1765 O.
981 1741 1025 1765 Ω.
1052 1741 1087 1765 ut

357 1798 443 1828 quae;
470 1787 577 1817 minus
600 1787 770 1827 eleganter:
797 1786 902 1816 videas
924 1796 976 1816 me
1002 1785 1042 1816 ad
1067 1786 1086 1816 i.

356 1842 406 1870 50.
429 1839 510 1868 hanc
530 1844 637 1868 autem
661 1838 744 1868 viam
766 1837 952 1868 deteriorem
966 1838 1086 1877 patien-

356 1896 402 1920 ter
417 1889 550 1920 editores
565 1889 736 1920 iniverunt:
764 1889 801 1920 B.
818 1901 884 1929 quo.

400 1941 477 1972 Ver.
493 1944 567 1972 675.
593 1952 670 1972 non:
707 1941 744 1972 B.
768 1942 961 1972 vera—sint.-
988 1940 1086 1970 vind.

358 1995 406 2024 sit.

400 2043 474 2074 Ver.
490 2046 563 2074 674.
586 2050 701 2083 queunt
710 2057 721 2074 .·
749 2049 790 2074 Π.
816 2049 1086 2082 nequcune.-pro-

357 2097 501 2135 gignere:
529 2094 565 2124 P.
583 2097 782 2135 propingere,·
807 2104 902 2134 quam
927 2104 1034 2124 vocem
1050 2094 1089 2124 de

360 2145 435 2176 vitio
469 2151 646 2185 suspectam
680 2156 744 2175 non
774 2146 908 2176 habebat
937 2145 1026 2180 Pius,
1058 2151 1090 2175 et

359 2196 570 2227 frustrabilem
593 2196 680 2226 dedit
703 2206 830 2236 operam
854 2195 1020 2236 explicare:
1047 2197 1088 2227 V.

360 2247 406 2278 ed.
426 2250 618 2288 propignere.

405 2308 486 2339 Ibid.
504 2315 686 2349 penetrata:
712 2308 731 2339 i.
748 2318 774 2339 e.
789 2319 819 2339 se
829 2311 1038 2349 penetrantia,
1054 2315 1090 2340 ut

361 2369 435 2390 mox
451 2360 547 2390 etiam
561 2359 602 2390 ad
616 2370 676 2391 ver.
691 2363 783 2392 1239.
795 2367 999 2400 penetratum,
1016 2371 1090 2391 cum

361 2421 391 2442 se
413 2414 619 2451 penetraverit
625 2427 636 2448 ;
660 2412 695 2442 in
725 2410 839 2442 reflexo
867 2412 951 2443 verbi
980 2423 1088 2443 sensu:

361 2462 446 2503 quod
482 2462 649 2504 diligenter
690 2463 875 2494 notandum.
943 2464 1093 2495 Similiter

362 2514 496 2553 Gellius,
514 2525 541 2545 v.
560 2519 673 2546 14.—“
689 2525 815 2555 specum
831 2516 1001 2556 quamdam
1017 2527 1089 2547 nac·

361 2568 384 2583 ‘⁴
401 2571 452 2596 tus
466 2573 619 2597 remotam
634 2566 893 2608 latebrosamque,
910 2567 943 2598 in
960 2579 1030 2598 eam
1044 2580 1090 2599 me

361 2619 384 2634 ‘⁶
395 2624 533 2656 penetro,
556 2624 587 2648 et
604 2618 776 2649 recondo:”
799 2619 853 2660 qui
877 2619 1028 2650 Plautum
1044 2630 1090 2650 se-

361 2668 478 2708 quitur,
493 2670 529 2700 in
546 2670 690 2710 Amphit.
707 2671 728 2702 i.
747 2674 773 2702 1.
791 2675 842 2703 94.
857 2677 888 2702 et
902 2671 992 2702 alibi:

455 2752 604 2778 Perduelles
611 2756 746 2785 penetrant
756 2753 819 2778 sein
830 2753 997 2787 sugam—-

362 2819 429 2850 Adi
445 2829 584 2854 nostram
600 2825 845 2865 disputationem
868 2827 907 2858 de
921 2828 980 2858 hac
1002 2836 1036 2857 re
1055 2826 1091 2857 in

361 2880 422 2902 ver.
451 2875 524 2904 318.
560 2875 691 2906 Passivae
723 2878 882 2915 potestatis
911 2877 1092 2918 exemplum

1123 856 1217 887 Silius
1231 855 1329 892 dedit,
1351 855 1433 886 Pun.
1447 853 1511 885 xiii.
1528 857 1598 885 180.
1622 860 1653 885 et
1667 854 1728 885 alii.
1771 854 1848 886 Jam

1121 916 1204 944 vero,
1231 908 1270 936 ob
1295 907 1378 936 hanc
1404 905 1550 936 virtutem
1571 906 1684 936 mediae
1698 905 1780 936 vocis
1800 906 1848 946 ig-

1122 963 1264 988 noratam
1286 958 1319 987 in
1336 957 1469 994 Latinis,
1493 956 1610 987 mirum
1628 963 1684 992 est,
1707 957 1853 998 qualibus

1122 1009 1156 1039 in
1178 1009 1325 1046 tenebris,
1347 1007 1484 1045 exempli
1505 1007 1616 1048 gratia,
1642 1014 1800 1038 versentur
1821 1015 1859 1041 es

1124 1059 1257 1090 editores
1283 1065 1315 1089 et
1338 1059 1528 1098 interpretes,
1556 1058 1597 1089 ad
1621 1058 1750 1088 Horatii
1765 1059 1815 1090 od.
1830 1058 1854 1088 i.

1126 1117 1174 1144 16.
1192 1117 1240 1143 14.

1188 1198 1281 1222 Fertur
1290 1196 1465 1222 Prometheus
1475 1196 1573 1222 addere
1602 1196 1698 1228 rincipi

1186 1236 1277 1265 Limo,
1285 1239 1384 1260 coactus
1395 1235 1556 1267 particulam
1567 1235 1689 1267 undique

1219 1277 1372 1305 Desectam,
1391 1278 1419 1301 et
1430 1275 1515 1299 insani
1525 1275 1608 1300 leonis
1768 1301 1770 1305 ,

1248 1317 1310 1341 Vim
1317 1315 1461 1342 stomacho
1471 1315 1623 1348 adposuisse
1631 1318 1734 1342 nostro.

1128 1396 1216 1428 Ordo
1246 1403 1306 1427 est:
1342 1400 1364 1416 ‘⁶
1380 1397 1598 1435 Prometheus,
1623 1403 1750 1438 ,coactus
1780 1397 1815 1439 (i.
1830 1408 1858 1428 e.

1128 1451 1150 1466 ‘⁶
1167 1455 1389 1489 συλλεγομενος,
1416 1454 1485 1487 post
1504 1458 1600 1488 quam
1621 1449 1680 1479 sibi
1705 1449 1860 1488 coegisset,

1128 1503 1150 1518 “
1166 1500 1214 1530 vel
1230 1500 1262 1530 in
1279 1511 1351 1530 suos
1367 1510 1442 1530 usus
1461 1499 1650 1540 collegisset)
1674 1499 1861 1538 particulam

1129 1555 1152 1571 “
1169 1551 1323 1582 desectam
1351 1551 1500 1592 undique.
1529 1550 1643 1581 addere
1665 1550 1781 1581 dicitur
1795 1551 1859 1582 vim

1131 1604 1270 1634 “insani
1298 1603 1399 1634 leonis
1425 1603 1503 1633 limo
1527 1602 1673 1643 principi,
1698 1609 1730 1633 et
1754 1609 1861 1634 nostro

1131 1658 1154 1673 ‘⁴
1170 1655 1331 1685 stomacho
1348 1654 1557 1694 apposuisse.”

1174 1714 1247 1744 Ver.
1264 1717 1336 1746 675.
1364 1715 1517 1754 Utraque.-
1544 1714 1582 1745 Β.
1605 1715 1860 1754 Itemque-sunt

1130 1766 1215 1796 abest
1232 1772 1277 1796 Ω.

1176 1816 1258 1847 Ibid.
1289 1819 1441 1857 Utraque.-
1475 1815 1553 1847 adeo
1575 1821 1613 1847 ut
1640 1815 1730 1847 laevia
1757 1815 1863 1847 mellis

1131 1869 1295 1905 elementa,
1318 1870 1358 1899 ob
1379 1875 1587 1899 commutatas
1607 1868 1760 1908 posituras
1773 1868 1860 1909 prin-

1130 1921 1293 1961 cipiorum.
1316 1921 1356 1951 ad
1371 1931 1497 1951 sensum
1518 1921 1587 1961 jam
1602 1931 1667 1952 non
1689 1926 1862 1961 penetrent,

1131 1974 1247 2012 asperis
1262 1973 1381 2003 interea
1395 1972 1637 2012 penetrantibus,

1175 2034 1250 2063 Ver.
1268 2036 1340 2064 676.
1364 2034 1454 2074 jam.-
1491 2033 1530 2063 V.
1559 2032 1608 2064 ed.
1637 2043 1861 2074 nom—supera

1132 2085 1205 2115 tibi:
1231 2085 1272 2115 V.
1295 2084 1343 2114 ed.
1364 2089 1398 2115 A.
1424 2090 1549 2124 superat
1576 2085 1636 2121 iba}
1661 2084 1701 2115 Ο.
1728 2091 1860 2125 superest

1132 2137 1206 2172 tibi,·
1231 2142 1273 2166 Π.
1288 2142 1411 2175 superat
1426 2137 1478 2166 ubi
1482 2151 1493 2171 ,·
1519 2140 1564 2166 Ω..
1579 2145 1672 2175 supra
1689 2136 1755 2166 tibi.

1175 2195 1256 2226 Ibid.
1289 2193 1418 2236 superci:
1454 2195 1474 2226 i.
1502 2205 1530 2225 e.
1562 2193 1621 2225 vizi.
1675 2195 1776 2235 Super
1805 2195 1864 2225 hac

1134 2246 1236 2278 forma
1253 2245 1405 2284 dictionis,
1428 2247 1467 2277 de
1482 2245 1544 2288 qua
1559 2256 1634 2277 sane
1648 2246 1728 2277 mihi
1741 2246 1864 2288 liquido

1134 2299 1275 2331 nondum
1292 2306 1423 2338 constat,
1447 2298 1557 2330 malim
1577 2305 1608 2329 te
1623 2299 1662 2330 ad
1678 2299 1771 2330 Fabri
1785 2298 1863 2330 lexi-

1133 2362 1192 2382 con
1208 2351 1378 2386 remittere,
1401 2361 1496 2392 quam
1511 2351 1550 2382 de
1565 2350 1639 2382 lana
1657 2350 1784 2391 caprina
1800 2350 1863 2382 dis-

1136 2404 1333 2443 putationem
1355 2403 1516 2434 ventilare:
1543 2403 1640 2434 fuerit
1660 2403 1754 2434 etiam
1778 2402 1864 2434 fruc·

1136 2461 1263 2487 tuosum
1279 2455 1427 2486 lectiones
1446 2455 1545 2486 varias
1566 2454 1741 2495 expendere
1755 2454 1795 2485 ad
1817 2454 1864 2485 lo·

1136 2518 1188 2538 cos
1203 2508 1354 2546 Lucretii,
1371 2518 1448 2549 quos
1463 2507 1557 2538 index
1572 2506 1804 2538 demonstrabit.

1178 2567 1260 2598 Ibid.
1287 2578 1366 2608 saepc
1391 2574 1480 2599 ante:
1518 2577 1639 2607 nempe,
1668 2565 1739 2608 plus
1768 2565 1865 2596 semel

1134 2626 1239 2650 noster
1261 2619 1377 2656 docuit,
1409 2619 1530 2650 semina
1551 2619 1671 2650 diversa
1695 2617 1729 2647 in
1753 2616 1865 2647 iisdem

1134 2673 1317 2712 corporibus
1338 2672 1482 2709 inveniri,
1505 2671 1644 2713 adeoque
1671 2679 1864 2710 consequen-

1136 2730 1182 2755 ter
1197 2725 1231 2754 in
1247 2727 1333 2756 melle
1349 2735 1486 2766 quoque:
1512 2734 1575 2754 non
1594 2723 1730 2753 innuens
1744 2721 1864 2761 profec-

1135 2782 1177 2812 to,
1200 2786 1233 2806 se
1256 2776 1416 2815 speciatim
1439 2776 1478 2807 de
1499 2777 1584 2806 melle
1599 2774 1770 2814 disputasse
1785 2773 1867 2803 inter

1136 2828 1194 2858 hoc
1231 2833 1454 2868 argumentum
1487 2824 1743 2867 disquirendum;
1780 2823 1866 2865 quod

1135 2888 1291 2919 nusquam
1306 2878 1424 2908 factum
1439 2877 1580 2908 memini.
1627 2876 1746 2908 Confer
1760 2875 1780 2907 i.
1791 2876 1865 2907 815.
