1912 3292
837 172 896 221 T.
944 169 1323 220 LUCRETII

477 308 582 352 Inde
601 305 699 349 alios
719 305 896 355 trahere,
918 312 1040 360 atque
1060 302 1270 353 inducere,
1292 302 1426 344 bellua
1444 303 1618 345 nimbos.

533 383 658 425 Nunc
677 396 740 432 ea,
770 393 894 436 quam
912 377 1019 418 facili
1038 383 1079 417 et
1097 375 1216 417 celeri
1235 376 1394 418 ratione
1413 384 1624 434 gerantur,

369 463 445 500 145
478 457 764 513 Perpetuoque
781 454 912 495 fluant
930 451 982 494 ab
1002 450 1138 500 rebuS,
1169 450 1360 507 labsaque
1381 452 1540 493 cedant.

341 617 512 653 Mulserat,
528 620 676 652 moverat,
692 613 876 654 agitaverat;
896 624 914 642 a
932 613 1055 642 mulceo·

338 666 380 697 In
404 665 480 697 locis
504 665 679 695 innumeris
703 664 877 703 po'e'tarum,
901 672 987 691 σανα)
1010 661 1057 691 di·

337 724 451 749 cuntur
461 719 568 759 flores,
585 717 713 749 arbores,
737 724 867 753 campos,
890 718 922 743 et
935 712 1058 747 similia,

338 771 479 806 mulcere,
502 777 566 797 non
585 766 679 796 aliam
695 766 734 795 ob
749 774 889 795 caussam
904 764 1059 803 primitus,

338 829 433 861 quam
457 818 530 858 quia
555 816 638 847 lenia
667 815 763 847 flabra
791 821 865 846 sunt
889 815 1059 849 salutifera,

337 870 524 910 violentique
539 864 631 899 venti'
644 878 662 898 e
684 867 838 899 contrario
857 866 1007 898 damnum
1024 877 1060 897 ac

339 921 465 952 ruInam
480 920 624 951 afferunt.
669 919 759 950 Hinc
775 919 870 950 etiam
891 919 959 949 illas
973 918 1060 949 locu-

338 972 449 1008 tiones,
461 973 594 1013 fluctus,
607 970 698 1012 feras
711 972 853 1008 mulcere,
869 976 900 1000 et
914 970 947 1000 id
962 980 1062 1010 genus

337 1023 424 1054 mille
447 1023 533 1059 alias,
560 1033 625 1053 non
646 1021 773 1053 aliunde
795 1028 876 1052 recte
895 1022 1062 1062 intelliges,

338 1084 435 1115 quam
457 1075 483 1104 si
507 1073 696 1109 memineris,
723 1083 781 1104 nos
805 1084 886 1103 saeva
915 1072 1064 1103 animalia

332 1127 492 1167 palpando
506 1132 536 1156 et
550 1124 755 1165 pei-tergendo
769 1124 945 1162 conciliare,
968 1130 1060 1164 atque

337 1176 490 1207 emoUIre.
537 1176 597 1212 Ne,
620 1175 766 1216 denique,
788 1175 921 1216 longum
936 1175 1059 1212 faciam,

339 1226 522 1258 Nemesiani
537 1226 641 1257 locum
657 1227 691 1257 in
705 1226 897 1266 cynegetico,
913 1236 973 1257 ver.
989 1230 1061 1258 258.

339 1280 393 1320 qui
430 1279 651 1310 Burmannum
687 1278 894 1309 cruciabiliter
932 1279 1062 1316 vexavit,

339 1332 413 1361 hinc
427 1331 527 1361 exorsi
542 1329 791 1361 commodissime
805 1329 950 1360 dabimus
965 1330 1062 1370 expli-

341 1382 447 1412 citum.
493 1381 616 1421 Nempe
638 1380 765 1422 Virgilii
786 1380 914 1421 vestigia
935 1381 1065 1411 strictim

340 1435 568 1476 praeterlegens,
591 1435 720 1474 scriptor
742 1434 795 1465 ille
816 1435 907 1475 signa
920 1434 1064 1466 dinume-

342 1495 390 1519 rat
404 1489 493 1519 nobis
507 1488 578 1529 equi
593 1488 809 1530 generosioris:

343 1566 398 1590 Nec
409 1571 464 1590 non
475 1565 613 1595 terribiles,
623 1565 744 1596 spirabile
752 1564 868 1596 fulmen,
878 1564 967 1590 anheli

343 1604 507 1629 provolvunt
518 1604 607 1634 flatus,
618 1608 645 1629 et
656 1604 757 1628 lumina
769 1604 857 1628 vivida
867 1607 1007 1635 torquent,

343 1643 522 1674 Hinnitusque
532 1643 605 1668 cient
615 1643 736 1673 tremuli,
747 1642 881 1674 frenisque
891 1646 1052 1674 repugnant,

344 1684 398 1708 Nec
410 1689 501 1715 segnes
510 1683 618 1707 mulcent
627 1689 712 1712 aures,
724 1689 773 1708 nec
785 1689 862 1707 crure
874 1683 1028 1713 quiescunt:

343 1755 363 1786 i.
379 1765 405 1786 e.
429 1758 452 1773 “
468 1765 558 1785 aures
572 1765 637 1785 non
656 1754 803 1795 segniter,
826 1754 880 1785 sed
894 1754 985 1785 celeri
1008 1754 1068 1784 mi-

344 1810 366 1829 “
384 1813 464 1842 catu,
488 1807 717 1838 commovent.’'
763 1807 853 1837 Nihil
874 1807 983 1837 verius.
1029 1806 1045 1836 Ι
1049 1817 1069 1836 n

344 1858 447 1898 primo
461 1868 607 1889 versuum
622 1864 781 1898 praeterea,
803 1858 886 1888 varie
902 1858 980 1888 solet
994 1857 1069 1888 scri-

343 1910 386 1946 bi,
398 1911 532 1950 flumen,
558 1921 682 1946 numen,
708 1912 825 1946 lumem
859 1909 912 1940 sed
938 1909 1069 1940 certissi-

345 1970 435 1990 mum
455 1966 510 1998 est,
535 1960 619 2001 quod
637 1960 842 1990 divinationes
864 1970 943 1990 meae
960 1967 1070 1999 sponte

346 2011 539 2046 extuderant‚
562 2021 673 2050 pamm
691 2011 822 2041 consciae
837 2010 969 2041 eandem
984 2011 1068 2052 cogi-

347 2062 497 2093 tationem
527 2062 648 2093 dudum
675 2072 707 2092 se
736 2062 864 2103 ingenio
895 2061 1071 2092 Heinsiano

345 2112 493 2154 injecisse.
554 2113 716 2144 Terribiles
737 2114 840 2153 flatus
871 2118 901 2143 et
929 2114 1071 2152 spirabile

335 2164 459 2205 fulmen
490 2174 585 2205 quam
620 2163 773 2194 socialiter
801 2163 1003 2201 concordant3
1040 2170 1071 2194 et

344 2214 484 2255 scriptor,
514 2215 623 2246 omnia
648 2216 860 2257 ὑπερτραγικως
887 2215 1069 2253 accendens,

344 2266 434 2297 nullo
445 2266 538 2297 modo
551 2280 584 2297 ero
595 2266 739 2297 Maronis
753 2265 893 2306 magistri
905 2268 1069 2297 conlectum

345 2319 445 2358 ignem
461 2316 620 2348 luculenta
642 2317 742 2358 magis
764 2318 1000 2358 exaggeratione
1018 2328 1069 2349 va-

345 2369 424 2399 riare
453 2374 581 2408 poterat.
627 2368 758 2404 Quoties
783 2367 897 2398 librarii
926 2379 1069 2408 peccave-

345 2426 420 2451 runt
433 2420 467 2450 in
483 2420 670 2451 dictionibus
680 2422 804 2462 flumen
821 2426 852 2450 et
861 2420 999 2461 fulmen,
1023 2420 1070 2452 di-

346 2484 414 2505 cere
429 2473 505 2515 quid
520 2473 649 2504 attinet?
675 2473 757 2504 Redi
772 2479 877 2504 notata
891 2473 930 2504 ad
945 2473 965 2504 i.
981 2477 1070 2505 1002.

349 2525 493 2564 Ovidius,
517 2525 556 2556 de
579 2524 704 2556 fervidis
727 2525 793 2566 apri
811 2525 1068 2562 anhelationibus,

349 2584 422 2608 met.
437 2577 500 2608 viii.
516 2580 590 2610 289.

366 2652 468 2677 Fulmen
479 2653 512 2678 ab
523 2660 569 2679 ore
580 2653 669 2684 venit;
686 2652 794 2678 frondes
805 2653 947 2679 adflatibus
956 2656 1038 2678 arent.

349 2721 399 2752 Sic
427 2723 544 2761 optime
574 2725 791 2764 Burmannus,
828 2734 885 2764 pro
919 2725 1072 2756 librorum

348 2772 510 2811 scriptura,
535 2777 660 2806 ardent:
686 2775 726 2806 sit
739 2781 776 2806 ut
794 2785 853 2816 ego
874 2785 1005 2816 quoque,
1029 2775 1072 2805 ita

346 2833 399 2854 me
414 2823 504 2854 Deus
518 2827 614 2857 amet!
639 2833 748 2866 sponte
764 2836 966 2858 correxeram.
995 2827 1072 2858 Jam

346 2883 419 2905 vero
443 2876 535 2906 ardeo
558 2882 590 2906 et
610 2888 680 2908 areo
697 2879 867 2917 saepissime
882 2877 1071 2917 permisceri,

1101 619 1140 638 ne
1155 614 1278 648 tyrones
1288 608 1413 649 quidem
1428 614 1502 639 sunt
1513 608 1825 640 commonesaciendi.

1103 659 1163 689 Sed
1178 659 1263 689 enim
1279 660 1415 690 Lucretii
1431 660 1522 690 telam
1538 667 1744 700 pertexamus.

1146 712 1220 743 Ver.
1242 716 1309 743 140.
1337 714 1397 744 ora
1417 716 1596 754 gigantum:
1623 715 1642 745 i.
1659 726 1687 746 e.
1711 714 1829 754 vultus,

1102 765 1204 795 facies.
1249 764 1416 805 Virgilius,
1434 766 1508 796 AEn.
1526 765 1577 795 vii.
1594 769 1668 797 528.

1388 844 1430 865 tot
1442 848 1497 866 sese
1509 841 1589 866 vertit
1601 841 1628 865 in
1639 849 1683 866 ora
1689 849 1702 870 ,·

1132 879 1204 903 Tam
1216 885 1298 903 saevae
1309 878 1400 910 facie&
1418 883 1459 904 tot
1470 879 1583 912 pullulat
1594 884 1652 905 atra
1663 881 1786 906 colubris.

1106 941 1192 978 Quid
1206 941 1331 973 autem?
1352 942 1538 983 frigidulum
1553 950 1600 974 est
1614 943 1694 975 illud
1708 944 1826 984 epithe-

1106 1001 1161 1025 ton
1174 1001 1255 1031 atra,
1270 1000 1301 1025 et
1315 1005 1396 1036 aegre
1413 995 1634 1036 Virgilianum.
1665 997 1831 1034 Heinsius,

1107 1045 1256 1082 similiter,
1281 1046 1402 1086 opinor,
1428 1046 1467 1077 de
1481 1046 1536 1077 illo
1550 1047 1696 1086 sentiens,
1710 1047 1829 1078 variam

1107 1098 1272 1128 lectionem
1286 1110 1339 1129 ora
1355 1098 1489 1136 mavult3
1512 1098 1627 1129 oblitus
1636 1098 1722 1130 haud
1735 1097 1833 1129 dubie

1104 1150 1236 1181 eandem
1259 1159 1367 1180 vocem
1396 1150 1445 1180 vix
1475 1150 1611 1190 elapsam
1641 1160 1707 1181 esse
1734 1156 1831 1190 saepto

1104 1201 1254 1232 dentium.
1303 1201 1462 1232 Praestabo
1483 1202 1540 1232 tibi
1562 1200 1730 1232 dictionem
1745 1200 1830 1232 sacili

1106 1253 1307 1288 aberratione,
1323 1258 1354 1283 et
1367 1253 1461 1283 unice
1476 1252 1606 1293 dignam
1620 1252 1703 1283 loco:

1363 1332 1405 1355 tot
1415 1329 1527 1361 pullulat
1537 1333 1598 1362 apta
1609 1329 1738 1354 colubris:

1108 1394 1128 1424 i.
1140 1404 1165 1424 e.
1182 1393 1307 1431 innexa,
1322 1399 1439 1428 ornata,
1455 1393 1612 1423 instructa.
1638 1390 1730 1423 Id'em
1745 1401 1832 1423 sum-

1109 1456 1181 1476 mus
1195 1445 1304 1475 artifex
1320 1444 1472 1484 leporum,
1488 1443 1560 1474 ibid.
1576 1444 1614 1474 iv·
1630 1447 1702 1474 482.

1109 1513 1199 1538 Axcm
1211 1512 1324 1537 humero
1335 1515 1454 1543 torquet,
1471 1511 1546 1535 stellis
1556 1510 1719 1543 fulgentibus
1731 1514 1830 1543 aplum.

1111 1575 1169 1606 Me
1183 1575 1336 1612 consulas,
1363 1575 1402 1605 ad
1423 1575 1453 1605 ii.
1468 1577 1539 1606 478.
1565 1573 1834 1613 superius-Cae-

1111 1632 1225 1664 terum,
1243 1633 1283 1657 11.
1298 1628 1413 1665 praebet
1428 1628 1542 1656 umbra.

1157 1677 1237 1707 lbid.
1259 1678 1397 1707 umbram
1419 1679 1536 1708 ducere.
1580 1677 1692 1708 Parem
1708 1677 1834 1716 phrasin

1112 1729 1263 1758 habemus
1277 1728 1317 1758 ad
1332 1727 1470 1768 ejusdem
1486 1729 1561 1759 AEn.
1575 1738 1603 1758 v.
1620 1731 1691 1758 528.

1235 1817 1297 1824 —
1306 1804 1453 1835 crinemque
1464 1803 1581 1828 volantia
1591 1803 1675 1828 sidera
1684 1803 1791 1828 ducunt.

1155 1869 1230 1899 Ver.
1247 1872 1318 1898 141.
1350 1869 1474 1908 magnei
1495 1873 1625 1898 montes:
1661 1866 1699 1897 P.
1725 1872 1838 1898 montes

1113 1932 1254 1960 magnos;
1280 1930 1366 1960 aeque
1381 1921 1469 1950 bene.

1157 1971 1238 2002 Ibid.
1260 1977 1370 2002 montes
1392 1973 1550 2011 avolsaque
1571 1981 1643 2001 sara
1663 1970 1836 2006 Montibus,-

1112 2033 1181 2063 quae
1197 2022 1312 2052 scilicet
1325 2021 1357 2051 hi
1373 2021 1516 2062 gigantes
1530 2019 1675 2050 manibus
1685 2019 1834 2060 jaculan-

1113 2080 1175 2111 tur,
1193 2072 1240 2103 vel
1257 2083 1353 2113 usque
1368 2071 1408 2103 ad
1423 2072 1534 2102 coelum
1550 2077 1734 2112 congerunt,
1750 2078 1785 2102 ut
1799 2071 1835 2102 in

1113 2131 1214 2155 vetere
1230 2124 1343 2154 fabula.
1388 2123 1455 2154 Nec
1478 2124 1694 2153 immemorem
1711 2122 1835 2154 credam

1113 2176 1208 2206 fuisse
1222 2177 1352 2216 hujusce
1374 2174 1478 2205 versus
1493 2175 1671 2210 Maronem,
1695 2173 1735 2204 ad
1757 2172 1833 2204 AEn.

1114 2227 1145 2258 ii.
1161 2230 1232 2258 608.

1306 2303 1428 2335 disjectas
1438 2303 1531 2333 moles,
1541 2302 1684 2335 avolraque
1693 2301 1764 2327 saxir

1145 2346 1228 2375 Saxa,
1238 2344 1352 2369 vides—-

1117 2412 1267 2443 Conseras
1282 2411 1440 2451 Aristoph.
1458 2411 1542 2441 Nub.
1559 2412 1633 2442 545.
1647 2415 1680 2440 et
1693 2419 1773 2450 seqq.
1791 2408 1842 2439 his

1114 2463 1323 2500 Lucretianis;
1356 2473 1432 2503 quos
1461 2472 1565 2492 versus
1590 2462 1689 2492 Faber
1716 2459 1838 2491 videtur

1114 2514 1256 2550 voluisse,
1273 2513 1341 2544 loco
1357 2523 1420 2543 uon
1436 2512 1580 2543 indicato.

1157 2565 1238 2596 Ibid.
1253 2567 1426 2596 subcedere:
1445 2564 1489 2594 sic
1503 2563 1614 2594 diserte
1627 2569 1672 2594 Ω..
1686 2562 1837 2593 librorum

1113 2617 1234 2658 reliqui,
1261 2617 1294 2647 in
1307 2622 1461 2657 quantum
1479 2615 1621 2657 judIeare
1642 2614 1741 2650 liceat,
1766 2612 1836 2643 vul·

1114 2668 1229 2709 gariter
1263 2669 1609 2706 succedere.—pro1›1er:
1643 2664 1666 2695 i.
1691 2674 1718 2694 e.
1750 2666 1773 2682 “
1789 2664 1840 2694 hae

1116 2723 1138 2738 “
1154 2725 1305 2750 montosae
1319 2721 1418 2750 nubes
1432 2727 1518 2748 nune
1531 2715 1712 2756 praecedunt
1725 2715 1838 2753 solem,

1116 2775 1138 2790 “
1154 2781 1239 2801 nunc
1263 2771 1356 2810 juxta
1381 2767 1640 2810 subsequuntur.’'
1685 2767 1767 2797 Haee
1791 2771 1839 2797 est

1115 2822 1320 2853 sincerissima
1346 2821 1436 2852 lectio
1463 2819 1579 2851 codicis
1607 2819 1703 2850 nostri
1730 2825 1770 2849 Π.
1808 2823 1842 2848 et

1115 2874 1207 2906 unice
1236 2873 1333 2904 menti
1363 2873 1462 2912 po‘e’tae
1489 2871 1662 2904 commoda.
1718 2869 1841 2911 Vulgm
