1912 3292
456 245 688 293 LIBER
731 243 1108 301 QUARTUS.

1442 245 1536 287 ‘219

102 381 157 417 90
188 377 255 419 Ex
274 378 369 428 alto,
391 375 500 431 quia,
521 375 622 415 dum
641 374 811 416 veniunt
829 374 1093 424 extrinsecus,
1116 381 1233 424 ortae,

190 451 441 492 Scinduntur
460 463 534 503 per
552 448 630 489 iter
649 448 801 490 flexum
808 466 821 498 ;
857 462 936 489 nec
956 456 1068 489 recta
1087 448 1245 489 viarum

189 524 307 565 Ostia
326 529 434 572 sunt,
456 521 536 577 qua
557 522 813 564 contendunt
833 523 946 563 exire
966 529 1120 563 coorta.

186 597 246 638 At
263 603 421 645 contra,
444 596 577 637 tenuis
597 597 745 637 summi
765 596 1007 637 membrana
1026 594 1172 636 coloris

185 669 325 718 Quom
337 669 504 724 jacitur,
527 669 629 710 nihil
649 677 722 721 est,
745 669 858 726 quod
878 683 968 710 earn
988 667 1218 723 discerpere
1236 666 1385 721 possit3

83 828 156 858 Ver.
180 831 228 858 88.
250 830 336 859 odos:
363 828 406 859 sic
431 829 557 859 Nonius
584 828 762 863 Marcellus,

38 889 76 910 ex
92 879 273 920 antiquioris
284 880 518 910 consuetudinis
529 879 759 921 orthographiae

36 930 108 962 vide
122 941 179 961 nos
199 930 239 961 ad
260 931 299 961 vi.
316 934 386 962 952.
414 932 453 962 Β.
470 933 569 968 dolor;
597 942 656 962 vox
677 933 763 962 abest

39 989 79 1014 Π.
103 983 213 1024 reliqui
235 993 345 1013 omnes
365 982 446 1019 libri,
472 985 561 1014 odor:
587 983 694 1014 confer
718 984 759 1014 sis

36 1033 138 1065 Plaut.
164 1040 242 1074 capt.
271 1034 310 1065 iv.
342 1039 371 1065 2.
402 1037 455 1065 35.
505 1035 596 1065 Cure.
619 1035 641 1065 i.
670 1038 698 1065 2.
728 1039 755 1067 9.

34 1085 150 1116 Pseud.
168 1085 210 1116 iii.
222 1089 250 1116 2.
267 1088 316 1117 52.
334 1085 483 1116 Priscian.
499 1084 551 1116 lib.
566 1085 585 1116 i.
601 1096 629 1125 p.
646 1088 762 1117 557.—

33 1138 126 1167 alz'ae:
153 1137 247 1167 Vind.
263 1137 305 1168 V.
321 1137 367 1167 ed.
384 1138 422 1167 B.
438 1137 474 1167 L.
492 1141 526 1168 Σ.
541 1138 616 1166 alia.

76 1188 156 1219 Ibid.
194 1187 435 1229 odos—diffusas.
489 1187 642 1228 Virgilius
671 1197 756 1217 com-

31 1239 204 1270 mittendus
219 1246 274 1279 est,
290 1246 326 1270 ut
347 1239 540 1271 emendatior
559 1239 692 1280 legatur,
718 1239 758 1269 ad

32 1303 100 1334 geo.
116 1294 155 1326 iv.
172 1296 243 1325 415.

46 1365 113 1388 Haec
125 1363 173 1393 ait,
180 1366 208 1388 et
217 1362 350 1394 liquidum
359 1362 500 1387 ambrosiae
511 1361 634 1393 diffundit
643 1360 754 1385 odorem.-

30 1432 129 1463 quum
143 1422 201 1452 ista
215 1421 339 1461 scriptio
354 1420 523 1451 certissime
538 1418 689 1449 mendosa
703 1418 754 1456 sit,

29 1479 62 1504 et
75 1473 143 1504 loco
158 1473 249 1503 debet
263 1472 371 1503 cedere
386 1471 474 1502 alteri
489 1471 562 1500 libb.
579 1469 678 1500 MSS.
691 1468 752 1498 lec-

30 1527 122 1566 tioni,
137 1527 295 1568 defundit:
320 1535 396 1556 nam
410 1525 545 1555 rationes
560 1524 674 1553 harum
689 1521 753 1552 dic.

29 1579 154 1610 tionum
168 1577 316 1608 facillime
329 1577 443 1616 poteris
457 1575 498 1606 ad
511 1573 668 1616 liquidum
682 1582 751 1612 per·

30 1630 151 1667 ducere,
161 1636 193 1661 et
200 1629 409 1660 indubitatam
418 1627 605 1659 sententiam
613 1635 713 1665 pronu
717 1634 752 1654 n-

30 1682 120 1713 ciare.
155 1681 342 1723 Dzffundere
357 1686 458 1720 potest
473 1682 495 1697 “
507 1685 754 1719 quaquaversum

30 1736 55 1752 “
70 1732 249 1773 spargere;‘’
273 1738 309 1762 ut
330 1732 415 1767 odos,
439 1731 557 1765 fumus,
587 1735 618 1759 et
647 1736 751 1767 vapos,

28 1785 209 1815 Lucretiani
237 1784 480 1814 disseminantur
505 1781 659 1822 undique:
699 1780 750 1808 de-

18 1835 156 1877 fundere
170 1842 286 1871 autem,
311 1838 332 1853 “
353 1835 392 1865 de
417 1833 521 1875 aliqua
543 1844 577 1863 re
599 1832 633 1862 in
656 1830 752 1861 aliam

29 1891 51 1905 ‘⁶
68 1886 214 1918 deorsum
229 1886 399 1923 fundere;'’
423 1885 507 1926 quod
529 1883 603 1914 fecit
620 1884 750 1923 Cyrene,

30 1949 120 1969 sucos
133 1938 304 1969 ambrosios
319 1938 358 1968 de
380 1937 496 1978 majore
518 1947 589 1967 vase
614 1936 750 1966 fundens

25 1990 60 2020 in
74 2000 218 2028 manum,
228 1989 276 2020 vel
286 1990 319 2019 in
331 1989 450 2027 minus,
462 1999 524 2029 quo
536 1987 649 2018 melius
661 1987 748 2017 Aris-

27 2047 104 2072 taeus
132 2041 227 2072 odore
252 2041 479 2081 perduceretur.
524 2039 615 2070 Nihil
636 2039 747 2075 verius,

25 2099 80 2123 aut
93 2093 299 2131 manifestius,
315 2093 372 2122 hac
387 2091 593 2122 distinctione.
641 2090 672 2120 Si
687 2090 747 2130 Cy-

26 2155 101 2175 rene
124 2143 293 2186 dzffudisset
316 2143 424 2173 odores
439 2142 521 2178 istos,
537 2141 698 2181 disperditi
713 2142 746 2172 in

25 2197 159 2226 humum
188 2201 219 2225 et
247 2195 280 2224 in
303 2204 394 2224 auras
415 2193 619 2224 evanuissent.
662 2193 747 2223 Loca

26 2245 180 2277 nonnulla
201 2245 333 2276 subinde
355 2245 445 2275 nobis
469 2245 681 2275 obversantur,
708 2243 747 2273 de

25 2298 138 2339 quibus
153 2307 218 2327 non
231 2297 275 2328 ita
289 2302 335 2327 est
355 2297 389 2327 in
410 2301 559 2337 promptu
582 2295 747 2328 decernere

25 2347 224 2379 confidenter.
268 2348 342 2377 Hoc
356 2347 395 2378 de
409 2357 524 2387 genere
538 2346 669 2378 dixerim
682 2356 747 2376 esse

25 2399 237 2439 Virgilianum
250 2409 385 2435 versum,
403 2399 476 2428 AEn.
491 2409 520 2429 x.
535 2402 607 2430 908.

55 2466 230 2498 undantique
239 2466 357 2492 animam
368 2465 491 2497 diffundit
499 2465 527 2489 in
537 2472 612 2489 arma
622 2471 726 2490 cruore.

23 2524 89 2555 Par
103 2523 259 2562 codicum,
273 2523 430 2564 defundit.-
448 2529 480 2553 et
487 2523 622 2563 cogitare
636 2523 744 2562 possis,

20 2575 71 2606 vel
86 2579 108 2594 “
124 2575 265 2605 animam
278 2574 483 2615 sanguineam
501 2577 639 2605 deorsum
643 2574 745 2614 fundi

21 2629 44 2645 ‘⁶
59 2636 114 2666 per
138 2626 257 2656 -vulnus
284 2627 320 2656 in
348 2626 466 2664 arma‚’'
495 2625 543 2656 vel
567 2629 589 2644 “
604 2625 744 2666 undique

22 2679 46 2696 ‘⁴
60 2679 205 2718 dispergi,
231 2683 263 2707 et
287 2677 465 2717 dissipari:’'
486 2688 581 2718 quem
596 2678 742 2717 posterio-

25 2738 91 2759 rem
104 2739 231 2759 sensum
245 2729 279 2758 in
293 2729 400 2759 animo
421 2730 520 2768 po'etae
533 2730 628 2760 fuisse
643 2730 741 2760 liben-

23 2780 86 2810 tius
106 2780 321 2820 judioevefim,
348 2781 418 2811 aliis
432 2781 538 2812 multis
553 2781 628 2812 locis
642 2782 743 2812 consi-

23 2829 150 2861 milibus
162 2832 359 2871 potissimum
379 2833 525 2864 devictus
571 2833 674 2873 Idem,
701 2833 741 2864 sit.

21 2879 106 2911 idem
121 2882 268 2919 modo,.in
285 2884 380 2924 Copa,
395 2895 455 2916 ver.
473 2889 521 2916 11.

86 2941 130 2964 Est
142 2943 169 2966 et
180 2947 275 2974 vappa,
286 2943 352 2969 cado
364 2951 449 2975 nuper
459 2944 553 2976 diffusa
564 2945 662 2977 picato.

811 827 862 858 Ibi
876 826 962 857 haud
977 825 1070 856 dubie
1096 823 1303 855 sincerissima
1327 828 1373 853 est
1396 822 1531 853 duorum

806 878 951 909 codicum
967 877 1106 913 varietas,
1122 876 1246 917 defusa5
1263 884 1359 916 quam
1368 874 1448 904 viros
1459 873 1532 903 doc-

806 936 853 961 tos
867 935 949 961 recte
966 928 1145 960 antetulisse
1160 927 1259 957 video.
1307 927 1530 957 Burmannum

805 982 897 1013 adeas
911 982 945 1012 in
964 981 1065 1012 Gratii
1081 989 1189 1020 cyneg.
1205 981 1277 1010 474.
1302 988 1375 1008 cum
1398 977 1528 1008 Ouden-

801 1034 920 1074 dorpio,
937 1034 976 1064 ad
992 1034 1110 1063 Lucan.
1124 1032 1164 1062 iv.
1176 1035 1227 1061 82.
1242 1030 1296 1071 qui
1307 1036 1412 1060 tamen
1424 1029 1530 1059 minus

805 1092 946 1116 accurate
973 1091 1003 1115 et
1030 1083 1165 1114 dilucide
1188 1082 1252 1112 vim
1278 1081 1362 1111 verbi
1390 1080 1529 1121 diffundo

805 1144 933 1168 conatus
948 1142 994 1166 est
1008 1145 1170 1175 exponere.
1217 1133 1377 1163 Glossator
1397 1138 1484 1162 vetus
1498 1142 1531 1162 se

805 1187 890 1219 dedit
904 1189 1019 1218 horum
1043 1184 1268 1215 vocabulorum
1295 1182 1530 1212 exactissimum

800 1240 1014 1278 interpretem:
1055 1240 1078 1255 “
1101 1235 1269 1276 DgffzcndO,
1299 1233 1417 1273 διαχεω.
1463 1235 1528 1263 De·-

800 1291 947 1331 “fundo,
980 1293 1193 1322 ΜΕΤΑΧΕΩ,
1232 1285 1409 1325 καταχεω.”
1478 1284 1529 1315 SIC

799 1341 998 1382 castigandus
1022 1346 1068 1370 est
1091 1349 1176 1369 error
1190 1337 1409 1374 crassissimus,
1431 1349 1527 1376 μετοι-

799 1407 876 1425 κενω.
923 1393 1082 1422 Gesnerus
1096 1400 1180 1428 vero,
1204 1389 1244 1419 ad
1268 1389 1379 1419 Horat.
1404 1387 1491 1426 epist.
1507 1387 1527 1417 ἰ.

801 1449 849 1475 12.
867 1448 916 1476 29.
933 1444 972 1474 de
982 1443 1030 1474 his
1041 1443 1168 1473 vocibus
1179 1441 1272 1472 crisin
1287 1440 1527 1481 pinguissimam

797 1496 989 1536 interposuit,
1003 1500 1038 1525 et
1053 1505 1094 1525 ne
1109 1505 1164 1534 per
1179 1492 1328 1523 nebulam
1343 1491 1470 1532 quidem
1486 1491 1526 1521 ad

796 1547 933 1578 veritatis
956 1549 1099 1579 umbram
1123 1546 1173 1577 vel
1200 1545 1415 1576 tenuissimam
1430 1553 1524 1583 pene-

797 1605 876 1630 trare
891 1599 997 1630 valuit.
1028 1600 1105 1630 Non
1120 1596 1344 1629 auscultandus
1359 1602 1405 1626 est
1421 1595 1524 1625 Hein-

798 1652 862 1682 sius
876 1652 1012 1691 insuper,
1029 1650 1068 1680 ad
1085 1648 1190 1680 Ovidii
1206 1647 1273 1678 fast.
1289 1658 1318 1677 v.
1336 1650 1407 1678 517.

796 1744 799 1745 ⁷
827 1734 951 1765 Quaeque
962 1738 1029 1764 puer
1039 1731 1176 1762 quondam
1186 1728 1278 1760 primis
1289 1727 1428 1759 dtfficderat
1439 1727 1524 1756 annis,

855 1771 944 1797 Prodit
955 1771 1063 1796 fumoso
1075 1769 1183 1794 condita
1194 1768 1256 1793 vina
1268 1767 1350 1792 cado:

795 1844 963 1885 corrigens,
979 1842 1138 1884 desudarat
1145 1856 1155 1877 ;
1182 1850 1256 1871 nam
1278 1839 1449 1881 diffundere
1472 1837 1521 1866 hic

795 1896 961 1936 significat,
985 1899 1007 1914 “
1026 1895 1064 1925 de
1085 1894 1176 1924 doliis
1197 1898 1252 1922 aut
1267 1891 1353 1922 seriis
1368 1891 1402 1920 in
1421 1889 1522 1919 multa

792 1951 815 1966 “
831 1948 955 1977 minora
968 1957 1039 1977 vasa
1053 1944 1246 1985 dispertiri:’‘
1271 1943 1340 1972 vide
1363 1941 1405 1971 sis
1423 1940 1520 1970 Colu-

791 1999 876 2029 mell.
891 1999 943 2028 xii.
959 2002 1010 2029 28.
1025 2002 1055 2028 5.
1075 1998 1194 2028 Lucan.
1210 1996 1248 2026 iv,
1264 1997 1337 2025 379.
1362 1994 1519 2023 Burman-

793 2049 841 2087 ui;
857 2048 1002 2081 Juvenal.
1018 2059 1046 2079 ν.
1063 2052 1114 2079 50.
1130 2048 1171 2077 xi.
1191 2049 1262 2078 159.
1278 2045 1360 2075 Plin.
1377 2049 1438 2073 nat.
1451 2042 1520 2072 hist.

792 2101 851 2131 xiv.
868 2104 917 2132 16.
942 2101 1055 2130 Horat.
1072 2099 1158 2139 epist.
1182 2099 1203 2128 i.
1228 2100 1259 2129 5.
1275 2100 1307 2127 4.
1354 2094 1518 2135 Vegetius,

790 2153 830 2183 de
844 2158 900 2183 art.
922 2152 1049 2182 veterin.
1065 2152 1084 2182 i.
1100 2155 1151 2182 45.
1166 2152 1264 2180 4.—-“
1280 2149 1321 2179 ad
1342 2158 1440 2178 cornu
1463 2156 1518 2185 per

791 2208 813 2223 “
829 2203 985 2234 sinistram
997 2212 1106 2233 narem
1121 2200 1300 2243 dffl'undz‘s.”
1333 2199 1427 2239 Lege,
1441 2207 1517 2227 cum

790 2257 877 2287 libris
891 2257 967 2293 aliis,
988 2254 1322 2298 infundis.-tlbidem,
1341 2253 1376 2282 ii.
1394 2256 1425 2283 6.
1444 2256 1517 2283 9.-

792 2313 814 2328 “
829 2309 923 2339 simili
936 2310 1055 2339 ratione
1063 2308 1217 2350 dzjff'undes
1229 2308 1261 2337 in
1274 2305 1410 2336 fauces.”
1436 2304 1514 2334 Cor-

790 2361 867 2401 rige,
881 2360 1036 2401 defundes.
1070 2360 1247 2400 Utramque
1262 2356 1514 2389 emendationem

789 2413 845 2443 tibi
867 2412 1082 2443 confirmatam
1104 2416 1229 2452 praestat
1256 2411 1321 2449 ipse
1348 2407 1513 2448 Vegetius,

789 2463 829 2493 ad
843 2463 886 2494 iii.
905 2467 952 2494 15.
971 2467 1018 2495 12.
1032 2474 1127 2505 quem
1141 2462 1293 2493 consulas.
1329 2458 1441 2490 Rarior
1453 2466 1513 2485 vox

788 2515 953 2555 defundere
964 2515 1078 2555 saepius
1088 2521 1133 2545 est
1144 2515 1241 2555 ejecta
1250 2511 1426 2546 usitatiore;
1438 2518 1512 2538 con-

788 2567 920 2597 trarium
942 2576 1014 2597 vero
1036 2567 1158 2597 videtur
1184 2564 1331 2596 accidisse
1351 2562 1372 2593 J
1376 2558 1510 2596 uvenali,

788 2625 842 2649 sat.
857 2619 901 2649 iii.
917 2621 989 2649 227.
1004 2619 1030 2649 si
1044 2624 1125 2649 recte
1140 2617 1277 2647 videam:

818 2691 948 2716 Hortulus
959 2691 1028 2722 heic,
1039 2694 1190 2723 puteusque
1201 2688 1298 2717 brevis,
1309 2694 1360 2712 nec
1370 2688 1440 2711 reste
1449 2689 1507 2709 mo-

909 2731 1022 2761 vendus,

817 2773 847 2796 In
859 2771 946 2796 tenuis
957 2771 1061 2802 plantas
1072 2770 1144 2796 facili
1154 2770 1304 2802 defunditur
1313 2770 1425 2793 haustu:

783 2845 858 2865 nam
872 2834 974 2865 multo
987 2835 1162 2875 elegantius
1184 2840 1214 2864 et
1241 2829 1504 2863 accommodatius

783 2886 828 2916 rei
854 2886 948 2916 fuerit
970 2900 1003 2917 το
1025 2884 1230 2926 (leffrmtlilum
1256 2884 1304 2914 vel
1327 2886 1349 2901 “
1365 2881 1504 2920 undique

786 2940 807 2955 “
824 2937 944 2976 seritur,
971 2948 1006 2968 ac
1032 2937 1093 2968 late
1115 2936 1302 2976 dispergitur
1318 2944 1370 2976 per
1384 2931 1502 2973 planta—

735 3004 795 3034 125
