1912 3292
813 185 873 234 T.
917 184 1296 236 LUCRETII

452 318 526 370 At,
547 332 849 375 quaequomque
869 327 1025 375 queunt
1045 318 1297 368 conturbari,
1318 318 1443 374 inque
1461 318 1609 374 pediri‚

454 393 714 450 Significant,
735 393 872 449 paullo
892 394 924 435 si
944 394 1088 435 durior
1106 393 1325 434 insinuarit

338 471 419 507 485
453 466 625 518 Caussa,
645 467 733 509 fore
752 477 799 510 ut
817 477 1003 525 pereant,
1025 483 1114 509 aevo
1133 468 1294 523 privata
1311 467 1463 509 futuro,

510 541 626 590 Quin
648 542 787 592 etiam,
809 542 960 593 subito,
982 543 1020 583 vi
1042 541 1176 583 morbi
1197 555 1306 596 saepe
1325 549 1508 590 coactus,

453 615 566 657 Ante
587 615 725 657 oculos
746 616 889 672 aliquis
909 623 1086 666 nostros,
1109 624 1155 656 ut
1174 614 1353 656 fulminis
1373 615 1472 664 ictu,

454 689 664 739 Concidit,
687 698 728 730 et
748 704 913 744 spumas
933 690 1037 747 agit3
1070 689 1257 746 ingemit,
1280 696 1321 729 et
1340 688 1479 729 tremit
1498 695 1629 738 artus;

351 849 424 881 Ver.
440 854 512 882 481.
541 853 627 887 Quur
651 865 687 885 ea
714 861 802 886 sunt:
828 855 865 886 L.
883 855 932 887 M.
957 858 1037 888 Cur-

305 903 448 939 bascunt‚-
475 908 511 933 Δ.
543 907 751 943 Οιινυαεσιιηις
775 907 795 936 i.
812 917 840 937 e.
867 907 906 937 ad
933 917 1038 938 amus-

305 953 377 992 sim,
393 955 525 985 delirant
533 969 543 990 ,·
562 955 632 986 vide
647 966 716 994 nos,
731 956 771 986 ad
786 966 848 987 ver.
862 960 933 988 454.
959 959 1037 988 Cur-

303 1016 396 1042 vesw,
420 1013 452 1035 et
466 1007 651 1046 inem-vesco,
671 1007 739 1048 jam
755 1013 830 1038 nota
845 1014 929 1046 sunt,
946 1014 1039 1050 atque

304 1055 339 1085 in
361 1056 467 1086 lexicis
483 1057 619 1088 condita.
666 1058 747 1088 Sane
769 1059 834 1089 veri
856 1059 1036 1090 similitudi-

303 1117 379 1137 nem
393 1117 457 1146 prae
479 1118 512 1138 se
536 1108 595 1138 fert
617 1110 685 1139 haec
702 1109 805 1148 lectio,
831 1121 931 1152 quum
947 1121 1041 1151 supra

304 1164 433 1198 captum
458 1159 658 1191 librariorum
687 1171 849 1202 assurgere
877 1162 1041 1200 videatur;

304 1221 416 1242 verum
441 1218 547 1243 tamen
566 1213 672 1252 paullo
697 1214 877 1254 impeditior
903 1215 978 1246 hinc
1003 1215 1039 1246 fit

305 1264 508 1302 constructio,
547 1275 617 1306 quae
647 1276 721 1296 cum
750 1266 858 1297 nostra
887 1267 1040 1307 scriptura

305 1314 535 1354 simplicissima
551 1323 609 1347 cst:
637 1327 695 1347 nec
710 1317 802 1348 facile
817 1318 980 1359 dijudiceS,
999 1329 1036 1349 u-

307 1372 392 1396 trum
410 1368 600 1407 probabilius
613 1369 664 1408 sit,
688 1369 721 1400 in
737 1370 907 1401 dictionem
931 1370 1040 1412 exqui-

306 1418 490 1450 sitissimam
513 1421 628 1451 scribas
649 1427 774 1452 tantum
796 1432 861 1453 non
884 1422 1040 1462 incidisse,

304 1480 345 1500 an
367 1471 622 1504 emendationem
637 1485 835 1515 summopere
849 1474 1037 1516 elegantem,

303 1522 405 1563 qualis
420 1531 502 1555 certe
518 1525 598 1556 foret
615 1528 682 1558 Cur
697 1538 732 1558 ea
749 1534 833 1566 sunt,
849 1538 886 1558 ex
905 1530 1037 1559 Carbas-

303 1581 390 1613 cunt,
417 1585 470 1606 eos
494 1587 551 1607 suo
576 1578 681 1609 Marte
711 1578 880 1610 excudisse.
927 1579 1039 1611 Obstat

304 1627 423 1659 interea
435 1629 668 1670 aliquantulum
683 1646 724 1672 τῳ
738 1635 942 1670 Curvascuvzt,
954 1634 1039 1674 quod

303 1677 406 1710 altum
420 1679 461 1710 sit
475 1680 514 1711 de
537 1692 575 1712 eo
592 1682 753 1713 silentium
775 1684 808 1714 in
832 1684 972 1725 reliquiis
987 1695 1038 1716 ve·

303 1734 408 1761 terum
424 1734 714 1772 grammaticorum.
759 1735 833 1765 Hoc
848 1736 944 1766 etiam
959 1735 1038 1777 adji-

304 1782 453 1814 ciendum
479 1790 541 1822 est3
565 1785 591 1815 si
610 1796 666 1826 pro
691 1786 832 1827 genuina
856 1798 955 1818 manu
969 1787 1037 1818 Lu-

305 1835 395 1864 cretii
419 1835 478 1866 ista
504 1847 563 1867 vox
578 1838 754 1877 habebitur,
782 1840 914 1870 omnino
929 1839 1036 1881 legen-

305 1885 384 1916 dum
401 1887 459 1917 erit
473 1887 505 1917 in
522 1898 581 1918 ver.
598 1891 670 1920 475.
686 1901 767 1929 quur
781 1892 951 1921 hominem:
969 1902 1040 1932 quae

304 1942 414 1967 tamen
429 1937 531 1974 lectio,
554 1938 626 1969 mea
641 1939 802 1979 opinione,
829 1950 957 1971 sensum
971 1951 1038 1972 ma-

305 1988 356 2030 gis
370 1988 533 2030 vulgarem
549 1991 639 2030 sapit,
656 1997 687 2021 et
697 2002 762 2031 prae
775 1991 910 2023 admissa
921 1992 953 2022 in
965 2003 1039 2023 con-

305 2045 429 2071 textum
444 2041 533 2072 valde
553 2043 665 2074 sordet.
712 2043 795 2074 Suus
810 2049 916 2074 autem
931 2051 1041 2085 gustus

306 2092 479 2133 unicuique
494 2093 714 2125 concedendus
730 2101 787 2133 est,
802 2102 834 2126 et
848 2106 900 2126 me
915 2106 1039 2136 exspec-

306 2148 375 2173 tant
396 2143 723 2185 insequentia—viri:
749 2146 792 2177 sic
812 2147 850 2178 P.
876 2147 975 2186 solus;
999 2149 1040 2180 V.

306 2193 355 2224 ed.
382 2197 459 2231 υἱυί,-
483 2195 596 2236 reliqui
622 2207 743 2235 omnes,
767 2200 841 2229 vini.
889 2198 950 2230 Sed
973 2210 1040 2238 spe-

305 2244 513 2277 ciosissimam
533 2247 621 2287 rapio
642 2248 823 2279 varietatem
848 2249 1040 2289 laetissimus;

307 2297 342 2327 in
362 2297 425 2339 qua
437 2299 662 2330 Lucretianam
688 2300 829 2331 indolem
856 2303 960 2332 statim
985 2313 1041 2344 ag-

305 2359 424 2385 nosces,
447 2350 590 2389 perlectis
609 2351 931 2383 animadversionibus
964 2354 1043 2384 meis

307 2401 389 2432 inii.
406 2404 478 2433 852.
527 2403 602 2434 Non
626 2410 692 2434 erat
714 2404 868 2435 nimirum
883 2405 1041 2436 somnicu-

307 2452 450 2484 losorum
465 2455 638 2486 scribarum
660 2461 727 2487 tam
744 2456 876 2487 feliciter
890 2458 1040 2489 aberrare.

311 2503 464 2536 Conferas
478 2505 608 2546 insuper
621 2507 766 2546 inferius,
786 2519 846 2539 ver.
863 2511 935 2540 500.

352 2563 426 2595 Ver.
441 2569 514 2596 482.
543 2568 747 2599 Conturbare:
777 2567 814 2598 V.
838 2568 885 2599 ed.
915 2571 1042 2600 Contra-

310 2616 591 2648 hera—animam.-
621 2617 662 2650 Ο.
691 2621 840 2650 animum.
887 2620 966 2650 Mox
999 2627 1041 2651 Π.

306 2666 404 2706 vique,
430 2666 499 2697 loco
525 2670 634 2708 inque;
678 2680 734 2709 per
759 2677 942 2702 consuetam
969 2682 1041 2712 pro-

310 2726 449 2758 namque
464 2720 702 2753 aberrationem.

352 2775 428 2806 Ver.
444 2780 516 2807 483.
542 2778 691 2810 Similiter
713 2781 851 2822 disputat
869 2783 1042 2822 Arnoffius,

308 2827 362 2858 lib.
377 2827 398 2858 i.
417 2838 448 2868 p.
463 2832 510 2859 11.
535 2833 557 2848 “
575 2830 640 2861 Ubi
656 2833 756 2871 passio
773 2835 830 2865 sita
844 2841 903 2873 est,
919 2841 1043 2875 pertur-

265 2891 268 2894 >
310 2881 332 2896 “
347 2879 508 2911 bationem
534 2887 781 2915 consentaneum
805 2891 850 2916 est
871 2886 1037 2927 consequi:

1084 858 1106 874 “
1122 855 1176 885 ubi
1199 854 1389 894 perturbatio
1411 859 1467 891 est,
1494 853 1536 883 ibi
1551 852 1641 884 dolor
1661 857 1694 882 et
1717 853 1809 893 aegri-

1082 909 1105 924 “
1122 907 1199 937 tudo
1214 913 1272 937 est:
1299 907 1353 937 ubi
1368 906 1457 937 dolor
1468 911 1499 936 et
1513 904 1668 946 aegritudo
1682 910 1740 943 est,
1750 904 1811 934 im-

1083 961 1106 976 “
1122 959 1291 988 minutioni
1306 964 1338 988 et
1357 957 1548 997 corruptioni
1559 957 1627 998 jam
1643 957 1730 987 locus
1745 962 1807 987 est:

1083 1011 1105 1027 ‘⁴
1121 1018 1191 1048 quae
1206 1008 1271 1039 duo
1285 1009 1311 1039 si
1326 1015 1450 1048 vexant,
1467 1008 1554 1039 adest
1568 1008 1688 1039 vicinus
1703 1007 1811 1038 interi-

1083 1062 1105 1078 “
1122 1065 1183 1096 tus,
1198 1070 1282 1090 mors
1297 1061 1404 1090 omnia
1419 1060 1542 1096 finiens,
1563 1066 1595 1091 et
1608 1060 1730 1091 cunctis
1744 1058 1811 1090 adi-

1083 1114 1106 1130 “
1123 1121 1213 1141 mens
1234 1111 1440 1142 sentientibus
1460 1112 1582 1143 vitam.'’

1083 1162 1236 1193 illustrata
1259 1169 1333 1194 sunt.
1354 1163 1601 1200 Elmenhorstio,
1626 1163 1811 1194 Lucretium

1083 1213 1202 1244 interea
1216 1224 1281 1245 non
1295 1214 1562 1254 praetermittente.
1807 1211 1810 1216 ’

1125 1264 1201 1295 Ver.
1216 1268 1290 1295 484.
1316 1267 1487 1296 insinuarit
1506 1268 1630 1297 Caussa.
1664 1265 1814 1296 Similiter

1081 1315 1176 1346 etiam
1194 1315 1348 1356 Virgilius
1363 1316 1498 1347 solitarie
1512 1322 1606 1358 atque
1620 1316 1815 1347 intransitive

1085 1367 1144 1396 hoc
1167 1367 1298 1397 verbum
1313 1367 1429 1406 posuit,
1454 1367 1723 1408 quemadmodum
1742 1377 1815 1407 per-

1084 1423 1181 1457 petuo
1195 1417 1313 1459 gaudet
1327 1418 1361 1448 in
1377 1418 1486 1449 multis
1501 1424 1616 1457 noster,
1631 1418 1671 1449 ad
1687 1419 1763 1449 AEn.
1778 1417 1813 1449 ii.

1086 1473 1158 1502 229.
1191 1470 1375 1501 Lucretium
1398 1470 1550 1509 imitatus,
1573 1470 1613 1501 ad
1635 1481 1663 1502 v.
1687 1473 1737 1502 74.
1761 1469 1814 1501 ubi

1081 1527 1189 1552 notam
1204 1521 1335 1561 inspice:

1080 1601 1156 1625 'rum
1166 1608 1232 1626 vero
1244 1600 1407 1626 tremefacta
1417 1607 1504 1626 novus
1514 1607 1562 1634 per
1573 1604 1682 1632 pectora
1692 1599 1798 1626 cunctis

1083 1641 1202 1666 Insinuat
1211 1646 1342 1675 pavor—.

1084 1710 1106 1726 “
1123 1707 1188 1738 Pro
1203 1709 1394 1739 insinuatur.
1441 1708 1583 1745 Clodius,
1610 1709 1710 1739 scriba
1729 1718 1814 1751 com7

1082 1761 1105 1777 “
1121 1760 1361 1790 mentm-iorum:
1393 1761 1552 1791 Insinuem
1576 1759 1660 1790 intro
1675 1769 1744 1790 eam
1759 1769 1814 1799 pe-

1083 1814 1105 1829 “
1121 1810 1239 1841 nitus.'’
1286 1811 1428 1842 Servius:
1454 1812 1509 1842 ubi
1532 1817 1638 1842 tamen
1660 1821 1698 1842 ex
1713 1811 1814 1842 diver-

1084 1862 1125 1893 sis
1139 1861 1325 1893 lectionibus
1336 1863 1571 1894 rescribendum
1582 1870 1706 1904 putem:
1727 1868 1746 1882 “
1756 1865 1815 1895 In-

1085 1923 1104 1935 “
1119 1920 1218 1954 sinuo,
1234 1924 1261 1949 et
1278 1921 1358 1949 intro
1375 1929 1456 1954 eam,
1474 1919 1628 1958 penitus”

1127 1968 1202 1998 Ver.
1218 1972 1290 1999 486.
1321 1971 1421 2003 Quin:
1447 1970 1489 2000 V.
1506 1969 1553 2000 ed.
1571 1976 1610 2001 11.
1632 1972 1816 2005 Quando.—

1083 2020 1197 2050 subito:
1222 2020 1266 2050 sic
1281 2020 1396 2051 melius
1412 2021 1446 2051 P.
1463 2021 1505 2052 V.
1521 2021 1568 2052 cd.
1593 2022 1631 2053 B.
1646 2022 1685 2053 L.
1704 2023 1751 2053 M.
1769 2028 1818 2054 Ω.

1084 2077 1120 2102 ut
1133 2071 1241 2102 redeat
1255 2081 1313 2102 vox
1329 2071 1370 2102 ad
1381 2074 1526 2109 concidit,
1541 2075 1640 2115 αι’ροως
1657 2085 1816 2105 naumur-

1086 2137 1137 2154 τω.
1181 2123 1300 2164 Vulgo,
1315 2122 1425 2154 subita.

1086 2174 1198 2212 Porro,
1215 2174 1374 2215 insignem
1391 2174 1441 2205 hic
1457 2175 1609 2206 habemus
1622 2181 1715 2216 atque
1726 2175 1816 2206 Iucu·

1084 2225 1203 2256 lentam
1219 2236 1294 2256 sane
1319 2226 1420 2256 morbi
1447 2225 1611 2256 comitialis
1633 2226 1815 2266 descriptio-

1086 2287 1176 2314 nem;
1199 2277 1238 2307 de
1253 2276 1316 2318 qua
1341 2287 1399 2307 nos
1425 2277 1580 2308 nonnulla
1604 2287 1704 2319 nuper
1728 2277 1816 2309 dedi-

1087 2338 1170 2367 muS,
1185 2328 1224 2359 ad
1242 2328 1316 2359 silv.
1335 2329 1411 2360 Crit.
1427 2339 1455 2360 v.
1470 2340 1502 2369 p.
1520 2332 1570 2362 55.

1130 2390 1205 2420 Ver.
1221 2393 1295 2421 487.
1319 2396 1352 2420 ut
1364 2390 1516 2430 fulminis
1532 2392 1614 2422 ictu.-
1640 2391 1676 2425 ὣς
1693 2403 1713 2422 u
1733 2392 1815 2430 εμέε·

1088 2445 1274 2486 epora-„pem
1321 2443 1451 2474 Rectius
1486 2443 1679 2486 distinguam
1711 2443 1816 2474 Ovidii

1087 2495 1205 2534 locum,
1231 2495 1271 2526 ad
1289 2495 1358 2526 Liv.
1377 2499 1425 2527 11.
1448 2496 1512 2537 qui,
1538 2502 1575 2527 ut
1600 2505 1686 2526 nunc
1701 2495 1817 2534 editur,

1085 2547 1218 2578 omuino
1233 2546 1439 2590 απροςδιονυσος
1466 2554 1521 2585 est,
1549 2554 1582 2578 et
1605 2547 1704 2578 mensi
1718 2547 1818 2587 po'dtae

1085 2599 1190 2641 palam
1205 2600 1402 2631 contradicit:

1149 2675 1253 2701 Scilicet
1266 2676 1368 2708 exiguo
1379 2682 1503 2708 percussa
1513 2682 1540 2701 es
1548 2675 1672 2707 fulminis
1682 2676 1745 2705 ictu,

1180 2716 1285 2741 Fortior
1296 2720 1326 2741 ut
1338 2717 1419 2748 possis
1428 2715 1548 2741 cladibus
1558 2722 1613 2741 ense
1622 2714 1690 2740 tuis?

1086 2784 1105 2814 i.
1122 2793 1148 2814 e.
1165 2787 1187 2802 “
1201 2784 1346 2816 Hoccinc
1361 2785 1487 2815 audebit
1501 2785 1666 2826 quisquam
1682 2782 1816 2815 dicere?''

1086 2835 1173 2866 -In
1189 2842 1338 2878 sequente
1352 2847 1452 2872 versu,
1465 2846 1525 2867 vox
1535 2837 1662 2876 ingemit
1679 2834 1763 2865 deest
1777 2839 1819 2864 Π.

1089 2887 1259 2927 Caeterum‚
1309 2887 1502 2928 Hesychius,
1548 2888 1817 2928 Εμέεέροντημενος·

1627 1112 1708 1148 Quae
1722 1111 1814 1142 docte
1851 1115 1866 1126 ”
